2034 3334
945 377 1030 417 228

195 506 247 545 de
274 515 352 544 suo
379 503 572 555 fingere?
598 504 714 544 Nihil
740 504 822 555 hic,
847 504 897 543 ut
922 503 1083 554 opinor,
1111 502 1276 543 faciunt
1301 503 1420 553 leges
1440 504 1767 554 grammaticae.

195 582 289 622 Non
331 582 448 621 enim
488 582 714 631 poetarum
756 580 932 620 domina
972 580 1040 619 est
1080 579 1368 628 grammatica
1397 580 1472 620 sed
1505 580 1600 630 ipsa
1628 581 1769 631 poetis

193 658 342 699 servit.
391 659 650 698 Perversum
697 657 842 706 itaque
889 657 957 695 eet
997 656 1115 695 locos
1155 655 1296 705 qualis
1337 655 1408 696 hic
1449 658 1516 697 eet
1557 657 1770 698 eiusmodi

193 734 566 775 observationibus
597 733 827 783 illustrare,
862 732 1016 781 quibus
1048 731 1101 771 ad
1128 731 1299 781 aliquod
1325 732 1639 782 grammaticae
1664 732 1767 774 rele-

191 822 347 861 gamur
378 812 518 861 caput,
552 809 623 849 vel
654 809 708 849 ad
740 819 814 849 eos
845 809 1075 848 annotare:
1113 808 1201 858 „sic
1228 808 1446 848 interdum
1474 811 1596 859 (raro,
1624 812 1768 860 saepe)

190 887 348 937 legitur
379 887 491 937 apud
523 886 724 935 antiquos
754 885 948 935 poetas.”
981 883 1143 924 Verum
1176 885 1265 923 est:
1297 883 1510 924 eiusmodi
1538 884 1769 925 verborum

190 964 388 1003 ubertate
433 964 616 1003 utuntur
656 962 729 1011 qui
770 960 1075 1001 vehementius
1117 959 1325 1000 commoti
1367 960 1546 1000 intimos
1586 961 1769 1002 affectus

191 1039 327 1079 animi
367 1039 602 1089 proferunt.
645 1038 699 1077 Et
738 1037 808 1077 hio
844 1036 1015 1086 quidem
1050 1046 1187 1075 senex
1218 1037 1367 1075 noster
1399 1036 1474 1076 illa
1503 1037 1768 1078 verbositate

188 1114 406 1166 significat
446 1115 619 1165 penitus
661 1114 742 1153 sibi
786 1113 858 1153 illo
895 1113 1070 1162 quidem
1102 1114 1297 1161 tempore
1330 1112 1382 1152 de
1413 1111 1491 1152 filii
1522 1112 1770 1154 innocentia

188 1192 323 1232 fuisse
354 1201 624 1242 persuasum,
658 1201 791 1239 seque
822 1189 935 1229 dulci
967 1189 1155 1238 quodam
1188 1188 1438 1228 securitatis
1469 1199 1602 1229 sensu
1632 1189 1769 1230 misse

187 1269 424 1319 perfusum,
453 1278 553 1308 cum
581 1267 644 1307 sic
671 1266 861 1316 quotidie
888 1266 985 1305 illos
1014 1265 1215 1305 homines
1243 1266 1472 1305 narrantes
1499 1265 1681 1305 audiret.
1708 1266 1770 1306 At

188 1345 294 1385 Eun.
341 1355 407 1384 vs.
456 1345 542 1385 549
589 1343 806 1383 Chaereae
851 1342 984 1381 verba
1030 1351 1188 1381 nemo
1237 1340 1464 1380 homost
1503 1341 1765 1393 tribuuntur,

188 1421 394 1470 quoniam
435 1431 521 1460 non
557 1420 728 1470 poterat
759 1418 843 1458 alio
874 1418 1003 1458 modo
1035 1417 1180 1467 aptius
1212 1417 1306 1456 eius
1338 1417 1576 1466 indignatio
1607 1416 1767 1468 signifi-
1851 1408 1875 1446 s

188 1498 276 1537 cari
307 1497 419 1547 quod
450 1507 565 1536 nunc
596 1506 696 1535 cum
728 1505 822 1535 rem
858 1494 1151 1534 laetissimam
1185 1504 1360 1534 narrare
1387 1494 1548 1544 gestiat
1574 1494 1767 1535 amicum
1846 1520 1849 1522 -

188 1573 425 1623 conspiciat
455 1572 638 1612 nullum.

247 1650 369 1689 Idem
401 1648 592 1689 Chaerea
623 1648 667 1687 in
699 1647 852 1687 eadem
882 1646 1029 1686 fabula
1061 1648 1140 1692 (vs.
1177 1646 1304 1691 1032)
1338 1645 1579 1686 exclamat:

367 1725 400 1765 Ο
432 1725 660 1775 populares
692 1724 839 1773 ecquis
870 1733 942 1763 me
974 1722 1100 1762 hodie
1131 1722 1242 1762 vivit
1273 1722 1565 1762 fortunatior?

369 1803 506 1842 Nemo
537 1801 680 1842 hercle
712 1801 956 1850 quisquam.

191 1879 255 1919 Ibi
297 1881 445 1919 autem
487 1878 591 1918 illud
633 1887 790 1918 nemo
827 1876 1032 1925 quisqu
1045 1886 1127 1915 am
1161 1875 1668 1916 accommodatissimum
1699 1877 1768 1917 est

192 1956 358 1995 homini
389 1956 462 2004 qui
493 1965 595 2004 prae
626 1954 782 2004 gaudio
814 1953 891 1992 vix
922 1952 1117 1992 inveniat
1151 1952 1263 2000 quod
1295 1951 1422 1991 dicat.

254 2033 303 2071 In
335 2031 515 2081 Adelph.
549 2030 751 2080 Ctesipho
784 2040 883 2069 cum
915 2028 1018 2068 dicit
1052 2031 1130 2075 (vs.
1166 2028 1250 2068 258
1284 2030 1388 2076 sq.):

371 2108 522 2156 Itaque
553 2117 686 2146 unam
718 2106 831 2145 hanc
861 2115 954 2145 rem
986 2115 1058 2144 me
1089 2104 1247 2144 habere
1278 2105 1448 2153 praeter
1474 2103 1582 2144 alios
1607 2105 1765 2154 91·ωοί-

1347 2182 1493 2229 [puam
1524 2179 1708 2220 arbitror

371 2260 569 2299 Fratrem
611 2258 778 2298 homini
818 2256 983 2297 nemini
1024 2266 1120 2296 esse
1161 2256 1400 2305 primarum
1431 2257 1592 2296 artium
1622 2255 1766 2306 magis

1453 2332 1706 2382 [principem
1800 2332 1803 2334 ’

195 2413 254 2452 nil
286 2412 417 2452 habet
447 2421 531 2460 quo
562 2410 720 2450 melius
752 2420 883 2459 quam
914 2409 1058 2448 verbis
1089 2408 1304 2447 homini
1331 2409 1543 2448 nemini
1569 2418 1764 2449 amorem

194 2500 323 2528 suum
356 2498 457 2537 erga
489 2487 703 2536 optimum
734 2486 916 2526 fratrem
946 2483 1172 2534 significet.

255 2565 304 2603 In
344 2565 515 2612 Hecyra
552 2566 630 2609 (vs.
665 2563 764 2608 280)
796 2561 1050 2610 Pamphilus

373 2639 545 2679 Nemini
587 2649 665 2688 ego
706 2638 829 2687 plura
865 2647 960 2676 esse
993 2636 1146 2676 acerba
1177 2635 1301 2675 credo
1333 2646 1388 2675 ex
1419 2645 1566 2675 amore
1596 2635 1763 2675 homini

1322 2713 1529 2760 [unquam
1560 2710 1705 2751 oblata

373 2791 511 2841 Quam
540 2790 651 2830 mihi

194 2870 276 2916 ait3
324 2868 395 2906 ubi
439 2867 541 2905 illud
584 2866 798 2905 nemini
840 2864 1053 2904 homini
1094 2864 1247 2912 sponte
1289 2873 1345 2902 ex
1385 2862 1531 2902 animo
1572 2861 1761 2900 miseriis

194 2945 318 2993 plane
351 2943 508 2982 afflicto
541 2943 673 2981 fluere
705 2942 887 2980 videtur.
