2034 3334
997 410 1083 450 210

253 538 474 577 Menandri
506 548 663 578 nervos
695 537 747 577 ab
780 547 830 577 eo
863 547 959 576 esse
990 536 1198 576 infractos
1219 531 1260 582 ¹).
1294 536 1520 578 Mittamus
1551 538 1664 579 hanc
1688 548 1827 589 repre·

253 614 507 653 hensionem
539 615 583 654 et
614 624 745 653 suum
776 613 947 662 utrique
979 612 1275 662 relinquamus
1306 612 1525 654 iudicium.
1555 614 1637 654 Sed
1663 615 1829 655 certam

251 701 345 730 rem
387 691 510 731 nobis
551 691 750 731 tradunt:
793 700 879 730 non
915 690 1045 729 anxie
1076 689 1288 739 pressisse
1319 689 1570 730 Terentium
1601 692 1829 732 auctorum

251 777 430 807 suorum
462 767 661 818 vestigia,
695 777 781 807 non
813 766 950 806 nimia
981 765 1205 815 diligentia
1230 775 1380 805 eorum
1408 766 1618 807 vocabula
1643 767 1829 809 vertisse

249 844 415 884 Latine.
463 843 517 883 Et
562 843 711 883 dicunt
757 842 931 892 quidem
978 842 1060 881 viri
1102 841 1228 891 docti,
1272 841 1477 890 quoniam
1518 842 1725 892 perierint
1754 843 1830 884 illa

249 921 451 971 exempla
481 912 648 970 graeca,
682 920 804 959 nobis
836 920 926 959 iam
952 929 1037 958 non
1065 919 1258 958 statuere
1285 918 1413 959 licere
1440 921 1603 968 quanta
1627 920 1828 961 libertate

248 998 293 1037 in
332 998 540 1037 vertendo
581 1007 688 1036 usus
729 997 787 1036 sit
829 995 1068 1046 Terentius,
1102 995 1178 1035 sed
1210 995 1323 1035 inter
1353 996 1483 1046 locos,
1517 996 1591 1046 qui
1622 997 1667 1037 in
1698 1007 1826 1039 anno-

247 1074 484 1114 tationibus
530 1075 583 1114 ad
625 1074 843 1123 Hecyram
886 1083 941 1113 ex
982 1072 1230 1122 Apollodori
1271 1072 1443 1122 Hecyra
1479 1073 1681 1125 citantur,
1714 1083 1828 1115 unus

247 1151 315 1190 est
361 1150 434 1200 qui
481 1150 650 1199 egregie
696 1160 790 1189 rem
833 1149 1033 1188 illustret.
1077 1148 1127 1187 In
1164 1148 1335 1197 Hecyra
1365 1148 1430 1187 III
1461 1159 1521 1189 sc.
1554 1150 1581 1189 4
1613 1149 1828 1191 Parmeno

246 1227 510 1276 ablegandus
558 1227 647 1266 est:
696 1236 766 1266 res
803 1225 921 1265 enim
968 1225 1270 1274 inexspectata
1320 1224 1489 1275 accidit,
1538 1225 1662 1266 cuius
1702 1225 1827 1267 illum

246 1305 408 1344 testem
450 1313 546 1342 esse
588 1303 719 1342 herus
762 1303 856 1342 eius
897 1301 1152 1352 Pamphilus
1194 1301 1379 1340 minime
1410 1301 1529 1341 velit.
1562 1301 1672 1352 Ergo
1702 1301 1828 1343 Pam-

247 1382 391 1432 philus
432 1380 593 1430 fingere
636 1380 827 1430 aliquam
868 1390 962 1419 rem
1004 1379 1132 1419 debet
1170 1379 1292 1418 cuius
1324 1389 1455 1419 causa
1486 1389 1587 1419 eum
1618 1379 1824 1420 dimittat.

246 1457 483 1498 Videamus
514 1467 629 1496 nunc
659 1466 813 1496 versus
849 1457 900 1496 17
924 1477 974 1483 —-
997 1456 1067 1496 27.

410 1533 533 1573 Pam.
568 1533 617 1572 In
659 1543 804 1573 arcem
845 1534 1095 1572 transcurso
1128 1541 1235 1581 opus
1270 1533 1349 1571 est.
1382 1531 1484 1572 Par.
1517 1531 1596 1572 Cui
1626 1531 1826 1572 homini?

1486 1607 1623 1655 [Pam.
1656 1607 1763 1648 Tibi.

410 1685 512 1726 Par.
569 1685 620 1724 In
652 1695 810 1734 arcem,
844 1684 945 1733 quid
977 1685 1060 1723 eo?
1091 1683 1214 1724 Pam.
1249 1683 1575 1723 Callidemidem
1606 1683 1826 1734 hospitem

571 1761 830 1811 Myconium,
864 1760 937 1809 qui
968 1770 1143 1799 mecum
1174 1770 1262 1799 una
1294 1760 1533 1810 advectust,
1568 1760 1763 1800 conveni.

308 1840 376 1878 20.
411 1838 511 1878 Par.
569 1837 694 1887 Perii,
728 1837 902 1876 vovisse
934 1837 1049 1876 hunc
1081 1836 1236 1886 dicam,
1270 1836 1308 1875 si
1339 1836 1486 1876 salvos
1518 1836 1696 1876 domum

571 1913 772 1952 Redisset
802 1922 1008 1962 unquam,
1042 1913 1092 1951 ut
1123 1922 1194 1952 me
1227 1912 1487 1951 ambulando
1518 1913 1752 1962 rumperet.

413 1990 535 2030 Pam.
569 1989 676 2039 Quid
709 1989 887 2028 cessas?
919 1987 1020 2028 Par.
1055 1987 1162 2037 Quid
1193 1988 1262 2027 vis
1293 1988 1447 2039 dicam,
1481 1998 1537 2028 an
1568 1987 1824 2028 conveniam
1868 1993 1870 1995 ’

1589 2062 1766 2111 [modo?

413 2141 534 2181 Pam.
573 2142 728 2191 Immo,
762 2141 873 2189 quod
906 2140 1113 2180 constitui
1143 2140 1269 2180 hodie
1301 2141 1616 2180 conventurum
1647 2150 1750 2183 eum

574 2218 669 2257 Non
699 2227 839 2266 posse,
873 2227 927 2255 ne
958 2227 1029 2255 me
1061 2216 1223 2255 frustra
1253 2216 1316 2255 illi
1348 2217 1598 2266 exspectet;
1629 2216 1742 2257 vola.

313 2296 381 2334 25.
415 2294 515 2334 Par.
575 2295 633 2333 At
663 2304 750 2333 non
781 2292 882 2332 novi
914 2292 1105 2331 hominis
1136 2292 1306 2331 faciem.
1340 2292 1462 2331 Pam.
1495 2292 1554 2332 At
1583 2291 1743 2332 faciam

1541 2369 1606 2416 [ut
1634 2367 1820 2408 noveris.

574 2448 767 2498 Magnus,
801 2445 1076 2494 rubicundus,
1110 2444 1289 2494 crispuS,
1324 2454 1510 2494 craSSUS‚
1539 2443 1720 2494 caesius,

571 2523 843 2563 Cadaverosa
871 2522 996 2562 facie.

252 2602 332 2640 Pro
380 2601 627 2649 crispus,
677 2599 789 2648 quod
834 2608 964 2637 versu
1012 2597 1066 2636 26
1113 2596 1282 2646 legitur,
1331 2595 1614 2645 Apollodorus
1645 2596 1822 2636 dederat

251 2676 466 2726 φαλακρός,
496 2676 558 2715 rei
589 2677 633 2714 et
663 2675 838 2714 veritati
864 2673 1180 2722 convenienter,
1209 2672 1413 2721 quoniam
1440 2672 1625 2720 Myconii
1650 2671 1820 2711 soleant

289 2888 312 2920 ¹)
331 2886 480 2921 Respicit
508 2885 569 2913 hoc
589 2884 748 2913 iudicium
771 2883 957 2912 Scholiasta
979 2883 1019 2912 ad
1040 2882 1125 2912 Prol.
1145 2881 1357 2911 Phormionis
1374 2888 1425 2910 vs.
1444 2882 1462 2909 5
1482 2881 1666 2910 annotans:
1683 2886 1818 2917 „revera

253 2940 368 2967 autem
397 2937 458 2965 hoc
486 2937 628 2965 deterior
647 2936 826 2964 Menandro
846 2935 1020 2964 Terentius
1039 2935 1249 2963 indicabatur
1268 2933 1353 2968 quod
1372 2934 1486 2962 minus
1506 2932 1643 2962 sublimi
1667 2932 1817 2962 oratione

254 2990 429 3018 uteretur.”
