2034 3334
1041 389 1099 431 48

374 516 508 561 Putes
540 517 592 560 de
620 516 769 573 aliquo
796 516 992 572 heroum,
1021 515 1098 571 qui
1122 514 1285 571 primas
1310 514 1356 556 in
1374 512 1510 556 Iliade
1526 513 1660 570 egerit
1674 515 1833 569 partes,

315 607 557 638 sermonem
600 606 705 637 esse.
750 593 821 636 Ad
864 605 994 650 quem
1027 604 1146 635 nunc
1179 594 1244 634 est
1274 589 1624 634 transeundum?
1658 588 1831 633 Scilicet

315 671 370 714 ad
416 670 665 715 Merionen:
708 670 779 713 hic
821 670 938 713 enim
971 682 1071 712 cum
1105 667 1337 711 utilissima
1367 667 1470 709 huic
1498 666 1594 709 loco
1625 667 1834 709 coniunc»

315 749 433 791 tione
475 760 700 804 quoque
743 747 914 803 egregie
948 758 1124 790 versum
1157 743 1358 802 explebit.
1391 742 1480 786 Diu
1509 746 1607 800 post
1637 743 1833 800 aurigam

315 825 463 869 tardus
509 825 672 868 incedit
716 822 970 878 Diomedes,
1019 836 1075 866 ne
1122 826 1266 866 tamen
1309 821 1613 876 stomachetur,
1654 824 1835 864 ornatur

314 904 504 960 primum
539 902 726 959 epitheto
759 901 961 944 melior
992 904 1176 957 patre,
1209 898 1327 956 quod
1360 911 1623 955 quamquam
1658 897 1712 941 ab
1743 897 1834 941 Ho-

316 992 433 1022 mero
480 982 703 1035 sumptum
751 982 816 1021 est
860 980 1005 1020 tamen
1050 975 1158 1020 οὐδὲν
1201 975 1293 1028 πρὸς
1327 974 1393 1018 τὸν
1426 972 1607 1028 Ὅμηρον
1638 974 1833 1030 videtur;

316 1055 471 1099 deinde
501 1056 669 1112 integra
699 1055 874 1112 stropha

585 1164 723 1217 Quem
755 1169 818 1220 tu,
849 1178 1004 1208 cervus
1038 1165 1105 1207 uti
1136 1163 1262 1206 vallis
1293 1163 1340 1205 in
1373 1162 1507 1205 altera

585 1242 741 1286 Visum
774 1246 894 1299 parte
927 1242 1078 1298 lupum
1112 1239 1322 1297 graminis
1355 1239 1596 1294 immemor,

587 1319 774 1364 Sublimi
804 1319 945 1376 fugies
979 1318 1120 1362 mollis
1153 1316 1359 1372 anhelitu,

709 1396 809 1440 Non
839 1396 922 1439 hoc
954 1395 1172 1452 pollicitus
1202 1397 1316 1449 tuae,

319 1530 405 1574 qua
431 1530 519 1560 non
548 1516 601 1560 de
626 1515 835 1559 Diomede
859 1515 1087 1558 vaticinari
1101 1517 1228 1570 putes
1244 1512 1448 1555 Proteum
1466 1511 1542 1554 sed
1559 1511 1613 1554 de
1629 1509 1836 1566 Menelao,

321 1595 398 1651 qui
443 1607 562 1637 nunc
604 1594 736 1637 miser
767 1592 928 1649 exulat,
963 1592 1167 1648 quoniam
1199 1589 1364 1633 nullam
1399 1590 1439 1632 ei
1471 1588 1614 1632 sedem
1646 1587 1835 1644 relique-

318 1675 422 1715 runt
462 1671 777 1715 commilitones
821 1672 956 1713 metro
998 1668 1240 1712 habiliores.
1273 1666 1354 1710 Sed
1389 1679 1444 1709 ne
1478 1667 1540 1708 sic
1573 1665 1747 1722 quidem
1779 1664 1835 1708 ad

317 1747 446 1792 finem
482 1749 677 1804 pervenit
709 1750 854 1804 poeta:
890 1759 1155 1803 quamquam
1189 1745 1304 1787 enim
1337 1746 1402 1787 sat
1434 1743 1613 1799 longum
1644 1743 1730 1786 iam
1759 1754 1834 1785 ex-

320 1829 404 1868 stat
430 1838 614 1880 carmen,
646 1838 778 1868 unam
809 1823 1028 1880 stropham
1060 1823 1190 1866 etiam
1217 1820 1458 1864 addendam
1486 1832 1580 1863 esse
1597 1819 1835 1862 rectissime

320 1903 549 1959 perspexit.
592 1902 740 1945 Taceri
781 1902 897 1944 enim
939 1899 1061 1943 nullo
1094 1898 1220 1941 modo
1252 1900 1418 1954 poterat
1450 1897 1503 1939 de
1534 1895 1654 1939 urbis
1685 1895 1834 1956 futuro

320 1980 500 2023 excidio.
543 1979 638 2022 Hoc
670 1982 734 2022 est
764 1991 842 2021 cur
873 1978 1051 2020 minime
1083 1989 1183 2018 cum
1217 1974 1514 2030 Peerlkampio
1546 1973 1700 2016 faciam
1734 1972 1835 2015 ulti-

322 2070 432 2099 mam
468 2056 685 2112 stropham
720 2055 890 2110 delenti,
922 2054 998 2098 sed
1028 2052 1229 2096 lubenter
1260 2052 1298 2094 ei
1331 2052 1541 2094 assentior
1571 2050 1687 2093 illam
1716 2061 1836 2106 prae-

321 2133 584 2189 cedentibus,
631 2134 668 2176 si
714 2132 808 2176 fieri
854 2134 1006 2189 potest,
1049 2131 1175 2173 etiam
1209 2141 1302 2172 esse
1336 2129 1603 2184 ineptiorem.
1636 2126 1730 2169 Iam
1761 2125 1833 2169 ab·

322 2211 453 2254 surda
499 2214 564 2253 est
611 2211 844 2253 sententia:
898 2211 1020 2265 „post
1066 2210 1256 2250 certos
1304 2218 1481 2248 annos
1528 2204 1692 2247 Achaei
1736 2204 1837 2260 igne

322 2288 472 2331 urbem
504 2287 747 2343 vastabunt,
775 2300 1036 2343 quamquam
1063 2285 1233 2328 fatalem
1263 2284 1386 2326 illum
1405 2284 1516 2326 diem
1535 2283 1633 2325 irati
1650 2281 1834 2324 Achillis

322 2365 515 2408 absentia
558 2366 868 2421 aliquantisper
907 2362 1110 2406 differet.'’
1154 2361 1295 2404 Parva
1339 2362 1467 2415 enim,
1514 2359 1668 2414 hercle,
1714 2371 1834 2401 mora

322 2443 397 2485 illa
428 2442 519 2484 fuit.
552 2443 613 2484 At
644 2443 829 2498 ineptior
861 2440 1070 2484 elocutio:

624 2552 838 2595 Iracunda
869 2551 981 2593 diem
1013 2548 1198 2606 proferet
1230 2548 1311 2590 Ilio

625 2629 920 2684 Matronisque
951 2627 1177 2682 Phrygum
1210 2625 1359 2668 classis
1391 2624 1600 2676 Achillei3

624 2705 729 2748 Post
761 2709 898 2748 certas
929 2705 1091 2747 hiemes
1124 2707 1221 2745 uret
1251 2702 1469 2744 Achaicus

741 2782 862 2837 Ignis
894 2781 1049 2823 Iliacas
1082 2780 1242 2823 domos

326 2901 524 2943 Audisne
555 2903 723 2956 poetam
758 2901 881 2943 metri
914 2899 1165 2942 difficultate
1198 2897 1252 2940 ad
1283 2897 1436 2939 incitas
1469 2895 1722 2938 redactum?
