2034 3334
940 238 997 280 47

350 361 439 414 „Hi
471 374 637 417 quoque
668 374 744 402 vos
776 363 998 409 moveant,
1033 360 1107 414 qui
1138 362 1283 401 nostro
1315 359 1510 401 bracchia
1541 359 1722 402 tendunt

347 433 487 475 Parva
520 430 646 474 sinu”
679 434 734 483 (et
766 445 860 471 casu
891 431 1102 471 tendebant
1134 430 1318 471 bracchia
1349 429 1470 483 nati).

226 503 319 554 VII,
353 502 439 546 217
459 517 549 558 sqq.
594 502 630 543 A
674 501 754 543 diis
797 500 1039 556 deabusque
1082 501 1170 542 suis
1213 499 1364 542 Medea
1395 514 1556 543 venena
1589 502 1759 557 magica

166 577 299 632 petit:
331 587 474 630 preces
507 576 652 615 autem
684 585 782 614 suas
813 572 880 613 his
916 571 1107 614 versibus
1141 570 1379 613 concludit:

346 645 403 687 Et
435 642 612 687 dabitis!
646 656 782 698 neque
814 643 927 684 enim
960 643 1205 684 micuerunt
1237 641 1374 684 sidera
1405 641 1576 692 frustra,

348 715 436 758 Nec
468 714 625 756 frustra
657 712 882 755 volucrum
914 715 1076 754 tractus
1109 713 1271 754 cervice
1304 712 1534 754 draconum

350 783 511 829 Currus
543 784 675 826 adest.

165 856 298 900 Addit
328 860 474 912 poeta:
509 856 650 896 aderat
681 853 872 895 demissus
905 854 952 894 ab
985 854 1141 895 aethere
1172 868 1323 895 currus.

227 927 420 983 Denique
446 939 681 982 proponam
707 923 850 967 locum
878 925 952 980 qui
977 926 1117 980 primo
1143 923 1212 966 illi
1238 927 1328 966 tam
1355 922 1510 966 similis
1536 927 1600 966 est
1625 937 1754 979 quam

168 1012 301 1042 ovum
333 1001 398 1040 est
430 1009 531 1039 ovo:

225 1068 319 1119 VII,
353 1066 410 1110 83
452 1066 638 1119 (Medea)
672 1069 720 1107 ut
751 1065 862 1108 vidit
893 1066 1119 1116 iuvenem,
1153 1066 1292 1121 specie
1322 1066 1556 1121 praesentis
1586 1066 1750 1108 inarsit.

347 1138 403 1180 Et
435 1152 529 1178 casu
559 1135 685 1179 solito
718 1136 939 1178 formosior
971 1137 1134 1178 Aesone
1166 1139 1292 1178 natus

349 1207 431 1250 Illa
461 1206 556 1249 11166
581 1207 679 1263 fuit
701 1206 744 1260 ¹).

227 1374 405 1430 Saepius
445 1386 602 1415 novam
643 1370 835 1415 fabulam
875 1373 937 1414 ita
978 1371 1200 1414 exorditur
1240 1375 1364 1428 poeta
1405 1376 1455 1414 ut
1489 1372 1601 1415 dicat
1634 1371 1757 1415 illius

167 1444 374 1495 hominis,
403 1444 454 1486 de
480 1457 563 1499 quo
590 1442 717 1485 modo
743 1443 999 1493 narraverit,
1029 1444 1196 1485 tristem
1224 1442 1397 1498 quidem
1425 1446 1582 1486 sortem
1609 1443 1755 1494 fuisse,

164 1513 287 1557 illam
329 1519 474 1556 autem
516 1513 667 1556 solatio
710 1513 894 1568 quodam
936 1512 1124 1556 levatam
1166 1527 1278 1564 esse,
1313 1528 1427 1556 1111116
1459 1528 1558 1557 vero
1590 1528 1679 1556 rem
1713 1528 1757 1556 se

166 1589 439 1628 narraturum
481 1583 621 1627 multo
662 1584 932 1640 praecedenti
971 1585 1217 1627 tristiorem.
1261 1584 1475 1627 Solemnis
1518 1588 1583 1627 est
1612 1587 1656 1627 in
1689 1586 1757 1628 his

167 1655 378 1712 particula
411 1660 552 1697 tamen.

226 1726 304 1777 IX,
338 1726 395 1768 98
411 1741 499 1782 sqq.
543 1725 606 1768 De
649 1724 855 1775 Acheloo,
901 1727 974 1781 qui
1014 1727 1059 1767 in
1091 1727 1323 1767 certamine
1357 1740 1457 1768 cum
1489 1726 1675 1769 Hercule
1708 1727 1758 1769 de

166 1796 368 1839 Deianira
403 1800 599 1852 suscepto
632 1795 816 1838 alterum
847 1809 977 1838 cornu
1010 1797 1176 1846 amisit,
1209 1796 1329 1838 finita
1361 1804 1425 1838 est
1456 1798 1655 1839 narratio.
1689 1796 1759 1839 Sic

168 1871 293 1922 poeta
323 1868 491 1923 pergit:

349 1936 478 1978 Hunc
509 1941 637 1978 tamen
669 1936 803 1979 ablati
835 1936 1003 1979 domuit
1034 1938 1198 1979 iactura
1231 1936 1414 1988 decoris,

349 2005 500 2049 Cetera
531 2020 674 2062 sospes
707 2007 857 2057 habet;
891 2009 1042 2062 capitis
1074 2021 1243 2063 quoque
1274 2008 1419 2050 fronde
1452 2008 1618 2064 saligna

349 2077 438 2119 Aut
469 2090 596 2132 super
623 2078 827 2132 imposita
860 2076 1022 2119 celatur
1054 2078 1259 2120 arundine
1293 2078 1511 2120 damnum.

348 2148 406 2188 At
435 2151 501 2196 te,
534 2146 666 2188 Nesse
697 2147 837 2197 ferox,
871 2147 1062 2189 eiusdem
1097 2149 1280 2203 virginis
1311 2148 1436 2190 ardor

353 2216 614 2258 Perdiderat.

227 2286 301 2337 IX,
336 2285 437 2328 326.
485 2285 664 2328 Socrum
707 2285 940 2328 Alcmenen
983 2288 1203 2329 ministrae
1241 2288 1356 2329 tristi
1388 2291 1524 2330 morte
1555 2288 1753 2331 afflictam

170 2358 230 2399 sic
261 2356 503 2399 consolatur
534 2356 644 2399 Iole:

349 2427 408 2469 Te
440 2432 588 2478 tamen,
621 2441 644 2469 o
675 2428 896 2483 genetrix,
929 2426 1089 2469 alienae
1121 2441 1145 2469 a
1176 2428 1386 2483 sanguine
1417 2432 1558 2471 nostro

348 2498 485 2553 Rapta
515 2500 663 2539 movet
694 2497 835 2539 facies.
869 2496 979 2549 Quid
1010 2499 1046 2538 si
1077 2497 1157 2538 tibi
1189 2499 1298 2539 mira
1330 2499 1483 2540 sororis

348 2567 454 2610 Fata
485 2581 604 2609 meae
636 2565 846 2609 referam?

213 2770 247 2810 1)
278 2769 360 2801 Cum
390 2779 504 2810 magno
528 2778 679 2810 cognosco
703 2768 818 2810 gaudio
843 2768 971 2800 tandem
996 2768 1165 2803 aliquando
1190 2779 1291 2801 meam
1314 2780 1423 2802 versus
1447 2771 1486 2809 V,
1513 2772 1574 2806 117
1600 2772 1755 2815 interpre-

165 2823 319 2855 tationem
342 2823 468 2855 admitti
493 2823 526 2854 in
550 2823 802 2854 commentarios.
825 2822 992 2854 Ehwaldus
1012 2823 1096 2855 enim
1115 2823 1148 2854 in
1168 2824 1438 2865 praestantissima
1450 2825 1606 2858 librorum
1625 2827 1752 2859 I—VII

165 2877 319 2914 editione,
343 2887 423 2918 quae
446 2877 590 2919 proximo
615 2887 697 2908 anno
722 2877 754 2907 in
777 2876 877 2907 lucem
898 2877 1034 2918 prodiit,
1054 2877 1143 2908 illam
1164 2877 1197 2908 in
1218 2878 1422 2910 annotatione
1441 2889 1496 2910 sua
1516 2880 1638 2921 posuit,
1657 2882 1752 2923 idque

164 2930 241 2972 ipsis
265 2930 330 2962 illis
351 2931 546 2962 adstructam
572 2930 876 2972 Metamorphoseon
902 2930 997 2969 locis,
1019 2941 1098 2972 quos
1122 2941 1180 2972 ego
1203 2931 1255 2963 hic
1277 2932 1397 2973 primos
1419 2933 1529 2966 attuli:
1554 2934 1581 2972 1,
1607 2936 1670 2969 587
1683 2946 1750 2978 sqq.

167 2983 214 3021 11,
237 2984 301 3016 232
321 2995 388 3026 sqq.
