2034 3334
1021 244 1081 291 90

253 364 420 410 Vitium
469 380 553 423 quo
600 367 727 410 modo
770 367 947 411 tollatur
985 383 1071 412 non
1109 369 1259 422 video,
1300 370 1373 414 sed
1414 371 1539 415 video
1582 373 1745 416 vitium
1775 371 1848 417 hic

251 436 408 489 latere;
452 437 569 481 deest
610 437 762 481 vocula
803 452 911 496 quae
943 445 1127 495 repetunt
1156 448 1200 484 et
1231 443 1415 484 volutant
1445 443 1558 486 inter
1589 456 1634 486 se
1665 444 1846 501 iungat,

255 508 403 551 nullus
445 511 559 551 enim
603 509 672 552 hic
714 510 922 567 asyndeto
960 510 1092 555 locus.
1135 511 1331 556 Fortasse
1362 512 1489 557 lectio
1521 514 1612 558 cod.
1645 513 1696 558 M
1727 514 1847 558 verba

253 581 351 622 deae
375 584 500 622 sortes
527 582 643 623 viam
669 585 891 625 monstrat.
919 581 1069 625 Nolim
1095 584 1211 626 enim
1238 585 1299 627 sic
1313 585 1495 642 iungere
1512 588 1556 628 et
1572 585 1847 630 distribuere:

256 655 443 706 repetunt
473 666 601 694 secum
613 683 623 702 ‚
655 652 762 694 inter
791 667 908 710 seque
937 654 1133 697 vobutant.

315 817 401 861 425
421 833 512 875 sqq.
547 818 597 861 In
621 819 748 872 limo,
777 834 904 876 quem
922 820 1048 864 Nilus
1063 821 1262 879 reliquit,
1289 836 1390 866 cum
1405 822 1495 867 sole
1513 822 1743 867 calefactus
1758 826 1846 866 est:

433 889 630 933 Plurima
661 890 848 934 cultores
878 894 1012 935 versis
1043 893 1249 936 animalia
1278 893 1444 951 glaebis

432 960 687 1012 Inveniunt‚
721 967 764 1005 et
795 964 839 1005 in
871 963 938 1006 his
970 963 1178 1019 quaedam
1210 964 1338 1008 modo
1368 969 1517 1021 coepta
1547 965 1627 1008 sub
1656 965 1801 1022 ipsum

432 1032 642 1075 Nascendi
673 1035 888 1089 spatium,
921 1035 1131 1090 quaedam
1160 1035 1410 1092 imperfecta
1441 1037 1614 1092 suisque

431 1102 599 1146 Trunca
632 1104 782 1147 vident
814 1107 1019 1148 numeris.

252 1172 335 1216 Hic
366 1174 461 1216 iure
489 1188 553 1216 vs.
582 1173 670 1216 426
699 1188 846 1218 omnes
871 1175 1053 1219 editores
1079 1176 1288 1233 Naugerii
1313 1177 1386 1219 cub
1415 1191 1489 1233 pro
1510 1191 1588 1232 per
1612 1178 1848 1234 recipiunt,

251 1242 303 1286 de
335 1245 486 1287 ceteris
519 1244 740 1301 desperare
768 1245 982 1289 videntur.
1016 1246 1108 1299 Quo
1135 1249 1276 1304 magis
1302 1246 1439 1290 laetor
1470 1247 1582 1304 quod
1613 1247 1724 1290 mihi
1753 1242 1850 1291 con-

251 1316 394 1372 tingat
434 1318 485 1357 ut
527 1317 688 1371 possim
732 1315 817 1359 loci
848 1319 1164 1373 corruptissimi
1196 1317 1371 1361 tandem
1401 1308 1628 1375 aliqfiando
1661 1317 1848 1375 proferre

254 1384 619 1437 emendationem,
664 1400 793 1443 quam
835 1386 1071 1443 palmarem
1105 1393 1149 1431 et
1179 1390 1463 1432 certissimam
1495 1388 1634 1432 dicere
1663 1403 1746 1433 non
1778 1403 1849 1433 ve-

252 1470 361 1507 reor,
404 1458 606 1512 quoniam
649 1472 730 1500 non
774 1472 869 1501 mea
900 1462 964 1501 est
995 1459 1068 1501 sed
1100 1461 1255 1515 optimi
1289 1459 1479 1516 collegae
1510 1473 1592 1503 van
1623 1459 1845 1504 Leeuwen.

251 1525 292 1569 Is
325 1528 438 1569 enim
472 1526 692 1570 lenissima
724 1530 1051 1584 transpositione
1081 1528 1311 1585 legendum
1345 1544 1435 1573 esse
1467 1544 1537 1573 me
1567 1531 1760 1574 monuit:

433 1597 688 1648 Inveniunt‚
722 1603 765 1640 et
795 1600 841 1640 in
872 1598 939 1641 his
971 1599 1180 1655 quaedam
1211 1600 1419 1655 perfecta,
1453 1600 1533 1642 sub
1563 1601 1707 1657 ipsum

431 1667 640 1710 Nascendi
671 1669 886 1724 spatium,
919 1669 1130 1725 quaedam
1162 1669 1287 1713 modo
1319 1675 1467 1727 coepta
1497 1672 1671 1727 suisque

432 1737 599 1780 Trunca
634 1738 779 1781 vident
810 1741 1016 1781 numeris.
1678 1729 1683 1734 ’

252 1807 364 1860 Quin
391 1810 451 1850 sic
478 1810 571 1864 ipsa
596 1807 740 1851 Ovidii
767 1811 1021 1852 restituatur
1037 1823 1191 1853 manus
1209 1813 1425 1854 neminem
1440 1812 1526 1854 iam
1544 1810 1845 1855 dubitaturum

251 1881 413 1935 opinor.
459 1879 571 1922 Cum
607 1880 801 1936 perfecta
832 1894 856 1923 a
888 1894 965 1923 sua
997 1881 1095 1924 sede
1127 1882 1362 1924 aberrasset
1394 1895 1442 1924 eo
1476 1882 1550 1924 ubi
1582 1883 1702 1938 prius
1733 1883 1845 1925 modo

249 1954 386 2004 coepta
412 1949 648 2006 legebatur,
677 1964 760 1993 non
786 1955 954 2006 poterat
978 1965 1061 1994 non
1090 1951 1284 1995 accedere
1312 1951 1548 2008 praefixum
1572 1953 1845 2010 negativum.

314 2115 400 2158 434
419 2131 479 2172 sq.
514 2116 628 2173 Ergo
660 2117 736 2159 ubi
767 2116 931 2160 diluvio
963 2117 1094 2160 tellus
1125 2118 1343 2162 lutulenta
1374 2121 1533 2162 recenti

507 2187 678 2230 Solibus
709 2188 907 2231 aetheriis
939 2189 1098 2245 altoque
1129 2189 1350 2232 recanduit
1381 2194 1513 2233 aestu.

249 2257 337 2301 Cur
362 2259 431 2300 hic
459 2257 695 2300 Burmanni
720 2258 846 2301 lectio
873 2259 1051 2315 abmoque
1076 2264 1301 2316 spernatur
1327 2261 1484 2302 frustra
1510 2274 1679 2316 quaero,
1706 2274 1844 2317 neque
1902 2312 1907 2315 Ὗ

249 2329 371 2371 video
416 2329 626 2385 quomodo
669 2329 826 2385 altoque
865 2329 1032 2372 defendi
1064 2332 1212 2386 possit.
1246 2328 1371 2374 Certe
1403 2330 1529 2373 nihili
1560 2335 1624 2373 est
1655 2329 1842 2388 Gierigii

249 2404 556 2455 argumentum
603 2401 792 2441 aetheriis
836 2400 985 2442 solibus
1031 2400 1188 2443 melius
1235 2403 1459 2444 convenire
1506 2401 1632 2443 altum
1674 2406 1838 2444 acetum.

249 2469 361 2512 Mihi
394 2472 497 2512 satis
529 2470 709 2513 absurde
741 2471 849 2512 altus
879 2470 963 2513 dici
996 2471 1168 2514 videtur
1198 2475 1363 2522 aestus,
1396 2486 1523 2527 quem
1555 2471 1618 2514 sol
1649 2471 1763 2515 facit.

312 2634 398 2675 464
418 2649 477 2689 sq.
905 2640 1148 2692 quantoque
1180 2636 1382 2679 animalia
1414 2637 1569 2679 cedunt

433 2703 595 2747 Cuncta
628 2706 727 2756 deo,
763 2709 881 2748 tanto
915 2708 1054 2749 minor
1084 2709 1149 2749 est
1180 2711 1255 2749 tua
1286 2707 1425 2764 gloria
1455 2711 1611 2750 nostra.

252 2771 558 2824 Communem,
617 2781 666 2816 ut
716 2776 900 2826 videtur,
956 2776 1151 2818 codicum
1199 2776 1427 2819 lectionem
1475 2778 1546 2818 deo
1593 2775 1842 2820 sollicitavit

248 2843 451 2885 Heinsius
479 2845 551 2884 tihi
578 2844 776 2901 legendo,
807 2860 912 2901 quae
942 2848 1129 2901 speciosa
1156 2847 1331 2902 quidem
1359 2853 1422 2889 est
1449 2846 1576 2888 lectio
1605 2846 1676 2888 sed
1694 2850 1837 2889 tamen

253 2913 492 2954 falsissima.
538 2914 606 2955 Sic
650 2917 762 2956 enim
807 2915 942 2958 Amor
975 2918 1274 2958 ratiocinatur:
1312 2922 1436 2965 „tua‚
1470 2916 1650 2966 Phoebe,
1684 2916 1839 2971 praeda

245 2982 444 3024 animalia
486 2990 609 3033 sunt,
654 2999 747 3027 mea
780 2986 933 3041 praeda
967 2991 1015 3028 tu
1048 3000 1115 3036 es,
1149 3001 1252 3044 ergo
1284 2991 1403 3028 tanto
1438 2999 1532 3028 mea
1563 2985 1704 3044 gloria
1736 2992 1834 3030 tuae

1222 3055 1238 3072 Ο

2024 409 2034 433 ἰ..
2027 375 2034 401 -α
2022 284 2034 367 „uu->zum
