2034 3334
1000 255 1059 302 32

415 378 561 422 Huius
592 391 712 421 amor
743 390 893 429 curae,
927 378 1067 434 patria
1097 375 1368 435 Curibusque
1398 376 1584 431 relictis,

415 449 534 492 Fecit
564 452 614 492 ut
645 447 851 492 Herculei
882 452 1124 504 penetraret
1154 448 1207 491 ad
1238 448 1422 506 hospitis
1452 450 1619 494 urbem.

234 522 346 565 Novi
387 520 708 563 substantivum
742 518 855 576 quod
887 523 952 562 est
983 534 1081 561 cura
1111 532 1235 576 saepe
1267 521 1370 576 poni
1401 520 1454 563 ad
1485 521 1683 578 quemvis
1713 534 1831 566 men·

235 595 291 636 tis
312 592 524 642 laborem,
552 605 587 634 e.
606 604 641 633 c.
671 590 785 633 docti
810 590 999 634 hominis
1025 590 1390 648 disquisitionem,
1419 591 1594 635 artificis
1618 591 1828 646 studium,

235 663 319 708 alia
360 677 412 706 ex
454 662 534 705 hoc
576 675 732 719 genere
774 660 1073 719 significanda,
1121 675 1257 718 neque
1299 664 1444 706 tamen
1485 675 1677 720 unquam
1717 663 1830 708 mihi

234 735 442 792 eripietur
472 734 691 790 ingratam
723 746 813 776 esse
842 731 1103 776 locutionem
1135 732 1256 775 huius
1286 747 1397 775 amor
1424 746 1557 776 cume.
1601 733 1658 777 Et
1688 736 1830 778 cetera

233 806 365 849 huius
411 805 646 847 sententiae
693 806 855 847 temere
900 803 1064 847 deiecta
1109 803 1312 847 videntur
1356 804 1501 861 potius
1548 817 1677 861 quam
1730 807 1829 862 apte

233 875 534 934 eleganterque
565 874 783 932 disposita.
823 874 922 932 Ipsa
953 875 1068 919 enim
1099 875 1310 918 sermonis
1341 873 1485 918 Latini
1514 873 1679 919 indoles
1708 874 1832 933 flagi-

232 951 323 991 tare
339 946 512 991 videtur
529 949 578 989 ut
595 945 811 990 ablativus
827 945 1049 989 absolutus
1057 946 1204 1001 patria
1222 945 1463 1004 Otm'bucque
1477 945 1633 989 rebictn's
1647 950 1832 1004 ponatur

232 1020 345 1061 inter
374 1018 717 1061 coniunctionem
750 1021 795 1059 ut
825 1020 868 1060 et
898 1018 1223 1061 coniunctivum
1248 1021 1494 1072 penetraret.

297 1088 352 1132 12
394 1088 542 1144 Neque
569 1092 634 1131 est
659 1090 800 1145 aptior
826 1087 1050 1145 dispositio
1075 1089 1121 1130 in
1146 1089 1202 1131 iis
1219 1101 1327 1145 quae
1343 1087 1473 1145 paulo
1490 1091 1587 1145 post
1600 1087 1829 1147 leguntur:

414 1159 548 1203 Dives
578 1159 631 1203 ab
663 1158 853 1211 Oceano,
885 1159 1020 1203 bobus
1051 1158 1153 1203 Iove
1185 1163 1312 1202 natus
1342 1158 1516 1202 Hiberis

413 1230 561 1274 Litora
591 1229 706 1274 felici
737 1232 926 1275 tenuisse
958 1230 1131 1274 Lacinia
1161 1244 1290 1274 cursu

412 1302 582 1345 Fertur.

232 1374 323 1417 Aut
352 1375 398 1417 in
431 1373 567 1417 hisce:

295 1445 353 1488 20
414 1442 637 1501 Myscelus
652 1476 663 1496 ‚
694 1442 815 1487 illius
845 1443 911 1487 dis
942 1445 1266 1501 acceptissimus
1297 1445 1407 1488 aevi.

232 1516 326 1560 Non
368 1517 484 1559 enim
523 1519 647 1572 poeta
689 1514 815 1568 dicit,
850 1515 962 1571 quod
994 1515 1376 1567 absurdissimum,
1409 1513 1656 1573 Myscelum
1686 1527 1830 1572 accep·

231 1588 451 1630 tissimum
494 1586 625 1629 fuisse
666 1585 769 1638 diis,
803 1587 879 1643 qui
910 1590 1013 1629 tunc
1044 1590 1208 1638 essent,
1242 1585 1315 1629 sed
1345 1587 1542 1629 omnium
1574 1585 1828 1639 hominnm,

231 1659 307 1715 qui
349 1662 451 1700 tunc
494 1660 657 1708 essent,
690 1657 822 1700 fuisse
854 1656 936 1700 diis
969 1659 1330 1714 acceptissimum.
1363 1657 1447 1701 Sed
1478 1658 1575 1714 quis
1605 1658 1667 1701 sic
1695 1655 1830 1701 latine

230 1728 424 1785 loquitur
455 1725 688 1771 scribitve?

294 1798 353 1842 30
400 1798 460 1842 Ut
490 1797 604 1841 dicat
638 1798 756 1849 „dies
787 1800 1064 1855 praeterierat
1094 1813 1206 1842 unus
1238 1803 1281 1843 et
1311 1814 1394 1843 nox
1426 1799 1540 1842 una”
1573 1801 1700 1856 poeta
1725 1797 1829 1843 dno·

231 1870 311 1913 bus
340 1871 481 1912 utitur
511 1869 735 1913 versibus:

414 1939 632 1984 Candidus
663 1939 827 1983 Oceano
858 1940 1049 1983 nitidum
1081 1944 1211 1998 caput
1242 1941 1460 1984 abdiderat
1490 1939 1565 1984 Sol

413 2010 470 2053 Et
501 2015 631 2067 caput
661 2009 874 2055 extulerat
904 2010 1156 2055 densissima
1187 2011 1401 2055 sidereum
1430 2012 1542 2055 Nox.

230 2082 366 2134 Satis,
410 2081 604 2133 hercule,
644 2082 833 2125 verbose.
875 2081 1008 2125 Plane
1039 2083 1228 2126 abundat
1258 2083 1522 2126 adiectivum
1555 2097 1594 2140 q.
1612 2096 1649 2126 e.
1681 2083 1826 2125 dmm

233 2157 275 2196 et
311 2156 483 2195 tantum
524 2167 608 2195 non
649 2154 790 2209 inepte
831 2153 876 2195 in
909 2152 1171 2209 superlativo
1202 2155 1390 2210 ponitur.
1422 2154 1472 2197 In
1504 2167 1591 2197 uno
1623 2154 1740 2197 enim
1770 2152 1826 2196 ei—

232 2225 401 2276 dereum,
451 2223 564 2280 quod
610 2223 726 2266 idem
774 2228 840 2266 est
880 2227 1007 2280 atque
1048 2225 1210 2266 densum
1250 2225 1447 2266 sideribus
1486 2226 1635 2268 insunt
1666 2224 1825 2268 omnia.

232 2294 380 2350 Neque
412 2294 647 2350 quidquam
678 2295 790 2337 inest
820 2295 865 2336 in
896 2293 972 2337 illa
1002 2295 1188 2349 temporis
1220 2295 1554 2352 significatione,
1588 2293 1702 2351 quod
1731 2307 1829 2352 gra-

232 2379 305 2407 ves
336 2364 431 2407 illas
462 2366 782 2407 terminationes
811 2365 885 2415 sol,
918 2379 1007 2416 nox,
1040 2365 1237 2422 deinceps
1268 2367 1430 2422 positas
1460 2366 1662 2422 requirat.

294 2434 351 2477 34
400 2434 621 2492 Myscelus
663 2434 794 2478 semel
834 2437 1080 2492 iterumque
1121 2437 1167 2478 in
1199 2450 1347 2479 somno
1380 2436 1432 2479 ab
1464 2434 1652 2479 Hercule
1681 2436 1826 2479 iussus

232 2507 415 2561 patriam
446 2505 684 2562 relinquere

414 2576 647 2618 Pertimuit
678 2578 951 2633 patriumque
983 2576 1115 2620 simul
1145 2577 1371 2620 transferre
1402 2577 1577 2633 parabat

415 2646 462 2687 In
496 2647 612 2689 sedes
644 2647 859 2703 penetrale
889 2661 1034 2691 novas.

234 2716 346 2759 Satis
388 2718 590 2759 inusitate
632 2718 702 2760 hic
744 2718 866 2760 simul
906 2732 954 2762 eo
995 2720 1171 2775 ponitur
1211 2732 1339 2761 sensu
1381 2731 1509 2774 quem
1550 2717 1630 2759 iam
1668 2717 1823 2761 habere

232 2786 354 2829 solet.

295 2857 351 2899 56
401 2857 569 2899 Invenit
611 2858 830 2914 Myscelus
872 2863 968 2915 post
998 2859 1166 2915 aliquos
1197 2872 1360 2901 errores
1392 2857 1576 2901 fluvium
1607 2858 1822 2909 Aesarem,

233 2927 306 2968 ubi
340 2928 489 2969 urbem
522 2928 696 2970 condere
728 2931 871 2971 iussus
902 2935 990 2971 est:

413 2997 499 3039 Nee
533 2998 679 3052 procul
712 2999 807 3040 hinc
840 2998 1083 3049 tumulum,
1118 2999 1196 3040 sub
1228 3012 1311 3054 quo
1341 3004 1504 3040 sacrata
1534 2995 1731 3040 Crotonis
