2034 3334
975 241 1031 285 85

271 364 333 409 26
389 365 522 422 Ignea
553 366 731 407 convexi
763 366 829 407 vis
859 369 903 407 'et
935 365 1024 407 sine
1056 363 1239 421 pondere
1271 363 1376 407 caeli

390 435 581 478 Emicuit
612 450 865 492 summaque
895 435 1039 478 locum
1071 436 1152 477 sibi
1183 435 1283 478 fecit
1312 437 1356 477 in
1389 449 1495 477 arce.

212 507 296 550 Hic
326 521 402 563 pro
421 507 536 562 fecit
566 521 649 549 non
681 507 810 549 codex
842 524 860 548 ε
893 506 1009 549 solus
1042 506 1113 549 sed
1146 507 1276 548 etiam
1309 520 1503 548 summae
1534 507 1800 548 auctoritatis

210 577 319 620 liber
352 577 390 619 N
424 577 495 619 dat
527 577 647 630 levit,
681 578 793 633 quod
824 591 932 627 non,
965 581 1014 619 ut
1045 575 1276 618 Ehwaldus
1308 581 1472 627 censet,
1506 591 1528 619 e
1559 578 1800 619 coniectura

211 651 362 690 natum
394 647 566 690 videtur
597 649 688 689 eius
721 649 794 703 qui
826 661 990 689 memor
1021 651 1131 689 esset
1162 661 1310 690 versus
1343 646 1440 697 XII,
1475 646 1554 688 43:

396 717 527 760 Fama
559 722 674 760 tenet
707 731 961 773 summaque
991 716 1135 760 locum
1169 717 1250 759 sibi
1281 716 1390 774 legit
1420 719 1462 758 in
1496 731 1589 759 arce

216 787 428 842 (Ehwaldi
471 792 534 830 est
575 790 634 831 sic
678 789 822 830 omnia
865 801 1032 844 semper
1072 789 1116 829 in
1158 791 1363 844 promptu
1403 788 1579 838 habere,
1612 801 1696 830 non
1728 790 1798 829 τοῦ

213 859 410 912 τυχόντος
436 858 632 911 librarii),
661 859 733 902 sed
761 860 811 902 ab
838 860 930 915 ipso
959 858 1112 910 Ovidio
1140 858 1392 914 profectum.
1420 858 1593 901 Etenim
1620 858 1800 901 Ovidius

211 931 266 972 τὰ
310 931 421 972 αὐτὰ
465 930 579 980 λέγει
624 931 710 981 περὶ
755 934 831 972 τῶν
869 931 1004 972 αὐτῶν
1048 943 1228 985 semper,
1273 929 1422 984 quidni
1464 927 1634 972 ethic?
1677 929 1798 982 Quod

214 1001 410 1043 evolantis
440 1000 596 1043 Famae
629 1004 715 1051 est,
747 1000 862 1043 idem
894 1005 937 1043 et
968 999 1173 1042 emicantis
1204 999 1398 1042 aetheris.
1433 1000 1622 1056 Uterque
1654 999 1799 1043 locum

211 1070 338 1128 legit,
373 1073 508 1127 capit,
541 1076 739 1126 occupat,
773 1071 952 1126 denique
976 1069 1176 1124 possidit,
1208 1069 1319 1126 quod
1352 1070 1531 1112 verbum
1564 1084 1627 1114 ve.
1662 1070 1719 1114 30
1737 1085 1798 1127 sq.

211 1143 446 1185 rectissime
479 1142 725 1185 adhibetur:

936 1210 1223 1255 Circumfluus
1258 1225 1381 1254 umor

634 1281 799 1324 Ultima
831 1282 1031 1338 possedit.

216 1352 373 1398 Contra
415 1353 538 1395 locum
578 1353 655 1394 sibi
685 1353 835 1409 faeere
877 1354 969 1395 eius
1013 1355 1076 1395 est
1119 1354 1192 1408 qui
1223 1352 1435 1394 obstantia
1466 1357 1680 1404 removet,
1715 1367 1798 1396 non

211 1427 285 1481 qui
315 1438 499 1468 vacuum
532 1427 575 1467 et
604 1426 729 1466 inane
762 1427 939 1480 occupat
969 1425 1170 1482 spatium:

273 1565 509 1609 151-162
542 1566 708 1619 Quanto
734 1566 890 1609 melius
913 1570 1055 1608 totum
1072 1567 1185 1608 hunc
1200 1565 1343 1608 locum
1362 1567 1576 1609 omisisset
1594 1565 1795 1610 Ovidius!

208 1637 320 1680 Nam
346 1652 456 1680 nunc
483 1651 590 1693 quae
619 1637 669 1679 de
694 1638 912 1678 hominibus
928 1641 1152 1679 narrantur
1168 1638 1338 1692 ingrata
1354 1638 1436 1678 ista
1456 1637 1670 1690 quantum
1687 1652 1798 1680 com-

209 1709 513 1750 memoratione
541 1707 818 1750 divelluntur.
851 1707 1132 1764 Negligenter
1157 1708 1208 1749 ab
1234 1709 1347 1762 ipso,
1376 1711 1426 1749 ut
1453 1709 1613 1763 opinor,
1642 1707 1795 1751 Ovidio

210 1778 256 1820 hi
298 1791 446 1821 versus
485 1782 584 1819 sunt
622 1779 794 1828 inserti,
837 1792 888 1820 ne
930 1778 1164 1833 quidquam
1207 1778 1318 1833 quod
1350 1779 1394 1819 in
1427 1780 1592 1820 scriniis
1625 1778 1798 1822 haberet

211 1848 295 1890 huc
338 1850 554 1904 pertinens
597 1850 829 1891 omitteret.
863 1848 956 1891 Non
990 1863 1163 1904 possum
1196 1848 1399 1890 Ehwaldo
1429 1851 1624 1891 assentiri
1657 1851 1705 1890 de
1736 1850 1797 1891 in-

211 1919 369 1960 dustria
410 1919 462 1960 ab
503 1917 657 1961 Ovidio
688 1920 958 1974 interpositos
991 1923 1039 1960 ut
1070 1922 1219 1974 aptum
1253 1919 1334 1960 sibi
1366 1923 1533 1974 pararet
1565 1921 1796 1962 transitum

209 1989 261 2031 ad
292 1990 578 2031 narrationem
610 1988 660 2030 de
691 1988 909 2045 Lycaone,
944 1993 1071 2044 atque
1102 1989 1251 2031 eodem
1279 1988 1452 2031 consiiio
1480 1989 1530 2031 de
1557 1988 1796 2046 Gigantum

211 2061 438 2115 progenie,
471 2073 493 2100 e
525 2061 733 2115 sanguine
766 2073 912 2101 eorum
947 2063 1060 2109 orta,
1093 2061 1196 2101 satis
1227 2059 1425 2101 audacter
1456 2060 1507 2101 ab
1539 2073 1587 2101 eo
1619 2060 1723 2102 dici:

961 2128 1043 2171 Sed
1074 2133 1112 2170 ει
1141 2129 1219 2170 illa
1250 2143 1438 2186 propago

393 2197 690 2254 Gontemptrix
721 2213 923 2255 superum
955 2199 1073 2251 (fuit)

215 2274 281 2320 „et
322 2269 424 2311 illa:
467 2271 572 2311 item
615 2274 663 2311 ut
705 2271 862 2312 ferreae
904 2271 1054 2312 aetatis
1087 2270 1303 2319 homines,
1338 2283 1520 2325 quorum
1551 2272 1696 2312 tamen
1728 2271 1796 2313 ad-

211 2353 359 2382 versus
392 2339 489 2381 deos
520 2341 720 2395 impietas
753 2339 871 2382 nulla
902 2344 965 2382 est
991 2344 1344 2390 commemorata,
1373 2339 1444 2382 sed
1470 2340 1598 2382 huius
1626 2354 1794 2396 quoque

208 2411 446 2465 impietatis
487 2423 599 2451 nunc
640 2411 900 2451 mentionem
941 2409 1075 2452 facere
1117 2410 1240 2451 debet
1283 2415 1407 2465 poeta
1445 2411 1544 2464 quia
1576 2415 1795 2453 annectere

211 2479 307 2523 vult
358 2479 569 2536 Lycaonis
612 2479 815 2522 adversus
857 2494 1078 2521 summum
1121 2479 1249 2522 deum
1291 2480 1453 2522 facinus
1497 2479 1667 2522 dirum''
1717 2481 1795 2524 hoc

212 2550 294 2593 sibi
335 2549 432 2592 vult
472 2549 667 2591 Ehwaldi
707 2550 758 2592 ad
800 2550 842 2591 h.
870 2549 900 2591 1.
942 2551 1172 2592 annotatio.
1215 2550 1307 2606 Ego
1341 2564 1460 2592 secus
1493 2564 1662 2593 censeo:
1696 2555 1794 2607 apte

210 2620 414 2676 disposita
460 2624 575 2661 erant
621 2621 763 2662 omnia
810 2623 852 2661 et
897 2623 1069 2675 paratus
1114 2621 1330 2662 transitus.
1378 2620 1614 2675 Postquam
1655 2621 1794 2664 multa

209 2690 365 2732 ferreae
404 2690 554 2731 aetatis
596 2693 696 2731 sunt
739 2693 986 2731 enumerata
1026 2688 1182 2731 scelera
1223 2702 1329 2744 quae
1370 2690 1459 2731 iam
1491 2704 1573 2732 non
1606 2693 1794 2746 potuerit

209 2759 321 2802 ultra
352 2761 536 2814 aspicere
569 2758 699 2815 Virgo
731 2758 930 2808 Astraea,
965 2760 1137 2814 egregie
1169 2760 1382 2813 sequitur:

391 2829 506 2882 Quae
537 2833 656 2884 pater
686 2834 735 2870 ut
769 2843 937 2870 summa
969 2829 1078 2871 vidit
1107 2828 1332 2871 Saturnius
1364 2843 1457 2872 arce

388 2900 573 2955 ingemit

212 2973 255 3011 et
286 2973 433 3024 sponte
464 2971 508 3011 in
539 2970 791 3011 memoriam
824 2968 933 3011 redit
963 2970 1198 3023 impietatis
1225 2969 1453 3012 horrendae
1480 2984 1562 3025 qua
1587 2971 1787 3015 adversus
