<?xml version="1.0" encoding="UTF-8"?>
<!DOCTYPE html PUBLIC "-//W3C//DTD XHTML 1.0 Transitional//EN"
    "http://www.w3.org/TR/xhtml1/DTD/xhtml1-transitional.dtd">
<html xmlns="http://www.w3.org/1999/xhtml" xml:lang="en" lang="en">
 <head>
  <title>
</title>
<meta http-equiv="Content-Type" content="text/html;charset=utf-8" />
  <meta name='ocr-system' content='tesseract 3.04.00' />
  <meta name='ocr-capabilities' content='ocr_page ocr_carea ocr_par ocr_line ocrx_word'/>
</head>
<body>
  <div class='ocr_page' id='page_1' title='image "./dehoratiopota00hartuoft_0467.png"; bbox 0 0 2034 3334; ppageno 0'>
   <div class='ocr_carea' id='block_1_1' title="bbox 939 382 992 420">
    <p class='ocr_par' dir='ltr' id='par_1_1' title="bbox 939 382 992 420">
     <span class='ocr_line' id='line_1_1' title="bbox 939 382 992 420; baseline 0.019 -1"><span class='ocrx_word' id='word_1_1' title='bbox 939 382 992 420; x_wconf 87' lang='lat'>83</span> 
     </span>
    </p>
   </div>
   <div class='ocr_carea' id='block_1_2' title="bbox 185 506 1748 630">
    <p class='ocr_par' dir='ltr' id='par_1_2' title="bbox 185 506 1748 630">
     <span class='ocr_line' id='line_1_2' title="bbox 244 506 1748 556; baseline 0 -11"><span class='ocrx_word' id='word_1_2' title='bbox 244 506 321 545; x_wconf 87' lang='lat' dir='ltr'>Est</span> <span class='ocrx_word' id='word_1_3' title='bbox 352 516 451 555; x_wconf 85' lang='lat' dir='ltr'>ergo</span> <span class='ocrx_word' id='word_1_4' title='bbox 489 528 535 532; x_wconf 88' lang='lat'>——</span> <span class='ocrx_word' id='word_1_5' title='bbox 572 507 652 545; x_wconf 85' lang='grc'><strong>1100</strong></span> <span class='ocrx_word' id='word_1_6' title='bbox 683 506 791 544; x_wconf 89' lang='lat' dir='ltr'>mihi</span> <span class='ocrx_word' id='word_1_7' title='bbox 823 507 922 545; x_wconf 88' lang='lat' dir='ltr'>ante</span> <span class='ocrx_word' id='word_1_8' title='bbox 955 506 1101 544; x_wconf 90' lang='lat' dir='ltr'>omnia</span> <span class='ocrx_word' id='word_1_9' title='bbox 1132 506 1371 556; x_wconf 86' lang='lat' dir='ltr'>dicendum,</span> <span class='ocrx_word' id='word_1_10' title='bbox 1401 506 1481 545; x_wconf 88' lang='lat' dir='ltr'>hoc</span> <span class='ocrx_word' id='word_1_11' title='bbox 1507 516 1678 555; x_wconf 80' lang='lat' dir='ltr'>semper</span> <span class='ocrx_word' id='word_1_12' title='bbox 1705 507 1748 545; x_wconf 93' lang='lat' dir='ltr'>et</span> 
     </span>
     <span class='ocr_line' id='line_1_3' title="bbox 185 581 1748 630; baseline 0 -10"><span class='ocrx_word' id='word_1_13' title='bbox 185 582 340 630; x_wconf 90' lang='lat' dir='ltr'>ubique</span> <span class='ocrx_word' id='word_1_14' title='bbox 385 582 620 621; x_wconf 90' lang='lat' dir='ltr'>tenendum</span> <span class='ocrx_word' id='word_1_15' title='bbox 654 604 708 608; x_wconf 44' lang='grc'>*-</span> <span class='ocrx_word' id='word_1_16' title='bbox 741 582 807 620; x_wconf 88' lang='lat' dir='ltr'>vir</span> <span class='ocrx_word' id='word_1_17' title='bbox 848 581 992 620; x_wconf 92' lang='lat' dir='ltr'>artis</span> <span class='ocrx_word' id='word_1_18' title='bbox 1034 581 1295 621; x_wconf 77' lang='lat' dir='ltr'>scenicae</span> <span class='ocrx_word' id='word_1_19' title='bbox 1344 582 1387 620; x_wconf 92' lang='lat' dir='ltr'>et</span> <span class='ocrx_word' id='word_1_20' title='bbox 1418 582 1748 621; x_wconf 87' lang='lat' dir='ltr'>amantissimus</span> 
     </span>
    </p>
   </div>
   <div class='ocr_carea' id='block_1_3' title="bbox 185 657 1750 1680">
    <p class='ocr_par' dir='ltr' id='par_1_3' title="bbox 185 657 1750 1680">
     <span class='ocr_line' id='line_1_4' title="bbox 185 657 1749 712; baseline 0 -16"><span class='ocrx_word' id='word_1_21' title='bbox 185 659 229 696; x_wconf 88' lang='lat' dir='ltr'>et</span> <span class='ocrx_word' id='word_1_22' title='bbox 274 657 586 712; x_wconf 77' lang='lat' dir='ltr'>peritissimus:</span> <span class='ocrx_word' id='word_1_23' title='bbox 635 657 838 705; x_wconf 88' lang='lat' dir='ltr'>quidquid</span> <span class='ocrx_word' id='word_1_24' title='bbox 885 657 988 695; x_wconf 87' lang='lat' dir='ltr'>dicit</span> <span class='ocrx_word' id='word_1_25' title='bbox 1035 657 1224 706; x_wconf 85' lang='lat' dir='ltr'>docetve,</span> <span class='ocrx_word' id='word_1_26' title='bbox 1274 657 1395 695; x_wconf 90' lang='lat' dir='ltr'>illam</span> <span class='ocrx_word' id='word_1_27' title='bbox 1437 658 1576 696; x_wconf 89' lang='lat' dir='ltr'>artem</span> <span class='ocrx_word' id='word_1_28' title='bbox 1620 657 1749 696; x_wconf 88' lang='lat' dir='ltr'>habet</span> 
     </span>
     <span class='ocr_line' id='line_1_5' title="bbox 185 731 1748 783; baseline 0 -11"><span class='ocrx_word' id='word_1_29' title='bbox 185 734 285 772; x_wconf 89' lang='lat' dir='ltr'>ante</span> <span class='ocrx_word' id='word_1_30' title='bbox 331 733 490 772; x_wconf 89' lang='lat' dir='ltr'>oculos.</span> <span class='ocrx_word' id='word_1_31' title='bbox 534 734 695 772; x_wconf 88' lang='lat' dir='ltr'>Verum</span> <span class='ocrx_word' id='word_1_32' title='bbox 727 733 861 771; x_wconf 82' lang='lat' dir='ltr'>fuisse</span> <span class='ocrx_word' id='word_1_33' title='bbox 894 731 1103 771; x_wconf 89' lang='lat' dir='ltr'>artificem</span> <span class='ocrx_word' id='word_1_34' title='bbox 1136 733 1398 783; x_wconf 87' lang='lat' dir='ltr'>Terentium,</span> <span class='ocrx_word' id='word_1_35' title='bbox 1433 733 1506 781; x_wconf 87' lang='lat' dir='ltr'>qui</span> <span class='ocrx_word' id='word_1_36' title='bbox 1537 734 1748 782; x_wconf 90' lang='lat' dir='ltr'>specta-</span> 
     </span>
     <span class='ocr_line' id='line_1_6' title="bbox 185 809 1746 859; baseline 0 -12"><span class='ocrx_word' id='word_1_37' title='bbox 185 809 370 847; x_wconf 87' lang='lat' dir='ltr'>torum</span> <span class='ocrx_word' id='word_1_38' title='bbox 417 809 586 848; x_wconf 86' lang='lat' dir='ltr'>animos</span> <span class='ocrx_word' id='word_1_39' title='bbox 634 819 908 847; x_wconf 84' lang='lat' dir='ltr'>commovere</span> <span class='ocrx_word' id='word_1_40' title='bbox 956 809 1084 856; x_wconf 88' lang='lat' dir='ltr'>atque</span> <span class='ocrx_word' id='word_1_41' title='bbox 1127 809 1316 847; x_wconf 88' lang='lat' dir='ltr'>detinere</span> <span class='ocrx_word' id='word_1_42' title='bbox 1359 809 1526 857; x_wconf 85' lang='lat' dir='ltr'>egregie</span> <span class='ocrx_word' id='word_1_43' title='bbox 1560 809 1746 859; x_wconf 85' lang='lat' dir='ltr'>calleret,</span> 
     </span>
     <span class='ocr_line' id='line_1_7' title="bbox 185 883 1750 948; baseline 0.001 -26"><span class='ocrx_word' id='word_1_44' title='bbox 185 884 535 923; x_wconf 89' lang='lat' dir='ltr'>annotationibus</span> <span class='ocrx_word' id='word_1_45' title='bbox 567 885 986 948; x_wconf 35' lang='lat' dir='ltr'>suisldemonstrare</span> <span class='ocrx_word' id='word_1_46' title='bbox 1019 885 1176 923; x_wconf 86' lang='lat' dir='ltr'>studet.</span> <span class='ocrx_word' id='word_1_47' title='bbox 1211 884 1404 932; x_wconf 85' lang='lat' dir='ltr'>Cumque</span> <span class='ocrx_word' id='word_1_48' title='bbox 1436 883 1646 923; x_wconf 86' lang='lat' dir='ltr'>artificem</span> <span class='ocrx_word' id='word_1_49' title='bbox 1673 885 1750 923; x_wconf 88' lang='lat' dir='ltr'>vix</span> 
     </span>
     <span class='ocr_line' id='line_1_8' title="bbox 185 959 1750 1010; baseline 0.001 -13"><span class='ocrx_word' id='word_1_50' title='bbox 185 959 268 998; x_wconf 88' lang='lat' dir='ltr'>dici</span> <span class='ocrx_word' id='word_1_51' title='bbox 313 970 452 1010; x_wconf 88' lang='lat' dir='ltr'>posse,</span> <span class='ocrx_word' id='word_1_52' title='bbox 502 960 573 1008; x_wconf 90' lang='lat' dir='ltr'>qui</span> <span class='ocrx_word' id='word_1_53' title='bbox 621 960 825 998; x_wconf 88' lang='lat' dir='ltr'>servilem</span> <span class='ocrx_word' id='word_1_54' title='bbox 873 960 917 998; x_wconf 92' lang='lat' dir='ltr'>in</span> <span class='ocrx_word' id='word_1_55' title='bbox 957 960 1136 999; x_wconf 91' lang='lat' dir='ltr'>modum</span> <span class='ocrx_word' id='word_1_56' title='bbox 1168 960 1302 999; x_wconf 91' lang='lat' dir='ltr'>alium</span> <span class='ocrx_word' id='word_1_57' title='bbox 1334 961 1392 999; x_wconf 89' lang='lat' dir='ltr'>sit</span> <span class='ocrx_word' id='word_1_58' title='bbox 1423 960 1634 1010; x_wconf 87' lang='lat' dir='ltr'>imitatus,</span> <span class='ocrx_word' id='word_1_59' title='bbox 1669 960 1750 998; x_wconf 90' lang='lat' dir='ltr'>sibi</span> 
     </span>
     <span class='ocr_line' id='line_1_9' title="bbox 185 1035 1748 1084; baseline 0.001 -11"><span class='ocrx_word' id='word_1_60' title='bbox 185 1035 342 1074; x_wconf 87' lang='lat' dir='ltr'>habeat</span> <span class='ocrx_word' id='word_1_61' title='bbox 373 1036 768 1084; x_wconf 78' lang='lat' dir='ltr'>persuasissimum,</span> <span class='ocrx_word' id='word_1_62' title='bbox 803 1035 903 1074; x_wconf 87' lang='lat' dir='ltr'>huic</span> <span class='ocrx_word' id='word_1_63' title='bbox 934 1036 995 1074; x_wconf 88' lang='lat' dir='ltr'>rei</span> <span class='ocrx_word' id='word_1_64' title='bbox 1026 1035 1216 1084; x_wconf 88' lang='lat' dir='ltr'>primum</span> <span class='ocrx_word' id='word_1_65' title='bbox 1249 1035 1321 1074; x_wconf 90' lang='lat' dir='ltr'>dat</span> <span class='ocrx_word' id='word_1_66' title='bbox 1349 1046 1522 1084; x_wconf 89' lang='lat' dir='ltr'>operam</span> <span class='ocrx_word' id='word_1_67' title='bbox 1551 1036 1599 1074; x_wconf 87' lang='lat' dir='ltr'>ut</span> <span class='ocrx_word' id='word_1_68' title='bbox 1626 1045 1748 1084; x_wconf 90' lang='lat' dir='ltr'>appa-</span> 
     </span>
     <span class='ocr_line' id='line_1_10' title="bbox 185 1111 1749 1150; baseline 0.001 -1"><span class='ocrx_word' id='word_1_69' title='bbox 185 1112 278 1149; x_wconf 88' lang='lat' dir='ltr'>reat</span> <span class='ocrx_word' id='word_1_70' title='bbox 308 1111 380 1149; x_wconf 88' lang='lat' dir='ltr'>ubi</span> <span class='ocrx_word' id='word_1_71' title='bbox 412 1122 437 1150; x_wconf 89' lang='lat' dir='ltr'>a</span> <span class='ocrx_word' id='word_1_72' title='bbox 468 1112 697 1150; x_wconf 88' lang='lat' dir='ltr'>Menandro</span> <span class='ocrx_word' id='word_1_73' title='bbox 734 1133 783 1137; x_wconf 95' lang='lat'>—</span> <span class='ocrx_word' id='word_1_74' title='bbox 819 1112 862 1150; x_wconf 93' lang='lat' dir='ltr'>et</span> <span class='ocrx_word' id='word_1_75' title='bbox 894 1111 1174 1149; x_wconf 87' lang='lat' dir='ltr'>Menandrum</span> <span class='ocrx_word' id='word_1_76' title='bbox 1207 1121 1305 1149; x_wconf 86' lang='lat' dir='ltr'>cum</span> <span class='ocrx_word' id='word_1_77' title='bbox 1337 1111 1513 1150; x_wconf 88' lang='lat' dir='ltr'>nomino</span> <span class='ocrx_word' id='word_1_78' title='bbox 1541 1111 1671 1149; x_wconf 92' lang='lat' dir='ltr'>simul</span> <span class='ocrx_word' id='word_1_79' title='bbox 1699 1111 1749 1150; x_wconf 90' lang='lat' dir='ltr'>de</span> 
     </span>
     <span class='ocr_line' id='line_1_11' title="bbox 185 1186 1746 1237; baseline 0.001 -13"><span class='ocrx_word' id='word_1_80' title='bbox 185 1186 440 1234; x_wconf 84' lang='lat' dir='ltr'>Apollodoro</span> <span class='ocrx_word' id='word_1_81' title='bbox 486 1197 558 1225; x_wconf 89' lang='lat' dir='ltr'>me</span> <span class='ocrx_word' id='word_1_82' title='bbox 605 1187 792 1235; x_wconf 89' lang='lat' dir='ltr'>cogitare</span> <span class='ocrx_word' id='word_1_83' title='bbox 838 1187 973 1226; x_wconf 89' lang='lat' dir='ltr'>lector</span> <span class='ocrx_word' id='word_1_84' title='bbox 1014 1187 1124 1225; x_wconf 85' lang='lat' dir='ltr'>sciat</span> <span class='ocrx_word' id='word_1_85' title='bbox 1155 1209 1211 1212; x_wconf 96' lang='lat'><strong>—</strong></span> <span class='ocrx_word' id='word_1_86' title='bbox 1243 1187 1469 1226; x_wconf 76' lang='lat' dir='ltr'>Terentius</span> <span class='ocrx_word' id='word_1_87' title='bbox 1511 1187 1746 1237; x_wconf 86' lang='lat' dir='ltr'>deflexerit,</span> 
     </span>
     <span class='ocr_line' id='line_1_12' title="bbox 185 1262 1748 1312; baseline 0.001 -12"><span class='ocrx_word' id='word_1_88' title='bbox 185 1272 397 1310; x_wconf 79' lang='lat' dir='ltr'>quasnam</span> <span class='ocrx_word' id='word_1_89' title='bbox 430 1263 618 1311; x_wconf 90' lang='lat' dir='ltr'>exempli</span> <span class='ocrx_word' id='word_1_90' title='bbox 645 1263 712 1300; x_wconf 87' lang='lat' dir='ltr'>sui</span> <span class='ocrx_word' id='word_1_91' title='bbox 738 1263 883 1310; x_wconf 89' lang='lat' dir='ltr'>partes</span> <span class='ocrx_word' id='word_1_92' title='bbox 910 1262 1157 1312; x_wconf 86' lang='lat' dir='ltr'>mutaverit,</span> <span class='ocrx_word' id='word_1_93' title='bbox 1177 1262 1277 1310; x_wconf 87' lang='lat' dir='ltr'>quid</span> <span class='ocrx_word' id='word_1_94' title='bbox 1293 1263 1475 1311; x_wconf 91' lang='lat' dir='ltr'>propriis</span> <span class='ocrx_word' id='word_1_95' title='bbox 1492 1263 1748 1311; x_wconf 88' lang='lat' dir='ltr'>quibusdam</span> 
     </span>
     <span class='ocr_line' id='line_1_13' title="bbox 186 1337 1748 1387; baseline 0.001 -11"><span class='ocrx_word' id='word_1_96' title='bbox 186 1338 460 1376; x_wconf 75' lang='lat' dir='ltr'>exornaverit</span> <span class='ocrx_word' id='word_1_97' title='bbox 502 1338 726 1376; x_wconf 85' lang='lat' dir='ltr'>coloribus.</span> <span class='ocrx_word' id='word_1_98' title='bbox 771 1338 935 1376; x_wconf 89' lang='lat' dir='ltr'>Paucos</span> <span class='ocrx_word' id='word_1_99' title='bbox 978 1338 1093 1376; x_wconf 90' lang='lat' dir='ltr'>locos</span> <span class='ocrx_word' id='word_1_100' title='bbox 1135 1338 1207 1385; x_wconf 90' lang='lat' dir='ltr'>qui</span> <span class='ocrx_word' id='word_1_101' title='bbox 1238 1338 1322 1376; x_wconf 90' lang='lat' dir='ltr'>huc</span> <span class='ocrx_word' id='word_1_102' title='bbox 1352 1338 1514 1376; x_wconf 86' lang='lat' dir='ltr'>faciant</span> <span class='ocrx_word' id='word_1_103' title='bbox 1545 1337 1748 1387; x_wconf 86' lang='lat' dir='ltr'>afferam;</span> 
     </span>
     <span class='ocr_line' id='line_1_14' title="bbox 185 1413 1749 1464; baseline -0.001 -10"><span class='ocrx_word' id='word_1_104' title='bbox 185 1425 355 1464; x_wconf 83' lang='lat' dir='ltr'>anCOS,</span> <span class='ocrx_word' id='word_1_105' title='bbox 390 1414 469 1464; x_wconf 90' lang='lat' dir='ltr'>aio,</span> <span class='ocrx_word' id='word_1_106' title='bbox 503 1424 606 1452; x_wconf 90' lang='lat' dir='ltr'>nam</span> <span class='ocrx_word' id='word_1_107' title='bbox 644 1414 782 1452; x_wconf 89' lang='lat' dir='ltr'>multo</span> <span class='ocrx_word' id='word_1_108' title='bbox 814 1413 922 1451; x_wconf 91' lang='lat' dir='ltr'>mihi</span> <span class='ocrx_word' id='word_1_109' title='bbox 954 1413 1092 1452; x_wconf 88' lang='lat' dir='ltr'>maior</span> <span class='ocrx_word' id='word_1_110' title='bbox 1122 1423 1221 1461; x_wconf 90' lang='lat' dir='ltr'>pars</span> <span class='ocrx_word' id='word_1_111' title='bbox 1253 1414 1513 1452; x_wconf 87' lang='lat' dir='ltr'>reservanda</span> <span class='ocrx_word' id='word_1_112' title='bbox 1545 1415 1612 1453; x_wconf 92' lang='lat' dir='ltr'>est</span> <span class='ocrx_word' id='word_1_113' title='bbox 1637 1414 1749 1453; x_wconf 88' lang='lat' dir='ltr'>unde</span> 
     </span>
     <span class='ocr_line' id='line_1_15' title="bbox 186 1489 1750 1539; baseline 0 -10"><span class='ocrx_word' id='word_1_114' title='bbox 186 1491 402 1539; x_wconf 87' lang='lat' dir='ltr'>integrum</span> <span class='ocrx_word' id='word_1_115' title='bbox 449 1491 500 1529; x_wconf 88' lang='lat' dir='ltr'>de</span> <span class='ocrx_word' id='word_1_116' title='bbox 547 1489 734 1528; x_wconf 87' lang='lat' dir='ltr'>Terentii</span> <span class='ocrx_word' id='word_1_117' title='bbox 776 1489 1024 1527; x_wconf 85' lang='lat' dir='ltr'>inventione</span> <span class='ocrx_word' id='word_1_118' title='bbox 1066 1490 1193 1537; x_wconf 87' lang='lat' dir='ltr'>caput</span> <span class='ocrx_word' id='word_1_119' title='bbox 1236 1499 1504 1537; x_wconf 89' lang='lat' dir='ltr'>componam.</span> <span class='ocrx_word' id='word_1_120' title='bbox 1538 1489 1619 1528; x_wconf 90' lang='lat' dir='ltr'>Hic</span> <span class='ocrx_word' id='word_1_121' title='bbox 1651 1500 1750 1538; x_wconf 88' lang='lat' dir='ltr'>ergo</span> 
     </span>
     <span class='ocr_line' id='line_1_16' title="bbox 187 1565 1749 1615; baseline -0.001 -10"><span class='ocrx_word' id='word_1_122' title='bbox 187 1566 293 1605; x_wconf 87' lang='lat' dir='ltr'>duas</span> <span class='ocrx_word' id='word_1_123' title='bbox 339 1577 574 1615; x_wconf 89' lang='lat' dir='ltr'>proponam</span> <span class='ocrx_word' id='word_1_124' title='bbox 616 1576 684 1604; x_wconf 91' lang='lat' dir='ltr'>res</span> <span class='ocrx_word' id='word_1_125' title='bbox 727 1565 770 1603; x_wconf 91' lang='lat' dir='ltr'>in</span> <span class='ocrx_word' id='word_1_126' title='bbox 812 1565 976 1614; x_wconf 87' lang='lat' dir='ltr'>quibus,</span> <span class='ocrx_word' id='word_1_127' title='bbox 1012 1575 1037 1603; x_wconf 89' lang='lat' dir='ltr'>a</span> <span class='ocrx_word' id='word_1_128' title='bbox 1069 1565 1310 1603; x_wconf 77' lang='lat' dir='ltr'>Scholiasta</span> <span class='ocrx_word' id='word_1_129' title='bbox 1341 1565 1562 1615; x_wconf 88' lang='lat' dir='ltr'>admoniti,</span> <span class='ocrx_word' id='word_1_130' title='bbox 1598 1566 1749 1604; x_wconf 91' lang='lat' dir='ltr'>Teren-</span> 
     </span>
     <span class='ocr_line' id='line_1_17' title="bbox 185 1639 1748 1680; baseline -0.001 0"><span class='ocrx_word' id='word_1_131' title='bbox 185 1642 351 1680; x_wconf 89' lang='lat' dir='ltr'>tianam</span> <span class='ocrx_word' id='word_1_132' title='bbox 394 1643 533 1680; x_wconf 90' lang='lat' dir='ltr'>artem</span> <span class='ocrx_word' id='word_1_133' title='bbox 575 1651 600 1679; x_wconf 90' lang='lat' dir='ltr'>a</span> <span class='ocrx_word' id='word_1_134' title='bbox 642 1641 898 1679; x_wconf 89' lang='lat' dir='ltr'>Menandrea</span> <span class='ocrx_word' id='word_1_135' title='bbox 939 1639 1108 1678; x_wconf 86' lang='lat' dir='ltr'>differre</span> <span class='ocrx_word' id='word_1_136' title='bbox 1141 1640 1352 1678; x_wconf 89' lang='lat' dir='ltr'>sciamus:</span> <span class='ocrx_word' id='word_1_137' title='bbox 1388 1641 1599 1680; x_wconf 88' lang='lat' dir='ltr'>eiusmodi</span> <span class='ocrx_word' id='word_1_138' title='bbox 1632 1641 1748 1679; x_wconf 91' lang='lat' dir='ltr'>enim</span> 
     </span>
    </p>
   </div>
   <div class='ocr_carea' id='block_1_4' title="bbox 185 1698 2034 1912">
    <p class='ocr_par' dir='ltr' id='par_1_4' title="bbox 185 1698 2034 1912">
     <span class='ocr_line' id='line_1_18' title="bbox 186 1698 2034 1839; baseline -0.001 -83"><span class='ocrx_word' id='word_1_139' title='bbox 186 1717 284 1756; x_wconf 89' lang='lat' dir='ltr'>illae</span> <span class='ocrx_word' id='word_1_140' title='bbox 315 1718 417 1755; x_wconf 85' lang='lat' dir='ltr'>sunt</span> <span class='ocrx_word' id='word_1_141' title='bbox 448 1718 497 1756; x_wconf 89' lang='lat' dir='ltr'>ut</span> <span class='ocrx_word' id='word_1_142' title='bbox 528 1716 621 1755; x_wconf 90' lang='lat' dir='ltr'>sine</span> <span class='ocrx_word' id='word_1_143' title='bbox 652 1715 787 1754; x_wconf 89' lang='lat' dir='ltr'>totius</span> <span class='ocrx_word' id='word_1_144' title='bbox 819 1716 1063 1764; x_wconf 90' lang='lat' dir='ltr'>argumenti</span> <span class='ocrx_word' id='word_1_145' title='bbox 1090 1715 1348 1754; x_wconf 86' lang='lat' dir='ltr'>detrimento</span> <span class='ocrx_word' id='word_1_146' title='bbox 1375 1716 1611 1764; x_wconf 86' lang='lat' dir='ltr'>separatim</span> <span class='ocrx_word' id='word_1_147' title='bbox 1638 1717 1834 1837; x_wconf 41' lang='lat' dir='ltr'>tram</span> <span class='ocrx_word' id='word_1_148' title='bbox 1852 1698 2034 1839; x_wconf 55' lang='lat' dir='ltr'><em>W</em></span> 
     </span>
     <span class='ocr_line' id='line_1_19' title="bbox 185 1754 1872 1912; baseline 0 -81"><span class='ocrx_word' id='word_1_149' title='bbox 185 1792 269 1832; x_wconf 87' lang='lat' dir='ltr'>tari</span> <span class='ocrx_word' id='word_1_150' title='bbox 299 1793 479 1841; x_wconf 87' lang='lat' dir='ltr'>possint.</span> <span class='ocrx_word' id='word_1_151' title='bbox 1769 1754 1872 1912; x_wconf 47' lang='lat' dir='ltr'>st&amp;</span> 
     </span>
    </p>
   </div>
   <div class='ocr_carea' id='block_1_5' title="bbox 185 1864 1841 2971">
    <p class='ocr_par' dir='ltr' id='par_1_5' title="bbox 185 1864 1841 2368">
     <span class='ocr_line' id='line_1_20' title="bbox 245 1864 1841 1915; baseline -0.001 -7"><span class='ocrx_word' id='word_1_152' title='bbox 245 1865 299 1909; x_wconf 83' lang='lat' dir='ltr'>A.</span> <span class='ocrx_word' id='word_1_153' title='bbox 331 1867 556 1907; x_wconf 85' lang='lat' dir='ltr'>Terentius</span> <span class='ocrx_word' id='word_1_154' title='bbox 588 1867 734 1906; x_wconf 88' lang='lat' dir='ltr'>sedulo</span> <span class='ocrx_word' id='word_1_155' title='bbox 767 1867 841 1906; x_wconf 88' lang='lat' dir='ltr'>dat</span> <span class='ocrx_word' id='word_1_156' title='bbox 872 1877 1047 1915; x_wconf 87' lang='lat' dir='ltr'>operam</span> <span class='ocrx_word' id='word_1_157' title='bbox 1078 1867 1126 1905; x_wconf 89' lang='lat' dir='ltr'>ut</span> <span class='ocrx_word' id='word_1_158' title='bbox 1152 1867 1197 1905; x_wconf 90' lang='lat' dir='ltr'>in</span> <span class='ocrx_word' id='word_1_159' title='bbox 1224 1867 1455 1905; x_wconf 88' lang='lat' dir='ltr'>comoediis</span> <span class='ocrx_word' id='word_1_160' title='bbox 1483 1867 1573 1906; x_wconf 89' lang='lat' dir='ltr'>suis</span> <span class='ocrx_word' id='word_1_161' title='bbox 1601 1868 1747 1907; x_wconf 90' lang='lat' dir='ltr'>omnia</span> <span class='ocrx_word' id='word_1_162' title='bbox 1826 1864 1841 1875; x_wconf 85' lang='grc'><em>“</em></span> 
     </span>
     <span class='ocr_line' id='line_1_21' title="bbox 186 1942 1748 1991; baseline -0.001 -9"><span class='ocrx_word' id='word_1_163' title='bbox 186 1943 274 1982; x_wconf 89' lang='lat' dir='ltr'>sint</span> <span class='ocrx_word' id='word_1_164' title='bbox 305 1953 435 1991; x_wconf 89' lang='lat' dir='ltr'>quam</span> <span class='ocrx_word' id='word_1_165' title='bbox 466 1943 766 1991; x_wconf 88' lang='lat' dir='ltr'>urbanissima,</span> <span class='ocrx_word' id='word_1_166' title='bbox 800 1942 1036 1991; x_wconf 78' lang='lat' dir='ltr'>lenissima,</span> <span class='ocrx_word' id='word_1_167' title='bbox 1065 1942 1312 1981; x_wconf 89' lang='lat' dir='ltr'>mitissima.</span> <span class='ocrx_word' id='word_1_168' title='bbox 1341 1942 1444 1980; x_wconf 91' lang='lat' dir='ltr'>Duri</span> <span class='ocrx_word' id='word_1_169' title='bbox 1471 1943 1614 1981; x_wconf 89' lang='lat' dir='ltr'>inesse</span> <span class='ocrx_word' id='word_1_170' title='bbox 1641 1943 1748 1981; x_wconf 90' lang='lat' dir='ltr'>nihil</span> 
     </span>
     <span class='ocr_line' id='line_1_22' title="bbox 185 2018 1747 2068; baseline -0.001 -10"><span class='ocrx_word' id='word_1_171' title='bbox 185 2020 358 2068; x_wconf 84' lang='lat' dir='ltr'>patitur,</span> <span class='ocrx_word' id='word_1_172' title='bbox 389 2019 495 2057; x_wconf 90' lang='lat' dir='ltr'>nihil</span> <span class='ocrx_word' id='word_1_173' title='bbox 523 2020 704 2067; x_wconf 83' lang='lat' dir='ltr'>agreste,</span> <span class='ocrx_word' id='word_1_174' title='bbox 735 2018 841 2056; x_wconf 87' lang='lat' dir='ltr'>nihil</span> <span class='ocrx_word' id='word_1_175' title='bbox 869 2018 1049 2067; x_wconf 90' lang='lat' dir='ltr'>crudele,</span> <span class='ocrx_word' id='word_1_176' title='bbox 1080 2018 1185 2056; x_wconf 87' lang='lat' dir='ltr'>nihil</span> <span class='ocrx_word' id='word_1_177' title='bbox 1203 2018 1396 2068; x_wconf 75' lang='lat' dir='ltr'>denique,</span> <span class='ocrx_word' id='word_1_178' title='bbox 1416 2019 1463 2056; x_wconf 93' lang='lat' dir='ltr'>ut</span> <span class='ocrx_word' id='word_1_179' title='bbox 1482 2018 1747 2057; x_wconf 81' lang='lat' dir='ltr'>Scholiastae</span> 
     </span>
     <span class='ocr_line' id='line_1_23' title="bbox 186 2092 1748 2144; baseline -0.001 -11"><span class='ocrx_word' id='word_1_180' title='bbox 186 2096 284 2133; x_wconf 89' lang='lat' dir='ltr'>utar</span> <span class='ocrx_word' id='word_1_181' title='bbox 308 2094 463 2143; x_wconf 86' lang='lat' dir='ltr'>verbis,</span> <span class='ocrx_word' id='word_1_182' title='bbox 494 2093 687 2144; x_wconf 70' lang='grc' dir='ltr'><em>τοαχικόν.</em></span> <span class='ocrx_word' id='word_1_183' title='bbox 715 2093 810 2131; x_wconf 88' lang='lat' dir='ltr'>Huc</span> <span class='ocrx_word' id='word_1_184' title='bbox 836 2093 1003 2141; x_wconf 85' lang='lat' dir='ltr'>spectat</span> <span class='ocrx_word' id='word_1_185' title='bbox 1030 2092 1251 2131; x_wconf 83' lang='lat' dir='ltr'>annotatio</span> <span class='ocrx_word' id='word_1_186' title='bbox 1279 2093 1331 2131; x_wconf 91' lang='lat' dir='ltr'>ad</span> <span class='ocrx_word' id='word_1_187' title='bbox 1352 2092 1482 2131; x_wconf 90' lang='lat' dir='ltr'>Andr.</span> <span class='ocrx_word' id='word_1_188' title='bbox 1503 2094 1602 2133; x_wconf 88' lang='grc'><strong>606.</strong></span> <span class='ocrx_word' id='word_1_189' title='bbox 1622 2094 1748 2132; x_wconf 87' lang='lat' dir='ltr'>Intel-</span> 
     </span>
     <span class='ocr_line' id='line_1_24' title="bbox 186 2168 1749 2218; baseline -0.001 -10"><span class='ocrx_word' id='word_1_190' title='bbox 186 2169 281 2218; x_wconf 90' lang='lat' dir='ltr'>ligit</span> <span class='ocrx_word' id='word_1_191' title='bbox 311 2170 456 2208; x_wconf 89' lang='lat' dir='ltr'>Davus</span> <span class='ocrx_word' id='word_1_192' title='bbox 488 2179 640 2208; x_wconf 90' lang='lat' dir='ltr'>servus</span> <span class='ocrx_word' id='word_1_193' title='bbox 672 2178 718 2207; x_wconf 90' lang='lat' dir='ltr'>se</span> <span class='ocrx_word' id='word_1_194' title='bbox 750 2168 923 2207; x_wconf 89' lang='lat' dir='ltr'>astutiis</span> <span class='ocrx_word' id='word_1_195' title='bbox 955 2168 1045 2206; x_wconf 91' lang='lat' dir='ltr'>suis</span> <span class='ocrx_word' id='word_1_196' title='bbox 1077 2169 1121 2206; x_wconf 89' lang='lat' dir='ltr'>et</span> <span class='ocrx_word' id='word_1_197' title='bbox 1152 2169 1292 2206; x_wconf 88' lang='lat' dir='ltr'>semet</span> <span class='ocrx_word' id='word_1_198' title='bbox 1323 2168 1465 2216; x_wconf 92' lang='lat' dir='ltr'>ipsum</span> <span class='ocrx_word' id='word_1_199' title='bbox 1499 2169 1542 2207; x_wconf 91' lang='lat' dir='ltr'>et</span> <span class='ocrx_word' id='word_1_200' title='bbox 1568 2168 1749 2207; x_wconf 87' lang='lat' dir='ltr'>herilem</span> 
     </span>
     <span class='ocr_line' id='line_1_25' title="bbox 186 2243 1750 2293; baseline -0.001 -10"><span class='ocrx_word' id='word_1_201' title='bbox 186 2244 324 2284; x_wconf 90' lang='lat' dir='ltr'>filium</span> <span class='ocrx_word' id='word_1_202' title='bbox 355 2245 613 2293; x_wconf 88' lang='lat' dir='ltr'>perdidisse;</span> <span class='ocrx_word' id='word_1_203' title='bbox 643 2244 951 2282; x_wconf 79' lang='lat' dir='ltr'>adventantem</span> <span class='ocrx_word' id='word_1_204' title='bbox 978 2243 1066 2281; x_wconf 88' lang='lat' dir='ltr'>iam</span> <span class='ocrx_word' id='word_1_205' title='bbox 1092 2243 1210 2282; x_wconf 85' lang='lat' dir='ltr'>videt</span> <span class='ocrx_word' id='word_1_206' title='bbox 1236 2253 1386 2282; x_wconf 63' lang='lat' dir='ltr'>senem</span> <span class='ocrx_word' id='word_1_207' title='bbox 1414 2244 1481 2282; x_wconf 88' lang='lat' dir='ltr'>cui</span> <span class='ocrx_word' id='word_1_208' title='bbox 1507 2244 1565 2282; x_wconf 90' lang='lat' dir='ltr'>sit</span> <span class='ocrx_word' id='word_1_209' title='bbox 1591 2255 1750 2293; x_wconf 90' lang='lat' dir='ltr'>poenas</span> 
     </span>
     <span class='ocr_line' id='line_1_26' title="bbox 187 2286 1527 2368; baseline -0.004 -9"><span class='ocrx_word' id='word_1_210' title='bbox 187 2321 365 2359; x_wconf 90' lang='lat' dir='ltr'>daturus</span> <span class='ocrx_word' id='word_1_211' title='bbox 398 2322 462 2358; x_wconf 86' lang='lat' dir='ltr'>et:</span> <span class='ocrx_word' id='word_1_212' title='bbox 501 2319 688 2368; x_wconf 81' lang='lat' dir='ltr'>„occidi”</span> <span class='ocrx_word' id='word_1_213' title='bbox 722 2320 783 2358; x_wconf 90' lang='lat' dir='ltr'>ait</span> <span class='ocrx_word' id='word_1_214' title='bbox 1217 2286 1527 2320; x_wconf 47' lang='lat' dir='ltr'>mm</span> 
     </span>
    </p>

    <p class='ocr_par' dir='ltr' id='par_1_6' title="bbox 188 2393 1750 2893">
     <span class='ocr_line' id='line_1_27' title="bbox 251 2393 1748 2444; baseline 0 -11"><span class='ocrx_word' id='word_1_215' title='bbox 251 2425 267 2444; x_wconf 90' lang='lat'>„</span> <span class='ocrx_word' id='word_1_216' title='bbox 276 2395 456 2433; x_wconf 89' lang='lat' dir='ltr'>Utinam</span> <span class='ocrx_word' id='word_1_217' title='bbox 467 2395 575 2433; x_wconf 88' lang='lat' dir='ltr'>mihi</span> <span class='ocrx_word' id='word_1_218' title='bbox 588 2395 703 2433; x_wconf 87' lang='lat' dir='ltr'>esset</span> <span class='ocrx_word' id='word_1_219' title='bbox 715 2393 874 2442; x_wconf 89' lang='lat' dir='ltr'>aliquid</span> <span class='ocrx_word' id='word_1_220' title='bbox 886 2394 955 2432; x_wconf 86' lang='lat' dir='ltr'>hic</span> <span class='ocrx_word' id='word_1_221' title='bbox 967 2404 1049 2441; x_wconf 87' lang='lat' dir='ltr'>quo</span> <span class='ocrx_word' id='word_1_222' title='bbox 1062 2404 1175 2432; x_wconf 89' lang='lat' dir='ltr'>nunc</span> <span class='ocrx_word' id='word_1_223' title='bbox 1186 2404 1256 2432; x_wconf 90' lang='lat' dir='ltr'>me</span> <span class='ocrx_word' id='word_1_224' title='bbox 1268 2394 1546 2442; x_wconf 89' lang='lat' dir='ltr'>praecipitem</span> <span class='ocrx_word' id='word_1_225' title='bbox 1559 2395 1748 2433; x_wconf 89' lang='lat' dir='ltr'>darem.”</span> 
     </span>
     <span class='ocr_line' id='line_1_28' title="bbox 188 2450 1748 2518; baseline 0 -10"><span class='ocrx_word' id='word_1_226' title='bbox 188 2470 380 2508; x_wconf 89' lang='lat' dir='ltr'>Annotat</span> <span class='ocrx_word' id='word_1_227' title='bbox 432 2470 692 2508; x_wconf 81' lang='lat' dir='ltr'>Scholiasta:</span> <span class='ocrx_word' id='word_1_228' title='bbox 745 2469 862 2517; x_wconf 90' lang='lat' dir='ltr'>„Non</span> <span class='ocrx_word' id='word_1_229' title='bbox 905 2469 1015 2507; x_wconf 80' lang='lat' dir='ltr'>dixit</span> <span class='ocrx_word' id='word_1_230' title='bbox 1060 2469 1308 2517; x_wconf 87' lang='lat' dir='ltr'>gladium</span> <span class='ocrx_word' id='word_1_231' title='bbox 1356 2470 1431 2507; x_wconf 91' lang='lat' dir='ltr'>aut</span> <span class='ocrx_word' id='word_1_232' title='bbox 1461 2450 1748 2518; x_wconf 84' lang='lat' dir='ltr'>laqueum,</span> 
     </span>
     <span class='ocr_line' id='line_1_29' title="bbox 188 2543 1750 2593; baseline 0 -10"><span class='ocrx_word' id='word_1_233' title='bbox 188 2555 241 2583; x_wconf 91' lang='lat' dir='ltr'>ne</span> <span class='ocrx_word' id='word_1_234' title='bbox 269 2547 385 2584; x_wconf 90' lang='lat' dir='ltr'>esset</span> <span class='ocrx_word' id='word_1_235' title='bbox 410 2546 635 2593; x_wconf 89' lang='lat' dir='ltr'>tragicum.</span> <span class='ocrx_word' id='word_1_236' title='bbox 664 2544 772 2592; x_wconf 91' lang='lat' dir='ltr'>Ergo</span> <span class='ocrx_word' id='word_1_237' title='bbox 801 2543 1015 2592; x_wconf 81' lang='lat' dir='ltr'>expressit</span> <span class='ocrx_word' id='word_1_238' title='bbox 1040 2543 1147 2582; x_wconf 90' lang='lat' dir='ltr'>bene</span> <span class='ocrx_word' id='word_1_239' title='bbox 1175 2544 1343 2582; x_wconf 89' lang='lat' dir='ltr'>dicens:</span> <span class='ocrx_word' id='word_1_240' title='bbox 1372 2544 1750 2592; x_wconf 89' lang='lat' dir='ltr'>praecipitem</span> 
     </span>
     <span class='ocr_line' id='line_1_30' title="bbox 189 2619 1750 2669; baseline -0.001 -9"><span class='ocrx_word' id='word_1_241' title='bbox 189 2621 418 2660; x_wconf 84' lang='lat' dir='ltr'>darem.”</span> <span class='ocrx_word' id='word_1_242' title='bbox 466 2621 533 2658; x_wconf 90' lang='lat' dir='ltr'>Ita</span> <span class='ocrx_word' id='word_1_243' title='bbox 579 2621 667 2658; x_wconf 91' lang='lat' dir='ltr'>est:</span> <span class='ocrx_word' id='word_1_244' title='bbox 717 2619 879 2657; x_wconf 87' lang='lat' dir='ltr'>comico</span> <span class='ocrx_word' id='word_1_245' title='bbox 917 2620 960 2656; x_wconf 92' lang='lat' dir='ltr'>et</span> <span class='ocrx_word' id='word_1_246' title='bbox 991 2619 1138 2657; x_wconf 87' lang='lat' dir='ltr'>servili</span> <span class='ocrx_word' id='word_1_247' title='bbox 1171 2619 1282 2657; x_wconf 88' lang='lat' dir='ltr'>dicto</span> <span class='ocrx_word' id='word_1_248' title='bbox 1314 2629 1419 2667; x_wconf 90' lang='lat' dir='ltr'>opus</span> <span class='ocrx_word' id='word_1_249' title='bbox 1451 2619 1521 2657; x_wconf 86' lang='lat' dir='ltr'>hic</span> <span class='ocrx_word' id='word_1_250' title='bbox 1553 2621 1630 2669; x_wconf 89' lang='lat' dir='ltr'>est,</span> <span class='ocrx_word' id='word_1_251' title='bbox 1665 2630 1750 2659; x_wconf 91' lang='lat' dir='ltr'>non</span> 
     </span>
     <span class='ocr_line' id='line_1_31' title="bbox 189 2693 1748 2744; baseline 0 -10"><span class='ocrx_word' id='word_1_252' title='bbox 189 2697 352 2744; x_wconf 85' lang='lat' dir='ltr'>tragica</span> <span class='ocrx_word' id='word_1_253' title='bbox 393 2696 580 2743; x_wconf 85' lang='lat' dir='ltr'>tragicae</span> <span class='ocrx_word' id='word_1_254' title='bbox 622 2694 921 2742; x_wconf 88' lang='lat' dir='ltr'>disperationis</span> <span class='ocrx_word' id='word_1_255' title='bbox 963 2693 1286 2741; x_wconf 89' lang='lat' dir='ltr'>significatione.</span> <span class='ocrx_word' id='word_1_256' title='bbox 1322 2693 1569 2732; x_wconf 88' lang='lat' dir='ltr'>Correctum</span> <span class='ocrx_word' id='word_1_257' title='bbox 1602 2697 1748 2734; x_wconf 88' lang='lat' dir='ltr'>autem</span> 
     </span>
     <span class='ocr_line' id='line_1_32' title="bbox 189 2769 1748 2817; baseline 0.001 -9"><span class='ocrx_word' id='word_1_258' title='bbox 189 2771 258 2810; x_wconf 89' lang='lat' dir='ltr'>hic</span> <span class='ocrx_word' id='word_1_259' title='bbox 290 2783 315 2810; x_wconf 88' lang='lat' dir='ltr'>a</span> <span class='ocrx_word' id='word_1_260' title='bbox 346 2772 543 2810; x_wconf 88' lang='lat' dir='ltr'>Terentio</span> <span class='ocrx_word' id='word_1_261' title='bbox 576 2770 855 2808; x_wconf 87' lang='lat' dir='ltr'>Menandrum</span> <span class='ocrx_word' id='word_1_262' title='bbox 887 2778 972 2806; x_wconf 93' lang='lat' dir='ltr'>non</span> <span class='ocrx_word' id='word_1_263' title='bbox 1004 2770 1170 2807; x_wconf 87' lang='lat' dir='ltr'>certum</span> <span class='ocrx_word' id='word_1_264' title='bbox 1202 2769 1375 2817; x_wconf 87' lang='lat' dir='ltr'>quidem</span> <span class='ocrx_word' id='word_1_265' title='bbox 1408 2771 1474 2808; x_wconf 89' lang='lat' dir='ltr'>est</span> <span class='ocrx_word' id='word_1_266' title='bbox 1501 2771 1575 2809; x_wconf 91' lang='lat' dir='ltr'>sed</span> <span class='ocrx_word' id='word_1_267' title='bbox 1602 2771 1748 2810; x_wconf 89' lang='lat' dir='ltr'>verisi-</span> 
     </span>
     <span class='ocr_line' id='line_1_33' title="bbox 190 2844 994 2893; baseline -0.004 -9"><span class='ocrx_word' id='word_1_268' title='bbox 190 2847 292 2884; x_wconf 92' lang='lat' dir='ltr'>mile</span> <span class='ocrx_word' id='word_1_269' title='bbox 324 2846 372 2885; x_wconf 77' lang='lat' dir='ltr'>fit</span> <span class='ocrx_word' id='word_1_270' title='bbox 404 2847 456 2884; x_wconf 92' lang='lat' dir='ltr'>iis</span> <span class='ocrx_word' id='word_1_271' title='bbox 488 2856 596 2893; x_wconf 87' lang='lat' dir='ltr'>quae</span> <span class='ocrx_word' id='word_1_272' title='bbox 628 2845 889 2883; x_wconf 86' lang='lat' dir='ltr'>annotantur</span> <span class='ocrx_word' id='word_1_273' title='bbox 920 2844 994 2882; x_wconf 90' lang='lat' dir='ltr'>ad:</span> 
     </span>
    </p>

    <p class='ocr_par' dir='ltr' id='par_1_7' title="bbox 250 2919 1747 2971">
     <span class='ocr_line' id='line_1_34' title="bbox 250 2919 1747 2971; baseline -0.001 -11"><span class='ocrx_word' id='word_1_274' title='bbox 250 2921 327 2960; x_wconf 90' lang='lat' dir='ltr'>Ad.</span> <span class='ocrx_word' id='word_1_275' title='bbox 376 2922 428 2970; x_wconf 74' lang='grc' dir='ltr'>Π,</span> <span class='ocrx_word' id='word_1_276' title='bbox 473 2922 570 2959; x_wconf 79' lang='lat'>275.</span> <span class='ocrx_word' id='word_1_277' title='bbox 615 2919 814 2968; x_wconf 86' lang='lat' dir='ltr'>Ctesipho</span> <span class='ocrx_word' id='word_1_278' title='bbox 853 2929 997 2957; x_wconf 89' lang='lat' dir='ltr'>amore</span> <span class='ocrx_word' id='word_1_279' title='bbox 1029 2919 1276 2966; x_wconf 88' lang='lat' dir='ltr'>peregrinae</span> <span class='ocrx_word' id='word_1_280' title='bbox 1308 2919 1474 2967; x_wconf 89' lang='lat' dir='ltr'>puellae</span> <span class='ocrx_word' id='word_1_281' title='bbox 1507 2920 1638 2971; x_wconf 87' lang='lat' dir='ltr'>ardet,</span> <span class='ocrx_word' id='word_1_282' title='bbox 1673 2922 1747 2959; x_wconf 88' lang='lat' dir='ltr'>sed</span> 
     </span>
    </p>
   </div>
   <div class='ocr_carea' id='block_1_6' title="bbox 324 1914 566 1926">
    <p class='ocr_par' dir='ltr' id='par_1_8' title="bbox 324 1914 566 1926">
     <span class='ocr_line' id='line_1_35' title="bbox 324 1914 566 1926; baseline 0 1408"><span class='ocrx_word' id='word_1_283' title='bbox 324 1914 566 1926; x_wconf 95' lang='lat' dir='ltr'> </span> 
     </span>
    </p>
   </div>
   <div class='ocr_carea' id='block_1_7' title="bbox 804 1987 1019 1995">
    <p class='ocr_par' dir='ltr' id='par_1_9' title="bbox 804 1987 1019 1995">
     <span class='ocr_line' id='line_1_36' title="bbox 804 1987 1019 1995; baseline 0 1339"><span class='ocrx_word' id='word_1_284' title='bbox 804 1987 1019 1995; x_wconf 95' lang='lat' dir='ltr'> </span> 
     </span>
    </p>
   </div>
   <div class='ocr_carea' id='block_1_8' title="bbox 1062 1987 1319 1996">
    <p class='ocr_par' dir='ltr' id='par_1_10' title="bbox 1062 1987 1319 1996">
     <span class='ocr_line' id='line_1_37' title="bbox 1062 1987 1319 1996; baseline 0 1338"><span class='ocrx_word' id='word_1_285' title='bbox 1062 1987 1319 1996; x_wconf 95' lang='lat' dir='ltr'> </span> 
     </span>
    </p>
   </div>
   <div class='ocr_carea' id='block_1_9' title="bbox 0 0 75 3334">
    <p class='ocr_par' dir='ltr' id='par_1_11' title="bbox 0 0 75 3334">
     <span class='ocr_line' id='line_1_38' title="bbox 0 0 75 3334; baseline 0 0"><span class='ocrx_word' id='word_1_286' title='bbox 0 0 75 3334; x_wconf 95' lang='lat' dir='ltr'> </span> 
     </span>
    </p>
   </div>
  </div>
 </body>
</html>
