<?xml version="1.0" encoding="UTF-8"?>
<!DOCTYPE html PUBLIC "-//W3C//DTD XHTML 1.0 Transitional//EN"
    "http://www.w3.org/TR/xhtml1/DTD/xhtml1-transitional.dtd">
<html xmlns="http://www.w3.org/1999/xhtml" xml:lang="en" lang="en">
 <head>
  <title>
</title>
<meta http-equiv="Content-Type" content="text/html;charset=utf-8" />
  <meta name='ocr-system' content='tesseract 3.04.00' />
  <meta name='ocr-capabilities' content='ocr_page ocr_carea ocr_par ocr_line ocrx_word'/>
</head>
<body>
  <div class='ocr_page' id='page_1' title='image "./dehoratiopota00hartuoft_0106.png"; bbox 0 0 2034 3334; ppageno 0'>
   <div class='ocr_carea' id='block_1_1' title="bbox 989 375 1047 419">
    <p class='ocr_par' dir='ltr' id='par_1_1' title="bbox 989 375 1047 419">
     <span class='ocr_line' id='line_1_1' title="bbox 989 375 1047 419; baseline 0 0"><span class='ocrx_word' id='word_1_1' title='bbox 989 375 1047 419; x_wconf 84' lang='lat'>98</span> 
     </span>
    </p>
   </div>
   <div class='ocr_carea' id='block_1_2' title="bbox 270 498 1786 634">
    <p class='ocr_par' dir='ltr' id='par_1_2' title="bbox 270 498 1786 634">
     <span class='ocr_line' id='line_1_2' title="bbox 270 498 1786 557; baseline -0.001 -12"><span class='ocrx_word' id='word_1_2' title='bbox 270 502 459 547; x_wconf 81' lang='lat' dir='ltr'>refellere</span> <span class='ocrx_word' id='word_1_3' title='bbox 489 515 588 545; x_wconf 91' lang='lat' dir='ltr'>eum</span> <span class='ocrx_word' id='word_1_4' title='bbox 619 514 708 544; x_wconf 89' lang='lat' dir='ltr'>non</span> <span class='ocrx_word' id='word_1_5' title='bbox 741 502 914 557; x_wconf 90' lang='lat' dir='ltr'>possim.</span> <span class='ocrx_word' id='word_1_6' title='bbox 946 499 1185 546; x_wconf 83' lang='lat' dir='ltr'>Horatiano</span> <span class='ocrx_word' id='word_1_7' title='bbox 1216 500 1273 543; x_wconf 94' lang='lat' dir='ltr'>in</span> <span class='ocrx_word' id='word_1_8' title='bbox 1303 500 1460 543; x_wconf 85' lang='lat' dir='ltr'>votis</span> <span class='ocrx_word' id='word_1_9' title='bbox 1493 512 1624 556; x_wconf 86' lang='lat' dir='ltr'>quam</span> <span class='ocrx_word' id='word_1_10' title='bbox 1657 498 1786 543; x_wconf 80' lang='lat' dir='ltr'>dissi·</span> 
     </span>
     <span class='ocr_line' id='line_1_3' title="bbox 270 577 1064 634; baseline -0.004 -12"><span class='ocrx_word' id='word_1_11' title='bbox 270 580 500 622; x_wconf 90' lang='lat' dir='ltr'>millimum</span> <span class='ocrx_word' id='word_1_12' title='bbox 533 591 628 622; x_wconf 89' lang='lat' dir='ltr'>esse</span> <span class='ocrx_word' id='word_1_13' title='bbox 661 578 760 634; x_wconf 87' lang='lat' dir='ltr'>quis</span> <span class='ocrx_word' id='word_1_14' title='bbox 791 590 880 620; x_wconf 91' lang='lat' dir='ltr'>non</span> <span class='ocrx_word' id='word_1_15' title='bbox 912 577 1064 620; x_wconf 82' lang='lat' dir='ltr'>videt?</span> 
     </span>
    </p>
   </div>
   <div class='ocr_carea' id='block_1_3' title="bbox 331 684 1124 745">
    <p class='ocr_par' dir='ltr' id='par_1_3' title="bbox 331 684 1124 745">
     <span class='ocr_line' id='line_1_4' title="bbox 331 684 1124 745; baseline -0.001 -16"><span class='ocrx_word' id='word_1_16' title='bbox 331 688 408 744; x_wconf 89' lang='lat' dir='ltr'>IV,</span> <span class='ocrx_word' id='word_1_17' title='bbox 440 689 480 745; x_wconf 79' lang='lat'>2,</span> <span class='ocrx_word' id='word_1_18' title='bbox 517 688 569 729; x_wconf 82' lang='lat'>17</span> <span class='ocrx_word' id='word_1_19' title='bbox 602 687 852 743; x_wconf 82' lang='lat' dir='ltr'>Propertius</span> <span class='ocrx_word' id='word_1_20' title='bbox 882 686 962 729; x_wconf 93' lang='lat' dir='ltr'>hoc</span> <span class='ocrx_word' id='word_1_21' title='bbox 996 684 1124 729; x_wconf 88' lang='lat' dir='ltr'>dicit:</span> 
     </span>
    </p>
   </div>
   <div class='ocr_carea' id='block_1_4' title="bbox 451 809 1688 1400">
    <p class='ocr_par' dir='ltr' id='par_1_4' title="bbox 451 809 1688 931">
     <span class='ocr_line' id='line_1_5' title="bbox 451 809 1688 868; baseline -0.001 -13"><span class='ocrx_word' id='word_1_22' title='bbox 451 811 561 855; x_wconf 89' lang='lat' dir='ltr'>Nam</span> <span class='ocrx_word' id='word_1_23' title='bbox 595 824 738 868; x_wconf 89' lang='lat' dir='ltr'>neque</span> <span class='ocrx_word' id='word_1_24' title='bbox 770 811 1043 868; x_wconf 84' lang='lat' dir='ltr'>pyramidum</span> <span class='ocrx_word' id='word_1_25' title='bbox 1075 813 1276 866; x_wconf 88' lang='lat' dir='ltr'>sumptus</span> <span class='ocrx_word' id='word_1_26' title='bbox 1308 809 1361 852; x_wconf 85' lang='lat' dir='ltr'>ad</span> <span class='ocrx_word' id='word_1_27' title='bbox 1394 809 1531 853; x_wconf 85' lang='lat' dir='ltr'>sidera</span> <span class='ocrx_word' id='word_1_28' title='bbox 1567 809 1688 854; x_wconf 89' lang='lat' dir='ltr'>ducti</span> 
     </span>
     <span class='ocr_line' id='line_1_6' title="bbox 510 886 1462 931; baseline -0.003 0"><span class='ocrx_word' id='word_1_29' title='bbox 510 887 602 931; x_wconf 90' lang='lat' dir='ltr'>Nec</span> <span class='ocrx_word' id='word_1_30' title='bbox 632 887 748 930; x_wconf 87' lang='lat' dir='ltr'>Iovis</span> <span class='ocrx_word' id='word_1_31' title='bbox 780 886 876 930; x_wconf 86' lang='lat' dir='ltr'>Elei</span> <span class='ocrx_word' id='word_1_32' title='bbox 907 887 1073 929; x_wconf 90' lang='lat' dir='ltr'>caelum</span> <span class='ocrx_word' id='word_1_33' title='bbox 1106 887 1274 929; x_wconf 89' lang='lat' dir='ltr'>imitata</span> <span class='ocrx_word' id='word_1_34' title='bbox 1306 886 1462 929; x_wconf 89' lang='lat' dir='ltr'>domus</span> 
     </span>
    </p>

    <p class='ocr_par' dir='ltr' id='par_1_5' title="bbox 451 961 1450 1083">
     <span class='ocr_line' id='line_1_7' title="bbox 451 961 1390 1019; baseline -0.003 -12"><span class='ocrx_word' id='word_1_35' title='bbox 451 963 542 1007; x_wconf 88' lang='lat' dir='ltr'>Nec</span> <span class='ocrx_word' id='word_1_36' title='bbox 573 963 784 1006; x_wconf 86' lang='lat' dir='ltr'>Mausolei</span> <span class='ocrx_word' id='word_1_37' title='bbox 816 964 936 1006; x_wconf 86' lang='lat' dir='ltr'>dives</span> <span class='ocrx_word' id='word_1_38' title='bbox 966 963 1139 1005; x_wconf 86' lang='lat' dir='ltr'>fortuna</span> <span class='ocrx_word' id='word_1_39' title='bbox 1171 961 1390 1019; x_wconf 81' lang='lat' dir='ltr'>sepulchri</span> 
     </span>
     <span class='ocr_line' id='line_1_8' title="bbox 512 1039 1450 1083; baseline -0.001 -1"><span class='ocrx_word' id='word_1_40' title='bbox 512 1039 664 1083; x_wconf 85' lang='lat' dir='ltr'>Mortis</span> <span class='ocrx_word' id='word_1_41' title='bbox 697 1040 749 1082; x_wconf 88' lang='lat' dir='ltr'>ab</span> <span class='ocrx_word' id='word_1_42' title='bbox 782 1043 976 1083; x_wconf 85' lang='lat' dir='ltr'>extrema</span> <span class='ocrx_word' id='word_1_43' title='bbox 1007 1039 1252 1082; x_wconf 88' lang='lat' dir='ltr'>conditione</span> <span class='ocrx_word' id='word_1_44' title='bbox 1284 1042 1450 1082; x_wconf 84' lang='lat' dir='ltr'>vacant.</span> 
     </span>
    </p>

    <p class='ocr_par' dir='ltr' id='par_1_6' title="bbox 453 1115 1616 1248">
     <span class='ocr_line' id='line_1_9' title="bbox 453 1115 1616 1172; baseline 0.001 -14"><span class='ocrx_word' id='word_1_45' title='bbox 453 1116 546 1159; x_wconf 92' lang='lat' dir='ltr'>Aut</span> <span class='ocrx_word' id='word_1_46' title='bbox 576 1116 662 1158; x_wconf 87' lang='lat' dir='ltr'>illis</span> <span class='ocrx_word' id='word_1_47' title='bbox 693 1115 867 1158; x_wconf 91' lang='lat' dir='ltr'>flamma</span> <span class='ocrx_word' id='word_1_48' title='bbox 897 1119 974 1158; x_wconf 86' lang='lat' dir='ltr'>aut</span> <span class='ocrx_word' id='word_1_49' title='bbox 1004 1115 1141 1158; x_wconf 87' lang='lat' dir='ltr'>imber</span> <span class='ocrx_word' id='word_1_50' title='bbox 1172 1115 1387 1158; x_wconf 80' lang='lat' dir='ltr'>subducet</span> <span class='ocrx_word' id='word_1_51' title='bbox 1416 1115 1616 1172; x_wconf 82' lang='lat' dir='ltr'>honores,</span> 
     </span>
     <span class='ocr_line' id='line_1_10' title="bbox 513 1192 1507 1248; baseline -0.001 -13"><span class='ocrx_word' id='word_1_52' title='bbox 513 1192 743 1235; x_wconf 90' lang='lat' dir='ltr'>Annorum</span> <span class='ocrx_word' id='word_1_53' title='bbox 776 1195 852 1234; x_wconf 89' lang='lat' dir='ltr'>aut</span> <span class='ocrx_word' id='word_1_54' title='bbox 881 1193 970 1235; x_wconf 92' lang='lat' dir='ltr'>ictu</span> <span class='ocrx_word' id='word_1_55' title='bbox 1002 1192 1193 1248; x_wconf 89' lang='lat' dir='ltr'>pondera</span> <span class='ocrx_word' id='word_1_56' title='bbox 1224 1192 1338 1234; x_wconf 85' lang='lat' dir='ltr'>victa</span> <span class='ocrx_word' id='word_1_57' title='bbox 1368 1194 1507 1235; x_wconf 93' lang='lat' dir='ltr'>ruent.</span> 
     </span>
    </p>

    <p class='ocr_par' dir='ltr' id='par_1_7' title="bbox 454 1267 1533 1400">
     <span class='ocr_line' id='line_1_11' title="bbox 454 1267 1533 1324; baseline 0.001 -14"><span class='ocrx_word' id='word_1_58' title='bbox 454 1268 514 1310; x_wconf 82' lang='lat' dir='ltr'>At</span> <span class='ocrx_word' id='word_1_59' title='bbox 545 1281 633 1310; x_wconf 88' lang='lat' dir='ltr'>non</span> <span class='ocrx_word' id='word_1_60' title='bbox 666 1269 840 1324; x_wconf 90' lang='lat' dir='ltr'>ingenio</span> <span class='ocrx_word' id='word_1_61' title='bbox 875 1269 1119 1323; x_wconf 89' lang='lat' dir='ltr'>quaesitum</span> <span class='ocrx_word' id='word_1_62' title='bbox 1152 1280 1310 1310; x_wconf 84' lang='lat' dir='ltr'>nomen</span> <span class='ocrx_word' id='word_1_63' title='bbox 1342 1267 1395 1310; x_wconf 92' lang='lat' dir='ltr'>ab</span> <span class='ocrx_word' id='word_1_64' title='bbox 1427 1280 1533 1311; x_wconf 84' lang='lat' dir='ltr'>aevo</span> 
     </span>
     <span class='ocr_line' id='line_1_12' title="bbox 515 1343 1520 1400; baseline 0.001 -15"><span class='ocrx_word' id='word_1_65' title='bbox 515 1343 719 1387; x_wconf 79' lang='lat' dir='ltr'>Excidet:</span> <span class='ocrx_word' id='word_1_66' title='bbox 752 1345 927 1400; x_wconf 89' lang='lat' dir='ltr'>ingenio</span> <span class='ocrx_word' id='word_1_67' title='bbox 960 1347 1045 1386; x_wconf 88' lang='lat' dir='ltr'>stat</span> <span class='ocrx_word' id='word_1_68' title='bbox 1076 1345 1170 1387; x_wconf 89' lang='lat' dir='ltr'>sine</span> <span class='ocrx_word' id='word_1_69' title='bbox 1201 1346 1338 1386; x_wconf 91' lang='lat' dir='ltr'>morte</span> <span class='ocrx_word' id='word_1_70' title='bbox 1377 1344 1520 1387; x_wconf 89' lang='lat' dir='ltr'>decus.</span> 
     </span>
    </p>
   </div>
   <div class='ocr_carea' id='block_1_5' title="bbox 278 1467 1447 1648">
    <p class='ocr_par' dir='ltr' id='par_1_8' title="bbox 278 1467 1447 1648">
     <span class='ocr_line' id='line_1_13' title="bbox 278 1467 1447 1512; baseline -0.001 -1"><span class='ocrx_word' id='word_1_71' title='bbox 278 1467 436 1511; x_wconf 87' lang='lat' dir='ltr'>Sedulo</span> <span class='ocrx_word' id='word_1_72' title='bbox 467 1467 717 1512; x_wconf 89' lang='lat' dir='ltr'>adscribunt</span> <span class='ocrx_word' id='word_1_73' title='bbox 749 1471 1106 1512; x_wconf 82' lang='lat' dir='ltr'>commentatores</span> <span class='ocrx_word' id='word_1_74' title='bbox 1136 1468 1447 1511; x_wconf 88' lang='lat' dir='ltr'>Horatianum:</span> 
     </span>
     <span class='ocr_line' id='line_1_14' title="bbox 458 1591 1368 1648; baseline 0.002 -15"><span class='ocrx_word' id='word_1_75' title='bbox 458 1591 598 1648; x_wconf 83' lang='lat' dir='ltr'>Exegi</span> <span class='ocrx_word' id='word_1_76' title='bbox 629 1595 960 1635; x_wconf 90' lang='lat' dir='ltr'>monumentum</span> <span class='ocrx_word' id='word_1_77' title='bbox 992 1605 1089 1635; x_wconf 88' lang='lat' dir='ltr'>aere</span> <span class='ocrx_word' id='word_1_78' title='bbox 1120 1592 1368 1648; x_wconf 89' lang='lat' dir='ltr'>perennius,</span> 
     </span>
    </p>
   </div>
   <div class='ocr_carea' id='block_1_6' title="bbox 278 1715 1796 2762">
    <p class='ocr_par' dir='ltr' id='par_1_9' title="bbox 278 1715 1796 2762">
     <span class='ocr_line' id='line_1_15' title="bbox 279 1715 1785 1774; baseline 0.001 -16"><span class='ocrx_word' id='word_1_79' title='bbox 279 1719 500 1772; x_wconf 85' lang='lat' dir='ltr'>tamquam</span> <span class='ocrx_word' id='word_1_80' title='bbox 547 1715 710 1759; x_wconf 88' lang='lat' dir='ltr'>fontem</span> <span class='ocrx_word' id='word_1_81' title='bbox 756 1729 811 1759; x_wconf 85' lang='lat' dir='ltr'>ex</span> <span class='ocrx_word' id='word_1_82' title='bbox 858 1730 944 1772; x_wconf 91' lang='lat' dir='ltr'>quo</span> <span class='ocrx_word' id='word_1_83' title='bbox 987 1717 1056 1759; x_wconf 92' lang='lat' dir='ltr'>hic</span> <span class='ocrx_word' id='word_1_84' title='bbox 1099 1730 1272 1773; x_wconf 93' lang='lat' dir='ltr'>quoque</span> <span class='ocrx_word' id='word_1_85' title='bbox 1303 1717 1492 1760; x_wconf 86' lang='lat' dir='ltr'>hauserit</span> <span class='ocrx_word' id='word_1_86' title='bbox 1523 1716 1785 1774; x_wconf 79' lang='lat' dir='ltr'>Propertius·</span> 
     </span>
     <span class='ocr_line' id='line_1_16' title="bbox 281 1791 1792 1849; baseline 0.001 -15"><span class='ocrx_word' id='word_1_87' title='bbox 281 1791 452 1848; x_wconf 86' lang='lat' dir='ltr'>Ergone</span> <span class='ocrx_word' id='word_1_88' title='bbox 509 1795 657 1848; x_wconf 74' lang='lat' dir='ltr'>poetae</span> <span class='ocrx_word' id='word_1_89' title='bbox 701 1791 852 1834; x_wconf 87' lang='lat' dir='ltr'>Latino</span> <span class='ocrx_word' id='word_1_90' title='bbox 898 1806 986 1835; x_wconf 93' lang='lat' dir='ltr'>non</span> <span class='ocrx_word' id='word_1_91' title='bbox 1032 1793 1133 1836; x_wconf 88' lang='lat' dir='ltr'>licet</span> <span class='ocrx_word' id='word_1_92' title='bbox 1178 1793 1378 1836; x_wconf 87' lang='lat' dir='ltr'>vocabuli</span> <span class='ocrx_word' id='word_1_93' title='bbox 1427 1794 1678 1849; x_wconf 86' lang='lat' dir='ltr'>pyramis</span> <span class='ocrx_word' id='word_1_94' title='bbox 1725 1794 1792 1836; x_wconf 90' lang='lat' dir='ltr'>uti</span> 
     </span>
     <span class='ocr_line' id='line_1_17' title="bbox 278 1868 1792 1927; baseline 0.001 -16"><span class='ocrx_word' id='word_1_95' title='bbox 278 1869 468 1924; x_wconf 85' lang='lat' dir='ltr'>genitivo</span> <span class='ocrx_word' id='word_1_96' title='bbox 527 1868 694 1924; x_wconf 90' lang='lat' dir='ltr'>plurali,</span> <span class='ocrx_word' id='word_1_97' title='bbox 753 1869 859 1924; x_wconf 92' lang='lat' dir='ltr'>quin</span> <span class='ocrx_word' id='word_1_98' title='bbox 905 1869 951 1910; x_wconf 92' lang='lat' dir='ltr'>in</span> <span class='ocrx_word' id='word_1_99' title='bbox 1000 1870 1290 1925; x_wconf 89' lang='lat' dir='ltr'>suspicionem</span> <span class='ocrx_word' id='word_1_100' title='bbox 1338 1871 1531 1912; x_wconf 85' lang='lat' dir='ltr'>incurrat</span> <span class='ocrx_word' id='word_1_101' title='bbox 1575 1870 1725 1927; x_wconf 79' lang='lat' dir='ltr'>plagii·</span> <span class='ocrx_word' id='word_1_102' title='bbox 1753 1870 1792 1913; x_wconf 87' lang='lat' dir='ltr'>si</span> 
     </span>
     <span class='ocr_line' id='line_1_18' title="bbox 284 1943 1793 2001; baseline 0.003 -15"><span class='ocrx_word' id='word_1_103' title='bbox 284 1944 428 1986; x_wconf 90' lang='lat' dir='ltr'>eadem</span> <span class='ocrx_word' id='word_1_104' title='bbox 477 1943 612 1986; x_wconf 85' lang='lat' dir='ltr'>forma</span> <span class='ocrx_word' id='word_1_105' title='bbox 658 1948 699 1986; x_wconf 90' lang='lat' dir='ltr'>et</span> <span class='ocrx_word' id='word_1_106' title='bbox 740 1944 842 1986; x_wconf 90' lang='lat' dir='ltr'>alibi</span> <span class='ocrx_word' id='word_1_107' title='bbox 883 1945 1161 1987; x_wconf 81' lang='lat' dir='ltr'>inveniatur?</span> <span class='ocrx_word' id='word_1_108' title='bbox 1203 1946 1275 1987; x_wconf 88' lang='lat' dir='ltr'>An</span> <span class='ocrx_word' id='word_1_109' title='bbox 1309 1958 1396 1987; x_wconf 91' lang='lat' dir='ltr'>non</span> <span class='ocrx_word' id='word_1_110' title='bbox 1428 1947 1568 2001; x_wconf 92' lang='lat' dir='ltr'>potuit</span> <span class='ocrx_word' id='word_1_111' title='bbox 1597 1949 1687 1989; x_wconf 85' lang='lat' dir='ltr'>tota</span> <span class='ocrx_word' id='word_1_112' title='bbox 1717 1946 1793 1990; x_wconf 81' lang='lat' dir='ltr'>illa</span> 
     </span>
     <span class='ocr_line' id='line_1_19' title="bbox 283 2019 1792 2077; baseline 0.004 -17"><span class='ocrx_word' id='word_1_113' title='bbox 283 2032 372 2061; x_wconf 84' lang='lat' dir='ltr'>vox</span> <span class='ocrx_word' id='word_1_114' title='bbox 400 2021 651 2075; x_wconf 89' lang='lat' dir='ltr'>pyramis</span> <span class='ocrx_word' id='word_1_115' title='bbox 677 2019 911 2075; x_wconf 80' lang='lat' dir='ltr'>Propertio,</span> <span class='ocrx_word' id='word_1_116' title='bbox 939 2033 1026 2062; x_wconf 89' lang='lat' dir='ltr'>non</span> <span class='ocrx_word' id='word_1_117' title='bbox 1054 2021 1309 2064; x_wconf 87' lang='lat' dir='ltr'>admonente</span> <span class='ocrx_word' id='word_1_118' title='bbox 1336 2021 1529 2077; x_wconf 87' lang='lat' dir='ltr'>Horatio,</span> <span class='ocrx_word' id='word_1_119' title='bbox 1545 2026 1647 2066; x_wconf 87' lang='lat' dir='ltr'>nota</span> <span class='ocrx_word' id='word_1_120' title='bbox 1663 2023 1792 2067; x_wconf 76' lang='lat' dir='ltr'>esse?</span> 
     </span>
     <span class='ocr_line' id='line_1_20' title="bbox 284 2094 1792 2154; baseline 0.004 -18"><span class='ocrx_word' id='word_1_121' title='bbox 284 2094 367 2137; x_wconf 86' lang='lat' dir='ltr'>Sed</span> <span class='ocrx_word' id='word_1_122' title='bbox 413 2097 497 2137; x_wconf 90' lang='lat' dir='ltr'>iam</span> <span class='ocrx_word' id='word_1_123' title='bbox 543 2109 681 2138; x_wconf 87' lang='lat' dir='ltr'>unum</span> <span class='ocrx_word' id='word_1_124' title='bbox 726 2095 837 2138; x_wconf 89' lang='lat' dir='ltr'>illud</span> <span class='ocrx_word' id='word_1_125' title='bbox 883 2096 1141 2139; x_wconf 89' lang='lat' dir='ltr'>vocabulum</span> <span class='ocrx_word' id='word_1_126' title='bbox 1190 2098 1370 2140; x_wconf 90' lang='lat' dir='ltr'>missum</span> <span class='ocrx_word' id='word_1_127' title='bbox 1417 2098 1639 2154; x_wconf 88' lang='lat' dir='ltr'>faciamus,</span> <span class='ocrx_word' id='word_1_128' title='bbox 1679 2101 1792 2142; x_wconf 86' lang='lat' dir='ltr'>totos</span> 
     </span>
     <span class='ocr_line' id='line_1_21' title="bbox 284 2171 1793 2231; baseline 0.005 -19"><span class='ocrx_word' id='word_1_129' title='bbox 284 2171 400 2214; x_wconf 90' lang='lat' dir='ltr'>locos</span> <span class='ocrx_word' id='word_1_130' title='bbox 431 2172 544 2214; x_wconf 89' lang='lat' dir='ltr'>inter</span> <span class='ocrx_word' id='word_1_131' title='bbox 575 2185 620 2214; x_wconf 87' lang='lat' dir='ltr'>se</span> <span class='ocrx_word' id='word_1_132' title='bbox 651 2185 962 2228; x_wconf 87' lang='lat' dir='ltr'>comparemus,</span> <span class='ocrx_word' id='word_1_133' title='bbox 991 2173 1052 2215; x_wconf 89' lang='lat' dir='ltr'>ita</span> <span class='ocrx_word' id='word_1_134' title='bbox 1085 2173 1304 2229; x_wconf 89' lang='lat' dir='ltr'>apparebit</span> <span class='ocrx_word' id='word_1_135' title='bbox 1335 2188 1421 2216; x_wconf 90' lang='lat' dir='ltr'>non</span> <span class='ocrx_word' id='word_1_136' title='bbox 1451 2176 1643 2231; x_wconf 83' lang='lat' dir='ltr'>potuisse</span> <span class='ocrx_word' id='word_1_137' title='bbox 1667 2175 1793 2219; x_wconf 86' lang='lat' dir='ltr'>facile</span> 
     </span>
     <span class='ocr_line' id='line_1_22' title="bbox 286 2247 1792 2306; baseline 0.004 -17"><span class='ocrx_word' id='word_1_138' title='bbox 286 2247 393 2289; x_wconf 86' lang='lat' dir='ltr'>duas</span> <span class='ocrx_word' id='word_1_139' title='bbox 441 2248 545 2290; x_wconf 91' lang='lat' dir='ltr'>alias</span> <span class='ocrx_word' id='word_1_140' title='bbox 595 2261 664 2290; x_wconf 90' lang='lat' dir='ltr'>res</span> <span class='ocrx_word' id='word_1_141' title='bbox 710 2249 944 2304; x_wconf 81' lang='lat' dir='ltr'>excogitari</span> <span class='ocrx_word' id='word_1_142' title='bbox 989 2262 1099 2304; x_wconf 92' lang='lat' dir='ltr'>quae</span> <span class='ocrx_word' id='word_1_143' title='bbox 1141 2251 1277 2306; x_wconf 87' lang='lat' dir='ltr'>magis</span> <span class='ocrx_word' id='word_1_144' title='bbox 1319 2251 1432 2293; x_wconf 89' lang='lat' dir='ltr'>inter</span> <span class='ocrx_word' id='word_1_145' title='bbox 1474 2264 1520 2294; x_wconf 89' lang='lat' dir='ltr'>se</span> <span class='ocrx_word' id='word_1_146' title='bbox 1562 2251 1792 2295; x_wconf 85' lang='lat' dir='ltr'>differrent.</span> 
     </span>
     <span class='ocr_line' id='line_1_23' title="bbox 287 2321 1793 2383; baseline 0.005 -19"><span class='ocrx_word' id='word_1_147' title='bbox 287 2321 398 2372; x_wconf 84' lang='lat' dir='ltr'>Quid</span> <span class='ocrx_word' id='word_1_148' title='bbox 446 2323 595 2365; x_wconf 81' lang='lat' dir='ltr'>enim?</span> <span class='ocrx_word' id='word_1_149' title='bbox 634 2323 730 2366; x_wconf 89' lang='lat' dir='ltr'>Hoc</span> <span class='ocrx_word' id='word_1_150' title='bbox 760 2323 848 2366; x_wconf 86' lang='lat' dir='ltr'>fere</span> <span class='ocrx_word' id='word_1_151' title='bbox 881 2324 986 2367; x_wconf 88' lang='lat' dir='ltr'>dicit</span> <span class='ocrx_word' id='word_1_152' title='bbox 1017 2325 1291 2381; x_wconf 85' lang='lat' dir='ltr'>Propertius:</span> <span class='ocrx_word' id='word_1_153' title='bbox 1330 2326 1518 2382; x_wconf 88' lang='lat' dir='ltr'>„Neque</span> <span class='ocrx_word' id='word_1_154' title='bbox 1549 2325 1793 2383; x_wconf 83' lang='lat' dir='ltr'>pyramides</span> 
     </span>
     <span class='ocr_line' id='line_1_24' title="bbox 285 2400 1796 2460; baseline 0.004 -19"><span class='ocrx_word' id='word_1_155' title='bbox 285 2412 426 2454; x_wconf 90' lang='lat' dir='ltr'>neque</span> <span class='ocrx_word' id='word_1_156' title='bbox 471 2400 558 2442; x_wconf 89' lang='lat' dir='ltr'>ulla</span> <span class='ocrx_word' id='word_1_157' title='bbox 599 2400 681 2442; x_wconf 84' lang='lat' dir='ltr'>alia</span> <span class='ocrx_word' id='word_1_158' title='bbox 724 2411 1017 2456; x_wconf 87' lang='lat' dir='ltr'>monumenta,</span> <span class='ocrx_word' id='word_1_159' title='bbox 1061 2403 1258 2457; x_wconf 84' lang='lat' dir='ltr'>quamvis</span> <span class='ocrx_word' id='word_1_160' title='bbox 1291 2404 1378 2446; x_wconf 89' lang='lat' dir='ltr'>sint</span> <span class='ocrx_word' id='word_1_161' title='bbox 1408 2417 1564 2460; x_wconf 88' lang='lat' dir='ltr'>magno</span> <span class='ocrx_word' id='word_1_162' title='bbox 1596 2403 1741 2448; x_wconf 88' lang='lat' dir='ltr'>labore</span> <span class='ocrx_word' id='word_1_163' title='bbox 1769 2414 1796 2447; x_wconf 83' lang='lat' dir='ltr'>e</span> 
     </span>
     <span class='ocr_line' id='line_1_25' title="bbox 290 2475 1792 2533; baseline 0.005 -17"><span class='ocrx_word' id='word_1_164' title='bbox 290 2475 547 2517; x_wconf 89' lang='lat' dir='ltr'>solidissima</span> <span class='ocrx_word' id='word_1_165' title='bbox 596 2477 771 2519; x_wconf 89' lang='lat' dir='ltr'>materie</span> <span class='ocrx_word' id='word_1_166' title='bbox 812 2477 1044 2533; x_wconf 85' lang='lat' dir='ltr'>aedificata,</span> <span class='ocrx_word' id='word_1_167' title='bbox 1086 2482 1258 2521; x_wconf 86' lang='lat' dir='ltr'>aeterna</span> <span class='ocrx_word' id='word_1_168' title='bbox 1300 2483 1403 2522; x_wconf 88' lang='lat' dir='ltr'>sunt</span> <span class='ocrx_word' id='word_1_169' title='bbox 1445 2483 1487 2523; x_wconf 92' lang='lat' dir='ltr'>et</span> <span class='ocrx_word' id='word_1_170' title='bbox 1525 2480 1792 2524; x_wconf 81' lang='lat' dir='ltr'>immortalia.</span> 
     </span>
     <span class='ocr_line' id='line_1_26' title="bbox 287 2549 1791 2610; baseline 0.005 -19"><span class='ocrx_word' id='word_1_171' title='bbox 287 2549 370 2591; x_wconf 87' lang='lat' dir='ltr'>Sed</span> <span class='ocrx_word' id='word_1_172' title='bbox 404 2563 453 2592; x_wconf 85' lang='lat' dir='ltr'>ea</span> <span class='ocrx_word' id='word_1_173' title='bbox 482 2551 617 2606; x_wconf 86' lang='lat' dir='ltr'>gloria</span> <span class='ocrx_word' id='word_1_174' title='bbox 652 2552 765 2606; x_wconf 93' lang='lat' dir='ltr'>quod</span> <span class='ocrx_word' id='word_1_175' title='bbox 797 2555 840 2594; x_wconf 91' lang='lat' dir='ltr'>te</span> <span class='ocrx_word' id='word_1_176' title='bbox 867 2552 1136 2596; x_wconf 89' lang='lat' dir='ltr'>celebrarunt</span> <span class='ocrx_word' id='word_1_177' title='bbox 1161 2557 1310 2610; x_wconf 73' lang='lat' dir='ltr'>poetae</span> <span class='ocrx_word' id='word_1_178' title='bbox 1338 2555 1457 2597; x_wconf 92' lang='lat' dir='ltr'>nulla</span> <span class='ocrx_word' id='word_1_179' title='bbox 1482 2555 1553 2598; x_wconf 89' lang='lat' dir='ltr'>die</span> <span class='ocrx_word' id='word_1_180' title='bbox 1569 2555 1791 2599; x_wconf 88' lang='lat' dir='ltr'>delebitur.</span> 
     </span>
     <span class='ocr_line' id='line_1_27' title="bbox 287 2624 1791 2684; baseline 0.006 -19"><span class='ocrx_word' id='word_1_181' title='bbox 287 2624 438 2679; x_wconf 90' lang='lat' dir='ltr'>Neque</span> <span class='ocrx_word' id='word_1_182' title='bbox 469 2627 512 2666; x_wconf 90' lang='lat' dir='ltr'>in</span> <span class='ocrx_word' id='word_1_183' title='bbox 548 2627 800 2669; x_wconf 87' lang='lat' dir='ltr'>universum</span> <span class='ocrx_word' id='word_1_184' title='bbox 834 2628 887 2670; x_wconf 91' lang='lat' dir='ltr'>de</span> <span class='ocrx_word' id='word_1_185' title='bbox 917 2630 1055 2684; x_wconf 70' lang='lat' dir='ltr'>poetis</span> <span class='ocrx_word' id='word_1_186' title='bbox 1087 2630 1168 2672; x_wconf 92' lang='lat' dir='ltr'>hoc</span> <span class='ocrx_word' id='word_1_187' title='bbox 1200 2630 1302 2673; x_wconf 91' lang='lat' dir='ltr'>dicit</span> <span class='ocrx_word' id='word_1_188' title='bbox 1334 2631 1409 2673; x_wconf 89' lang='lat' dir='ltr'>sed</span> <span class='ocrx_word' id='word_1_189' title='bbox 1436 2631 1488 2673; x_wconf 86' lang='lat' dir='ltr'>de</span> <span class='ocrx_word' id='word_1_190' title='bbox 1516 2644 1603 2673; x_wconf 92' lang='lat' dir='ltr'>una</span> <span class='ocrx_word' id='word_1_191' title='bbox 1618 2631 1791 2674; x_wconf 89' lang='lat' dir='ltr'>illorum</span> 
     </span>
     <span class='ocr_line' id='line_1_28' title="bbox 289 2700 1791 2762; baseline 0.005 -21"><span class='ocrx_word' id='word_1_192' title='bbox 289 2701 439 2754; x_wconf 87' lang='lat' dir='ltr'>specie.</span> <span class='ocrx_word' id='word_1_193' title='bbox 467 2700 706 2744; x_wconf 87' lang='lat' dir='ltr'>Praemittit</span> <span class='ocrx_word' id='word_1_194' title='bbox 739 2704 853 2745; x_wconf 89' lang='lat' dir='ltr'>enim</span> <span class='ocrx_word' id='word_1_195' title='bbox 884 2704 1176 2759; x_wconf 88' lang='lat' dir='ltr'>lepidissimos</span> <span class='ocrx_word' id='word_1_196' title='bbox 1202 2706 1330 2748; x_wconf 90' lang='lat' dir='ltr'>hosce</span> <span class='ocrx_word' id='word_1_197' title='bbox 1358 2706 1608 2761; x_wconf 86' lang='lat' dir='ltr'>versiculos,</span> <span class='ocrx_word' id='word_1_198' title='bbox 1623 2707 1670 2748; x_wconf 94' lang='lat' dir='ltr'>in</span> <span class='ocrx_word' id='word_1_199' title='bbox 1697 2706 1791 2762; x_wconf 88' lang='lat' dir='ltr'>qui-</span> 
     </span>
    </p>
   </div>
   <div class='ocr_carea' id='block_1_7' title="bbox 288 2773 1791 2892">
    <p class='ocr_par' dir='ltr' id='par_1_10' title="bbox 288 2773 1791 2892">
     <span class='ocr_line' id='line_1_29' title="bbox 289 2773 1791 2837; baseline 0.006 -22"><span class='ocrx_word' id='word_1_200' title='bbox 289 2773 369 2816; x_wconf 93' lang='lat' dir='ltr'>bus</span> <span class='ocrx_word' id='word_1_201' title='bbox 417 2788 565 2818; x_wconf 90' lang='lat' dir='ltr'>eorum</span> <span class='ocrx_word' id='word_1_202' title='bbox 613 2790 720 2832; x_wconf 89' lang='lat' dir='ltr'>quos</span> <span class='ocrx_word' id='word_1_203' title='bbox 768 2779 896 2821; x_wconf 87' lang='lat' dir='ltr'>citavi</span> <span class='ocrx_word' id='word_1_204' title='bbox 941 2780 1055 2823; x_wconf 90' lang='lat' dir='ltr'>inest</span> <span class='ocrx_word' id='word_1_205' title='bbox 1103 2785 1407 2837; x_wconf 87' lang='lat' dir='ltr'>argumentum</span> <span class='ocrx_word' id='word_1_206' title='bbox 1450 2782 1497 2823; x_wconf 92' lang='lat' dir='ltr'>in</span> <span class='ocrx_word' id='word_1_207' title='bbox 1528 2780 1658 2824; x_wconf 87' lang='lat' dir='ltr'>breve</span> <span class='ocrx_word' id='word_1_208' title='bbox 1689 2794 1791 2824; x_wconf 89' lang='lat' dir='ltr'>con-</span> 
     </span>
     <span class='ocr_line' id='line_1_30' title="bbox 288 2853 500 2892; baseline 0.005 -1"><span class='ocrx_word' id='word_1_209' title='bbox 288 2853 500 2892; x_wconf 88' lang='lat' dir='ltr'>tractum:</span> 
     </span>
    </p>
   </div>
   <div class='ocr_carea' id='block_1_8' title="bbox 1966 0 2034 2340">
    <p class='ocr_par' dir='ltr' id='par_1_11' title="bbox 1966 0 2034 2340">
     <span class='ocr_line' id='line_1_31' title="bbox 1966 0 2034 2340; baseline 0 0"><span class='ocrx_word' id='word_1_210' title='bbox 1966 0 2034 2340; x_wconf 95' lang='lat' dir='ltr'> </span> 
     </span>
    </p>
   </div>
   <div class='ocr_carea' id='block_1_9' title="bbox 2012 2657 2034 3334">
    <p class='ocr_par' dir='ltr' id='par_1_12' title="bbox 2012 2657 2034 3334">
     <span class='ocr_line' id='line_1_32' title="bbox 2012 2657 2034 3334; baseline 0 0"><span class='ocrx_word' id='word_1_211' title='bbox 2012 2657 2034 3334; x_wconf 95' lang='lat' dir='ltr'> </span> 
     </span>
    </p>
   </div>
  </div>
 </body>
</html>
