2034 3334
916 338 969 379 77

195 470 279 509 tam
325 465 528 508 hodierno
571 465 798 520 colligendi
831 462 1200 520 conquirendique
1232 462 1373 505 studio
1407 463 1602 507 addictus
1636 467 1701 507 est

195 546 244 584 ut
286 555 342 585 ex
383 542 516 584 animi
559 542 771 583 sententia
804 540 1016 584 declarare
1048 540 1181 595 possit
1212 538 1294 581 sibi
1326 539 1496 581 satiram
1530 539 1701 582 Horati-

192 631 318 661 anam
357 618 515 674 legenti
557 617 730 673 Virgilii
775 616 980 672 Georgica
1013 616 1056 657 in
1091 618 1276 658 mentem
1317 616 1493 658 venire?
1525 615 1699 659 Novum

193 694 380 751 profecto
421 693 537 736 istud
580 692 777 746 παρῳδίαις
808 705 959 748 genus,
993 705 1122 748 quam
1158 704 1212 734 ne
1242 691 1313 734 ille
1345 691 1518 746 quidem
1547 706 1700 748 agnos-

194 784 289 814 cere
320 772 454 827 possit
492 772 567 827 qui
598 771 642 813 τὸ
675 768 966 824 παρῳδούμενον
1001 770 1204 812 memoria
1237 770 1398 812 teneat!
1436 768 1548 820 Quid
1583 771 1698 826 quod

196 847 249 889 ad
293 846 540 889 incredibile
580 847 698 888 istud
742 846 1011 902 probandum
1044 849 1261 901 praeterea
1296 859 1403 901 opus
1439 850 1502 889 est
1535 849 1702 890 coniec-

195 927 292 966 tura
333 936 469 978 aeque
512 922 761 965 incredibili.
803 922 1085 965 Statuendum
1130 922 1245 964 enim
1288 925 1352 964 est
1385 935 1471 980 non
1505 936 1699 966 seorsum

197 999 271 1041 sed
303 998 432 1041 simul
463 998 610 1041 ambos
643 992 872 1040 satirarum
904 998 1035 1040 libros
1068 998 1114 1039 in
1148 997 1288 1040 lucem
1320 1010 1414 1040 esse
1445 982 1700 1053 editos3Ho-

196 1066 402 1131 ratioque,
435 1088 570 1131 quum
602 1075 687 1117 iam
720 1076 765 1116 in
798 1087 847 1117 eo
879 1078 991 1117 esset
1025 1078 1072 1116 ut
1104 1086 1177 1116 eos
1210 1074 1372 1130 publici
1404 1076 1512 1118 iuris
1530 1075 1699 1132 faceret,

201 1164 360 1194 novum
402 1163 495 1194 esse
532 1151 708 1194 allatum
742 1150 914 1207 Virgilii
946 1164 1078 1207 opus:
1114 1151 1255 1193 statim
1289 1163 1385 1194 eum
1421 1155 1511 1194 tum
1545 1165 1700 1196 novam

200 1228 373 1270 satiram
418 1228 640 1283 scripsisse
688 1240 815 1283 quam
863 1226 984 1269 libris
1034 1228 1124 1270 suis
1170 1230 1389 1283 tamquam
1433 1230 1700 1284 prooemium

199 1305 496 1359 praemitteret.
522 1303 640 1346 Nihil
673 1305 802 1358 enim,
832 1304 968 1358 credO,
995 1305 1139 1360 potius
1168 1305 1207 1346 ei
1232 1304 1315 1346 fuit
1332 1318 1461 1360 quam
1478 1308 1526 1347 ut
1543 1307 1702 1348 scurri-

199 1380 312 1424 libus
345 1380 603 1436 quibusdam
632 1380 684 1422 de
710 1379 947 1422 admirabili
979 1380 1162 1436 aequali,
1191 1381 1263 1423 cui
1280 1384 1342 1423 tot
1357 1384 1500 1423 ettam
1521 1395 1698 1439 magnas

201 1471 268 1500 res
301 1457 481 1511 deberet,
512 1458 617 1499 iocis
649 1456 886 1499 conflandis
919 1461 1053 1500 semet
1083 1458 1224 1513 ipsum
1252 1458 1297 1499 in
1327 1459 1487 1500 civium
1523 1472 1699 1501 suorum

200 1534 428 1577 adduceret
455 1534 824 1589 contemptionem.
855 1532 1027 1589 Ergone
1059 1533 1139 1576 hoc
1172 1547 1345 1589 quoque
1372 1534 1497 1577 nobis
1525 1536 1700 1578 creden—

203 1611 318 1664 dum,
339 1610 571 1666 Virgilium
591 1609 824 1652 adversarii
840 1610 1011 1665 ineptiis
1028 1610 1310 1666 respondisse,
1327 1615 1501 1667 tamque
1519 1611 1700 1655 obscure

203 1686 472 1742 respondisse
518 1689 568 1728 ut
610 1698 734 1728 nemo
776 1685 1020 1741 aequalium
1052 1690 1373 1742 posterorumve
1404 1687 1511 1730 illud
1545 1690 1703 1732 sentire

204 1762 431 1804 consilium
478 1761 654 1817 posset?
701 1761 925 1804 Nihildum
975 1766 1236 1818 compertum
1285 1767 1350 1806 est
1389 1777 1529 1820 neque
1559 1769 1701 1808 tamen
1820 1790 1833 1804 1
1868 1793 1894 1809 2,

205 1839 360 1894 quietis
405 1837 528 1880 nobis
575 1850 668 1881 esse
698 1838 807 1881 licet.
840 1839 1097 1894 Agnoscunt
1130 1840 1242 1882 enim
1276 1841 1357 1882 viri
1389 1841 1500 1883 docti
1531 1842 1702 1884 nullum

205 1919 369 1957 certum
406 1914 630 1969 „talionis”
661 1918 710 1957 ut
742 1915 864 1958 aiunt
895 1916 1009 1971 apud
1041 1915 1271 1972 Virgilium
1305 1921 1473 1960 exstare
1505 1919 1701 1974 signum;

207 1994 350 2033 metuo
398 2004 497 2046 ergo
539 2003 594 2034 ne
633 1992 758 2033 etiam
791 1991 1202 2035 eiusmodi‘talionis
1235 1994 1368 2049 signis
1400 1995 1704 2050 conquirendis

206 2067 448 2121 diligentiae
494 2067 817 2123 industriaeque
866 2081 969 2111 suae
1016 2068 1319 2111 documentum
1364 2070 1463 2112 dare
1506 2071 1705 2114 studeant

205 2143 375 2185 illorum
424 2143 634 2199 discipuli.
679 2142 894 2194 Quaerant
935 2157 1109 2198 censeo3
1145 2158 1222 2188 nos
1254 2147 1416 2189 interea
1447 2146 1499 2188 ab
1534 2147 1702 2189 Horatii

207 2220 348 2262 satiris
374 2218 521 2261 abesse
546 2220 750 2275 „vestigia
767 2219 908 2262 ruris’'
925 2221 1298 2276 persuasissimum
1315 2222 1439 2264 nobis
1457 2222 1701 2266 habeamus.

267 2295 337 2338 Ad
378 2296 558 2338 alterum
590 2299 758 2338 nostrae
790 2297 939 2339 aetatis
972 2297 1023 2339 de
1055 2297 1234 2340 Horatio
1266 2298 1490 2341 inventum
1523 2307 1705 2342 transeo.

206 2372 383 2414 Tantam
415 2372 529 2413 enim
561 2371 671 2414 inter
703 2371 875 2435 VEfflffi
907 2372 1098 2429 eclogam
1131 2377 1323 2429 quartam
1358 2377 1400 2416 et
1424 2373 1591 2425 Horatii
1607 2388 1705 2430 epo-

206 2449 293 2512 291¹
323 2447 433 2490 XVI
463 2447 723 2490 intercedere
755 2448 1090 2503 similitudinem,
1124 2453 1171 2491 ut
1199 2450 1305 2505 quin
1330 2449 1434 2492 alter
1463 2454 1587 2506 poeta
1604 2451 1705 2494 alte—

209 2526 300 2568 rius
332 2524 461 2568 verba
493 2524 701 2566 nonnulla
728 2525 779 2567 de
805 2525 1017 2568 industria
1043 2526 1089 2567 in
1106 2539 1233 2568 suum
1252 2527 1516 2570 transtulerit
1533 2541 1704 2571 carmen

211 2602 397 2644 dubitari
437 2604 630 2657 nequeat,
672 2602 912 2643 communis
944 2602 1028 2643 iam
1062 2603 1251 2644 virorum
1285 2603 1505 2645 doctorum
1541 2604 1708 2647 videtur

212 2691 305 2721 esse
350 2679 504 2734 opinio.
551 2676 707 2732 Ecloga
757 2680 899 2719 autem
940 2677 1014 2719 illa
1052 2678 1104 2719 A.
1122 2677 1172 2719 U.
1204 2679 1289 2719 714
1321 2680 1476 2735 scripta
1508 2680 1706 2736 editaque

209 2758 286 2809 est,
332 2754 488 2810 epodos
530 2757 672 2795 autem
716 2753 768 2794 A.
785 2752 835 2794 U.
882 2753 978 2794 713.
1017 2752 1187 2808 Ergone
1223 2754 1373 2797 alienis
1404 2768 1450 2798 se
1482 2756 1706 2798 exornavit

212 2831 364 2887 pennis
420 2830 641 2886 Virgilius.
700 2828 826 2883 „Noli
882 2828 1079 2872 credere''
1131 2831 1330 2873 nonnulli
1375 2833 1506 2875 aiunt.
1558 2832 1708 2887 „Com-
