2034 3334
986 397 1072 438 212

237 525 482 575 Apollodori
523 525 600 565 sed
641 525 784 565 Latini
825 524 964 564 Ennii.
1002 524 1056 564 Et
1086 523 1272 564 fortasse
1304 534 1360 565 ex
1391 525 1543 566 eodem
1573 526 1694 568 fonte
1722 535 1816 576 pro·

236 600 434 640 verbium
467 601 571 640 illud
603 611 687 650 quo
719 600 938 650 parasitus
968 601 1129 640 utitur:

474 676 584 717 'I'ute
615 677 697 716 hoc
727 676 902 726 intristi,
935 675 1015 716 tibi
1046 685 1175 716 omne
1206 677 1275 716 est
1305 677 1577 717 exedendum

235 752 463 792 Terentius
504 753 664 803 hausit,
697 753 782 792 nisi
814 752 866 792 de
897 762 976 792 suo
1007 750 1149 792 finxit.
1182 751 1304 792 Haec
1334 753 1386 792 de
1417 753 1613 793 Eunuchi
1642 752 1739 794 loco
1770 753 1816 794 in

235 829 458 880 Andriam,
502 829 639 878 deque
680 828 805 868 Ennii
846 828 1046 868 versibus
1077 828 1121 868 in
1153 828 1462 869 Phormionem
1495 829 1722 870 translatis
1752 829 1816 870 ita

235 905 358 945 nobis
404 915 431 945 a
477 905 720 945 Scholiasta
760 905 990 945 traduntur
1030 906 1080 945 ut
1119 905 1266 946 nullus
1308 906 1368 945 sit
1410 906 1634 946 dubitandi
1676 905 1812 947 locus.

235 981 351 1031 Quae
393 982 431 1022 si
473 981 540 1021 cui
582 991 720 1030 pauca
749 981 991 1030 videantur,
1025 990 1111 1020 non
1142 991 1221 1030 ego
1254 981 1339 1021 huc
1370 981 1618 1031 confugiam
1649 983 1699 1022 ut
1728 982 1810 1023 for-

234 1059 353 1098 tasse
385 1057 470 1097 alia
501 1068 557 1097 ex
589 1058 671 1097 hoc
701 1067 858 1107 genere
891 1053 1092 1106 exempla
1122 1057 1303 1107 periisse
1337 1056 1502 1097 dicam:
1535 1058 1673 1099 immo
1699 1057 1813 1100 ultro

234 1134 373 1174 fateor
417 1134 542 1184 plura
589 1144 644 1173 ex
687 1134 838 1173 eodem
880 1144 1036 1183 genere
1074 1134 1118 1173 in
1150 1133 1327 1182 antiquo
1360 1134 1674 1174 commentario
1703 1134 1814 1175 mihi

233 1196 347 1250 lecta
377 1210 512 1250 fuisse
544 1221 630 1249 non
662 1210 810 1259 videri,
846 1209 928 1249 Sed
959 1209 1178 1258 permulta
1210 1208 1307 1259 alia,
1341 1219 1452 1258 quae
1485 1211 1636 1250 tamen
1660 1210 1813 1251 eodem
1879 1226 1885 1238 e

233 1287 415 1326 tendant
461 1286 620 1335 omnia,
669 1286 784 1325 idem
831 1295 910 1324 nos
956 1285 1104 1325 docet:
1153 1295 1263 1333 quae
1305 1285 1476 1334 singula
1516 1295 1656 1335 neque
1685 1285 1813 1336 plane

233 1363 351 1402 certa
398 1372 536 1411 neque
582 1361 731 1410 magni
772 1361 986 1401 momenti
1018 1361 1155 1400 videri
1187 1361 1369 1411 possint,
1403 1361 1633 1402 coniuncta
1661 1363 1813 1403 tamen

232 1441 276 1478 et
306 1438 563 1478 firmissima
593 1439 697 1477 sunt
727 1439 771 1477 et
802 1437 1076 1487 gravissima.
1110 1437 1284 1476 Etenim
1317 1438 1657 1488 quotiescunque
1683 1438 1810 1479 Scho-

232 1515 363 1554 liasta
393 1514 645 1554 Terentium
680 1514 859 1564 „mire,'’
892 1513 1150 1564 „artificiose
1169 1514 1192 1530 '’
1221 1513 1448 1562 scripsisse
1475 1514 1648 1564 iudicat,
1676 1514 1810 1555 simul

233 1591 341 1630 mihi
373 1589 617 1640 significare
648 1591 818 1630 videtur
849 1600 950 1629 eum
975 1590 1062 1629 illis
1088 1589 1194 1629 locis
1222 1589 1274 1628 ab
1302 1589 1542 1639 exemplari
1566 1599 1647 1630 suo
1672 1599 1807 1630 reces-

233 1668 357 1707 sisse.
415 1667 734 1716 Nonnunquam
790 1666 964 1706 disertis
1021 1666 1125 1706 illud
1182 1666 1287 1705 dicit
1342 1665 1499 1706 verbis
1557 1666 1623 1706 Ad
1674 1665 1807 1707 Andr.

232 1744 282 1794 V,
317 1745 357 1794 3,
392 1745 471 1783 20:

530 1820 707 1870 Domus,
742 1830 864 1869 uxor,
898 1818 1020 1858 liberi
1052 1818 1219 1857 inventi
1251 1818 1388 1858 invito
1420 1819 1543 1867 patre

232 1899 490 1936 annotatum
532 1897 803 1936 invenimus:
837 1895 976 1945 „mira
1005 1894 1220 1944 gravitate
1252 1905 1409 1933 sensus
1440 1895 1582 1934 elatus
1613 1895 1694 1944 est,
1726 1904 1808 1934 nec

233 1973 284 2012 de
315 1973 559 2022 Menandro,
593 1972 668 2012 sed
700 1971 922 2021 proprium
953 1970 1188 2010 Terentii.”

291 2049 357 2088 Ad
388 2049 509 2088 Adel.
543 2048 613 2098 IV,
649 2049 698 2088 7:

1035 2123 1136 2172 Ipsa
1166 2123 1204 2161 si
1238 2122 1382 2171 cupiat
1413 2122 1552 2172 Salus,

470 2201 651 2240 Servare
682 2209 858 2249 prorsus
889 2209 975 2238 non
1006 2199 1150 2247 potest
1181 2198 1293 2236 hanc
1323 2197 1551 2237 familiam.

236 2277 373 2326 „Hinc
412 2276 515 2315 licet
555 2276 788 2315 aestimare
831 2275 1043 2323 quantum
1085 2275 1130 2312 et
1166 2273 1320 2312 coloris
1353 2274 1396 2311 et
1427 2272 1657 2322 gravitatis
1692 2272 1805 2322 apud

231 2353 482 2392 Terentium
537 2352 595 2391 sit
647 2352 700 2390 ad
747 2350 1038 2389 imitationem
1086 2347 1388 2388 Caecilianam.
1438 2348 1545 2388 Vide
1592 2350 1803 2398 quantum

231 2430 414 2468 creverit
445 2439 471 2467 a
501 2428 805 2477 superioribus,
839 2427 888 2465 ut
918 2426 982 2465 sic
1013 2424 1198 2464 finiret.”

291 2504 515 2544 Certiusne
557 2504 791 2552 quidquam
833 2501 1012 2551 cogitari
1052 2501 1228 2550 potest?
1269 2499 1420 2539 Nonne
1452 2501 1570 2540 enim
1600 2501 1672 2541 hic
1701 2500 1802 2541 an-

230 2581 327 2619 cilio
359 2581 586 2629 opponitur
617 2579 845 2618 Terentius
875 2579 1102 2626 tamquam
1127 2575 1243 2615 fideli
1269 2576 1493 2624 interpreti
1519 2578 1648 2625 poeta
1671 2587 1803 2617 verus

232 2657 472 2706 propriique
515 2656 669 2695 coloris
710 2655 902 2694 vindex?
933 2654 1083 2692 Nonne
1114 2652 1195 2691 hoc
1226 2651 1330 2690 dicit
1362 2652 1615 2702 Scholiasta,
1648 2652 1800 2693 Teren-

231 2733 354 2782 tium,
389 2743 488 2771 cum
521 2733 609 2770 iam
641 2731 693 2770 ab
725 2730 847 2768 initio
879 2729 1013 2768 libera
1044 2729 1191 2766 mente
1222 2727 1542 2775 exemplaribus
1572 2727 1665 2767 suis
1694 2738 1801 2768 usus

230 2811 358 2857 esset,
393 2808 660 2846 uberrimum
693 2806 821 2844 huius
853 2804 1020 2843 consilii
1052 2803 1217 2852 cepisse
1248 2802 1437 2841 fructum
1470 2813 1569 2842 cum
1597 2803 1799 2843 ultimam

230 2885 436 2922 scriberet
467 2883 692 2921 fabulam?

290 2960 342 2998 Et
384 2958 749 3006 quemadmodum
791 2956 974 2995 Caecilio
1015 2955 1096 3004 hic,
1140 2955 1201 2994 ita
1232 2954 1334 2993 alibi
1364 2953 1517 2992 Plauto
1548 2953 1798 3008 Terentium
