2034 3334
1055 340 1112 383 68

316 478 404 520 sus,
443 464 714 519 mulierosus,
754 464 914 516 helluo,
954 466 1125 523 egxpgia
1159 464 1439 510 Claudiorum
1472 467 1641 511 indoles
1673 479 1824 525 pagum

317 539 460 584 Druso
492 541 744 597 profuisset:
779 542 912 598 patris
945 542 1061 585 enim
1089 542 1279 599 adoptivi
1305 543 1458 603 similis
1485 543 1624 587 factus
1652 543 1827 587 esset’'?

316 617 368 661 Id
414 622 559 661 autem
600 631 686 661 non
729 619 917 662 voluisse
958 622 1126 675 poetam
1154 620 1430 676 perspicuum
1461 624 1538 676 est,
1569 625 1618 664 ut
1649 621 1826 678 opinor3

317 694 392 738 sed
424 694 543 738 aliud
574 696 621 737 in
653 698 797 738 mente
833 694 1027 748 habebat,
1061 695 1179 738 aliud
1211 700 1277 739 est
1306 696 1514 740 elocutus.

376 770 506 814 Nunc
554 771 796 814 observatio
842 772 918 814 illa
967 772 1142 815 moralis
1185 787 1209 815 a
1249 776 1374 829 poeta
1413 773 1667 829 illustratur,
1696 774 1830 819 immo

317 847 449 891 altera
481 849 574 891 eius
605 862 726 905 pars:
762 849 815 891 de
848 848 984 892 bonae
1016 850 1131 891 enim
1166 849 1434 892 educationis
1466 849 1650 893 utilitate
1667 849 1831 905 siletur,

319 938 446 986 quam
495 925 652 968 nobilis
700 926 755 968 sit
797 924 931 968 Drusi
968 938 1087 981 gens,
1131 939 1262 982 quam
1307 926 1489 982 egregiis
1519 925 1592 969 ille
1622 926 1684 982 sit
1709 929 1831 969 ortus

318 1002 569 1059 parentibus
615 1006 658 1046 et
707 1003 880 1059 proavis
926 1005 1136 1061 narratur.
1183 1002 1456 1058 Argumento
1504 1005 1647 1045 autem
1693 1002 1833 1045 utitur

321 1082 445 1136 poeta
473 1080 636 1137 proelio
671 1079 787 1136 apud
818 1079 1076 1123 Metaurum.
1109 1078 1175 1122 De
1209 1092 1258 1122 eo
1289 1079 1451 1135 proelio
1485 1092 1596 1136 quae
1627 1078 1834 1122 dicuntur

318 1158 524 1200 maiorem
569 1158 702 1200 totius
748 1157 951 1199 carminis
997 1160 1160 1213 partem
1209 1156 1398 1213 explent,
1444 1169 1626 1213 eamque
1667 1159 1833 1212 partem

319 1234 456 1278 multo
488 1233 843 1291 praecedentibus
874 1238 1089 1290 praestare
1121 1246 1263 1290 neque
1290 1246 1368 1290 ego
1396 1246 1506 1290 nego
1522 1246 1664 1290 neque
1683 1245 1835 1290 quem-

322 1325 451 1368 quam
484 1316 739 1369 negaturum
774 1312 935 1368 opinor.
965 1311 1123 1354 Insunt
1153 1312 1268 1354 enim
1298 1311 1507 1367 quaedam
1536 1311 1704 1368 egregie
1721 1309 1836 1353 dicta

322 1401 563 1445 versusque
615 1389 810 1431 omnium
856 1388 1141 1431 admiratione
1190 1388 1445 1444 dignissimi.
1491 1386 1644 1444 Neque
1690 1390 1834 1430 tamen

323 1466 439 1508 vitiis
484 1466 624 1522 iisque
671 1465 903 1508 admodum
949 1465 1154 1522 gravibus
1197 1469 1262 1508 est
1302 1466 1521 1508 immunis.
1561 1463 1686 1515 Quod
1717 1464 1832 1507 enim

324 1542 377 1586 de
408 1556 538 1586 versu
567 1543 622 1584 41
1637 1545 1640 1547 ’

626 1651 712 1704 Qui
742 1654 910 1710 primus
942 1653 1053 1696 alma
1086 1654 1180 1696 risit
1211 1653 1366 1696 adorea

324 1769 525 1814 observat
569 1770 894 1828 Peerlkampius
942 1774 1030 1814 tam
1077 1784 1228 1814 verum
1272 1774 1349 1827 est,
1383 1774 1469 1813 tam
1504 1773 1628 1813 extra
1659 1782 1833 1813 omnem

324 1847 634 1891 dubitationem
660 1849 862 1904 positum,
895 1851 943 1891 ut
974 1848 1103 1904 vulgo
1137 1848 1216 1890 hac
1250 1860 1426 1904 quoque
1462 1848 1507 1889 in
1540 1860 1586 1890 re
1619 1847 1659 1890 ei
1686 1846 1834 1890 doctos

329 1928 685 1967 commentatores
718 1924 895 1981 obloqui
927 1925 1071 1967 mirari
1104 1925 1207 1967 satis
1240 1937 1329 1966 non
1361 1925 1534 1980 possim.
1568 1924 1683 1967 Ante
1715 1936 1838 1980 proe-

330 2001 436 2043 lium
494 2002 610 2058 apud
665 2001 909 2044 Metaurum
966 2002 1070 2044 alias
1128 2001 1269 2044 clades
1314 2004 1571 2057 acceperunt
1618 1999 1839 2056 Carthagi-

332 2079 515 2134 nienseS,
562 2079 722 2135 quibus
762 2079 874 2122 illud
904 2083 1134 2140 *tamquam
1167 2078 1372 2121 cumulus
1403 2079 1582 2121 accessit
1614 2078 1839 2134 effecitque

333 2159 382 2198 ut
413 2169 589 2212 prorsus
621 2169 741 2213 spem
774 2157 1004 2212 deponeret
1030 2155 1260 2198 Hannibal.
1285 2155 1414 2199 Recte
1442 2168 1541 2212 ergo
1570 2159 1611 2198 et
1637 2155 1840 2198 historiae

332 2234 638 2276 convenienter
667 2233 957 2276 Hannibalem
990 2233 1200 2276 dicentem
1232 2233 1400 2275 inducit
1430 2232 1662 2276 Horatius:

634 2342 879 2400 Carthagini
909 2343 994 2385 iam
1027 2355 1115 2385 non
1147 2355 1226 2399 ego
1258 2343 1436 2385 nuntios

633 2419 800 2462 Mittam
833 2419 1063 2476 superbos:
1098 2419 1263 2474 occidit,
1299 2419 1454 2461 occidit

693 2496 798 2552 Spes
831 2497 970 2539 omnis
1002 2499 1044 2538 et
1073 2495 1246 2538 fortuna
1282 2496 1423 2538 nostri

751 2573 950 2616 Nominis
980 2572 1252 2616 Hasdrubale
1283 2574 1553 2628 interempto.

397 2691 481 2733 Sed
508 2704 617 2747 quae
645 2692 696 2734 de
723 2705 771 2734 eo
789 2691 949 2747 proelio
967 2691 1228 2747 praecedunt
1245 2691 1388 2734 omnia
1404 2693 1506 2733 sunt
1523 2702 1684 2745 susque
1702 2690 1841 2746 deque

336 2767 502 2810 habita:
541 2767 670 2821 „Post
701 2767 1118 2824 Carthaginiensium
1149 2769 1195 2810 in
1226 2767 1396 2810 Italiam
1422 2766 1654 2809 adventum
1671 2767 1837 2822 primus

337 2844 476 2886 laetus
522 2843 682 2886 affulsit
723 2844 812 2887 dies
851 2858 937 2903 quo
978 2844 1032 2887 ad
1072 2843 1319 2887 Metaurum
1359 2846 1601 2899 pugnatum
1633 2846 1710 2898 est,
1740 2842 1841 2885 inde
