2034 3334
945 382 1028 423 123

303 508 382 552 Est
413 509 482 550 hic
512 507 750 550 versiculus
783 519 806 549 e
837 506 1100 548 iocosissima
1131 505 1205 547 illa
1231 504 1284 546 ad
1309 503 1530 558 Lynceum
1557 504 1742 546 amicum

247 586 434 642 epistola,
478 598 603 641 quem
649 598 796 627 severa
837 585 1057 626 literarum
1089 586 1129 625 et
1160 582 1451 638 philosophiae
1483 580 1625 623 studia
1657 593 1743 622 non

248 664 350 716 satis
398 665 546 704 contra
594 660 822 715 Cynthiam
869 661 1050 715 eiusque
1095 660 1262 715 patroni
1295 657 1517 713 Cupidinis
1550 656 1745 699 defende-

246 741 332 782 rint
377 753 504 782 arma.
546 738 636 780 Vix
679 737 917 794 quidquam
961 750 1028 779 me
1059 736 1132 778 illa
1165 736 1343 778 suavius
1374 735 1513 790 legere
1546 734 1743 785 memini3

246 816 326 857 hoc
368 815 461 857 dico
502 817 543 857 et
585 817 755 869 propter
795 816 955 855 ceteros
992 812 1194 868 epistolae
1226 811 1389 866 lepores
1423 814 1464 853 et
1497 810 1744 866 praesertim

246 893 312 934 his
345 891 501 934 ductus
533 890 730 933 versibus
766 890 836 944 (15
871 892 1000 945 sqq.):

422 999 479 1042 Te
511 1000 675 1042 socium
706 1000 830 1053 vitae,
861 1002 903 1041 te
934 999 1121 1054 corporis
1152 1010 1246 1040 esse
1277 996 1431 1051 licebit,

484 1075 541 1118 Te
571 1076 791 1117 dominum
824 1075 999 1117 admitto
1031 1073 1172 1128 rebus,
1204 1074 1350 1128 amice,
1383 1074 1510 1115 meis:

427 1151 554 1194 Lecto
586 1154 628 1193 te
659 1151 810 1205 solum,
840 1151 949 1193 lecto
981 1154 1023 1193 te
1057 1151 1261 1206 deprecor
1291 1162 1402 1191 uno:

485 1227 677 1269 Rivalem
707 1239 882 1282 possum
914 1239 1001 1268 non
1034 1239 1111 1281 ego
1144 1225 1254 1268 ferre
1286 1225 1447 1279 Iovem,

252 1346 569 1400 salsissimaque
602 1344 889 1386 admonitione
920 1344 989 1397 (41
1027 1345 1156 1399 sqq.):

426 1453 584 1497 Desine
616 1458 657 1496 et
689 1453 929 1507 Aeschyleo
962 1465 1215 1508 componere
1249 1451 1379 1494 verba
1410 1451 1619 1493 cothurno

485 1529 656 1584 Desine,
690 1533 730 1572 et
762 1529 816 1571 ad
849 1529 999 1571 molles
1031 1528 1222 1571 membra
1255 1528 1420 1571 resolve
1451 1528 1613 1570 choros.

427 1605 573 1661 Incipe
604 1606 689 1647 iam
721 1609 903 1661 angusto
935 1618 1086 1647 versus
1118 1605 1324 1647 incudere
1355 1608 1494 1660 torno,

487 1681 626 1737 Inque
655 1685 753 1724 tuos
784 1682 920 1737 ignes,
955 1682 1060 1724 dure
1091 1684 1228 1737 poeta,
1261 1681 1372 1723 veni.

314 2035 396 2078 Sed
444 2038 640 2092 quamvis
687 2038 743 2079 sit
790 2037 898 2079 levis
946 2036 1139 2091 Cynthia,
1187 2036 1385 2092 quamvis
1432 2047 1556 2091 saepe
1596 2038 1752 2090 peccet,

213 2167 215 2170 Α
255 2115 397 2154 tamen
431 2116 495 2155 est
525 2111 764 2164 ζηλοτύποςε
797 2113 905 2155 illud
931 2114 1024 2155 eius
1051 2113 1204 2155 vitium
1229 2113 1494 2154 iocosissima
1512 2112 1752 2154 narratione

257 2190 380 2242 poeta
426 2188 635 2230 describit.
679 2187 834 2230 Narrat
876 2190 990 2231 enim
1034 2202 1079 2231 se
1120 2188 1417 2244 frequentibus
1450 2187 1656 2241 Cynthiae
1687 2188 1752 2228 in-

257 2264 380 2305 iuriis
411 2263 710 2306 exacerbatum
748 2264 848 2306 alibi
881 2265 1078 2307 solatium
1113 2265 1389 2320 quaesivisse,
1421 2276 1553 2318 seque
1584 2262 1752 2321 du‘a-bus

259 2352 436 2395 magnae
467 2340 511 2381 in
543 2339 648 2382 urbe
677 2339 814 2382 famae
846 2341 1113 2383 mulierculis
1143 2341 1336 2382 invitatis
1367 2340 1502 2382 hilare
1528 2351 1754 2395 apparasse

258 2415 518 2470 convivium,
566 2428 650 2470 quo
697 2428 821 2458 curas
869 2417 1000 2457 animi
1047 2416 1232 2471 pelleret.
1277 2415 1373 2457 Non
1418 2418 1561 2456 tamen
1602 2414 1675 2456 illo
1708 2427 1754 2456 se

256 2492 481 2546 pristinam
512 2502 760 2545 recuperare
786 2492 977 2546 potuisse
1003 2491 1218 2545 laetitiam,
1245 2490 1319 2532 sed
1336 2490 1504 2546 plenam
1524 2489 1605 2532 sibi
1620 2489 1753 2532 fuisse

260 2569 443 2608 mentem
492 2566 691 2607 instantis
733 2566 915 2608 alicuius
957 2566 1150 2621 periculi.
1186 2566 1294 2608 Tum
1334 2565 1476 2608 subito
1507 2565 1754 2621 potantibus

260 2643 465 2697 convivis,
507 2641 789 2696 cantantibus,
831 2642 1084 2684 saltantibus
1117 2667 1166 2673 —-
1204 2642 1312 2683 nihil
1351 2642 1463 2684 enim
1496 2643 1751 2684 intentatum

260 2718 560 2774 relinquebant
604 2717 786 2760 feminae
829 2721 878 2759 ut
918 2721 1085 2773 poetam
1128 2717 1322 2760 tristibus
1355 2719 1566 2773 eriperent
1599 2719 1755 2774 cogita-

260 2795 448 2837 tionibus
482 2820 536 2825 ——
570 2794 705 2837 furiae
736 2796 872 2837 instar
903 2795 1107 2850 irrupisse
1135 2793 1373 2848 Cynthiam,
1391 2807 1574 2849 mensas,
1590 2795 1755 2850 pocula,

259 2872 453 2915 lucernas
499 2872 717 2927 evertisse,
762 2872 806 2913 in
848 2871 1019 2927 pellices
1059 2871 1286 2927 involasse,
1327 2870 1558 2926 tibicinem,
1590 2884 1753 2913 nanum
