2034 3334
965 353 988 390 5

193 491 382 529 unquam
410 490 507 519 eam
519 480 566 518 ?”
596 478 769 517 Meliora
796 489 895 516 eum
918 478 1085 517 docebit
1103 478 1342 517 Scholiasta
1359 479 1439 518 hac
1456 479 1754 518 annotatione:

198 558 304 607 „hoc
333 557 503 596 videtur
529 566 614 595 non
642 565 737 594 esse
765 555 1039 604 contrarium,
1069 555 1143 593 sed
1172 556 1249 594 est.
1278 555 1389 593 Nam
1417 555 1584 594 dubitat
1607 557 1755 595 utrum

193 633 434 672 meretricis
490 631 832 670 satisfactionem
890 631 1113 679 exspectet
1169 641 1223 669 an
1279 631 1398 669 illam
1451 631 1624 671 omnino
1671 642 1756 671 non

194 710 413 758 quaerat.”
431 708 603 748 Etenim
621 708 804 756 illapars
821 717 884 746 ne
906 717 1048 745 nunc
1071 706 1292 755 quidem
1314 718 1473 755 quom
1495 718 1757 747 arcessor

193 785 344 824 ultro
385 785 477 823 vim
514 783 635 823 habit
670 783 970 833 „positivam”‚
1005 793 1103 821 cum
1136 783 1241 821 haec
1273 783 1330 822 sit
1360 783 1575 831 loquentis
1606 794 1754 822 mens:

197 873 335 911 „nunc
367 862 482 901 certe
514 860 622 899 mihi
655 860 842 899 eundum
875 860 982 898 est''.

253 938 345 977 Hoc
386 948 551 986 quoque
594 936 762 986 egregie
805 936 1045 975 Scholiasta
1087 937 1288 975 observat
1328 937 1534 975 vocabulo
1577 936 1757 987 igitur

194 1014 448 1064 significari:
496 1014 660 1064 „multa
695 1013 878 1052 tacitum
911 1013 1123 1062 cogitasse
1155 1013 1473 1052 adolescentem
1506 1015 1549 1052 et
1580 1014 1756 1052 tandem

194 1091 238 1130 in
278 1091 385 1130 haec
425 1091 556 1129 verba
596 1089 867 1139 prorupisse''
905 1090 954 1128 ut
984 1089 1191 1128 vocabulo
1214 1084 1301 1138 ε-ἶτ-οι
1334 1090 1444 1138 apud
1476 1090 1756 1128 Menandrum

195 1166 238 1206 in
270 1162 349 1205 εἶτα
381 1166 418 1204 τί
445 1165 620 1218 nom'16c135
1477 1208 1480 1211 ,

252 1252 315 1282 vs.
350 1243 404 1281 47
438 1253 528 1290 sqq.
789 1252 844 1280 an
874 1241 1016 1290 potius
1048 1241 1109 1280 ita
1140 1251 1211 1280 me
1243 1251 1489 1290 comparem

369 1318 463 1356 Non
494 1317 658 1366 perpeti
690 1317 969 1356 meretricum
1002 1317 1307 1356 contumelias:

369 1394 575 1443 Exclusit,
611 1395 796 1442 revocat,
831 1394 1037 1432 redeam?
1068 1404 1165 1443 non,
1200 1394 1237 1432 si
1268 1404 1339 1432 me
1372 1390 1598 1433 obsecret?

191 1469 457 1509 Vocabulum
489 1469 569 1507 ita
599 1469 723 1508 unice
757 1479 854 1507 cum
887 1469 940 1507 iis
972 1479 1080 1517 quae
1112 1479 1241 1508 versu
1273 1470 1328 1508 49
1356 1470 1556 1518 leguntur
1583 1471 1755 1519 iungen-

192 1547 294 1586 dum
336 1547 414 1595 est,
457 1547 506 1584 ut
546 1545 756 1584 Phaedria
796 1546 932 1584 dicat:
979 1556 1061 1595 „an
1101 1546 1243 1594 potius
1284 1556 1355 1584 me
1394 1557 1639 1595 comparem
1670 1558 1756 1586 non

193 1623 356 1672 perpeti
397 1622 676 1661 meretricum
720 1621 1004 1661 contumelias
1046 1622 1127 1660 ita
1162 1623 1462 1670 loquendo:
1497 1624 1753 1663 exclusit...

192 1700 443 1738 obsecret?”
476 1699 587 1737 Nam
619 1698 656 1737 si
688 1698 918 1747 iungamus
950 1699 1031 1737 ita
1062 1710 1142 1738 me
1176 1709 1513 1750 comparem,
1547 1702 1623 1739 vix
1655 1701 1756 1739 ferri

191 1774 328 1824 possit
358 1773 596 1813 infinitivus
627 1775 862 1824 perpeti.
897 1775 947 1813 cf.
981 1786 1045 1814 vs.
1081 1776 1188 1814 240:

311 1850 403 1889 itan
433 1850 596 1898 parasti
626 1851 670 1889 te
702 1851 760 1889 ut
792 1861 890 1899 spes
922 1851 1040 1889 nulla
1071 1851 1231 1890 relicua
1263 1852 1307 1890 in
1337 1853 1381 1891 te
1413 1852 1491 1891 sit
1522 1852 1631 1890 tibi?

252 1935 315 1963 vs.
351 1926 418 1974 50,
453 1936 534 1973 quo
566 1925 776 1965 Parmeno
809 1928 1059 1975 respondet:

372 2001 415 2039 Si
447 2001 618 2049 quidem
650 2002 792 2041 hercle
823 2003 974 2052 possis,
1008 2003 1068 2042 nil
1100 2004 1218 2052 prius
1249 2014 1386 2052 neque
1417 2004 1570 2043 fortius

194 2077 258 2115 sic
287 2071 376 2116 fere
408 2077 566 2116 Graece
601 2078 667 2116 est
697 2078 951 2117 vertendus:

544 2151 613 2192 ἐὰν
646 2153 746 2208 δύνῃ
778 2163 831 2205 γε·
865 2159 978 2192 τοῦτο
1011 2153 1083 2206 γὰρ
1116 2151 1278 2192 κάλλιστ’
1314 2153 1397 2206 ἔχει.

194 2229 287 2269 Non
328 2229 444 2268 enim
486 2230 534 2269 si
574 2230 794 2278 quidem
835 2230 1025 2269 hercle
1067 2231 1256 2279 possis
1293 2232 1533 2270 sententiae
1567 2233 1634 2271 est
1664 2243 1753 2280 pro-

193 2305 313 2355 tasis,
358 2307 402 2345 et
441 2306 520 2345 nil
555 2306 713 2355 prius
745 2316 922 2354 neque
953 2307 1164 2346 fortius
1197 2308 1406 2356 apodosis.
1441 2308 1754 2357 Respondentis

196 2382 262 2420 est
293 2382 495 2420 Latinum
528 2382 749 2431 quidem
780 2383 829 2421 ut
860 2381 1070 2421 Graecum
1099 2397 1155 2438 2⁵-

254 2458 308 2496 56
341 2467 431 2505 sqq.

312 2533 441 2571 Proin
471 2535 531 2583 tu,
566 2534 668 2572 dum
701 2535 769 2572 est
799 2535 983 2583 tempus,
1019 2534 1151 2572 etiam
1184 2535 1311 2582 atque
1346 2533 1479 2572 etiam
1511 2535 1662 2585 cogita,

313 2609 404 2658 Ere,
440 2619 547 2657 quae
579 2619 647 2648 res
679 2610 723 2648 in
755 2620 801 2648 se
834 2619 970 2657 neque
1003 2609 1229 2648 consilium
1262 2620 1399 2658 neque
1429 2611 1606 2649 modum

312 2685 454 2724 Habet
488 2685 638 2735 ullum,
674 2696 770 2724 eam
803 2686 978 2725 consilio
1009 2696 1155 2734 regere
1186 2696 1271 2724 non
1302 2687 1435 2734 potes.

253 2761 430 2809 Egregie
470 2771 534 2799 vs.
580 2762 632 2799 57
678 2761 721 2799 in
763 2761 906 2799 media
947 2761 1202 2800 allocutione
1244 2761 1468 2799 vocativus
1505 2772 1594 2800 ere
1627 2762 1751 2800 inter-

195 2836 387 2884 ponitur:
416 2837 478 2875 sic
505 2836 620 2876 enim
647 2836 877 2885 loquuntur
904 2837 975 2884 qui
1001 2847 1093 2875 rem
1119 2846 1309 2886 gravem,
1338 2837 1564 2885 sapiensve
1590 2838 1754 2877 dictum

197 2911 299 2949 sunt
330 2911 512 2951 allaturi.
