2034 3334
971 225 1030 270 24

206 347 412 393 vocabula
458 347 611 391 Latina
657 347 824 391 trahere
869 350 997 404 atque
1048 351 1244 404 torquere
1293 346 1520 398 volumus,
1568 346 1650 390 hoc
1694 343 1800 390 dicit

202 418 408 478 Cyclops:
454 419 615 470 „etiam
657 432 757 462 cum
796 418 920 462 horto
950 417 1127 462 florente
1159 422 1202 462 te
1233 431 1478 476 comparare
1509 416 1692 469 vellem,
1724 414 1799 460 sed

202 505 283 534 non
316 503 513 547 possum,
548 491 649 546 quia
679 488 754 532 ille
786 503 863 532 suo
893 488 988 532 loco
1021 493 1235 542 remanet,
1269 493 1320 534 tu
1346 489 1525 533 curris.''
1557 486 1680 542 Quod
1706 490 1798 531 tam

202 560 436 605 absurdum
468 563 518 603 ut
549 561 712 603 mirum
743 574 828 602 non
859 561 916 603 sit
947 559 1127 617 Hugoni
1152 559 1316 618 Magno
1342 564 1487 604 natam
1511 559 1799 616 suspicionem

202 632 316 675 hunc
357 645 530 675 versum
572 629 881 674 includendum
921 643 1026 673 esse.
1069 629 1253 682 Verum,
1297 632 1335 674 si
1370 629 1473 674 licet
1504 644 1529 674 a
1559 629 1723 687 Magno
1752 629 1797 672 in

203 704 448 760 quaestione
492 701 636 759 aliqua
668 700 878 745 Ovidiana
909 701 1156 753 dissentire,
1190 702 1251 745 sic
1282 701 1481 745 molestia
1512 715 1596 745 non
1626 698 1799 744 tollitur

203 774 276 818 sed
308 773 390 818 alio
422 774 687 817 transfertur.
721 772 990 816 Sumendum
1025 774 1140 816 enim
1173 774 1256 816 erit
1285 772 1417 816 fuisse
1444 772 1659 830 aliquem,
1688 771 1802 828 quis·

203 846 298 902 quis
345 844 478 887 fuerit
523 843 620 896 ille,
664 845 739 901 qui
782 843 915 887 talem
955 857 1131 887 versum
1173 844 1356 888 scribere
1398 848 1541 901 posset
1580 842 1710 901 idque
1752 855 1799 886 eo

205 930 355 967 senen,
402 929 530 972 quem
578 929 710 972 quam
757 917 947 959 maxime
994 914 1229 959 ridiculum
1276 929 1366 959 esse
1414 914 1541 959 modo
1583 913 1799 965 vidimus,

203 988 362 1044 quique
404 988 495 1030 sine
538 985 628 1030 ulla
668 986 880 1043 probabili
922 1000 1049 1029 causa
1092 1000 1193 1030 eum
1236 1000 1410 1030 versum
1453 986 1524 1029 hic
1555 984 1798 1029 inseruerit.

203 1056 361 1103 Contra
402 1059 440 1100 si
482 1056 637 1101 Ovidio
677 1059 761 1114 ipsi
802 1058 916 1100 hunc
948 1071 1125 1101 versum
1157 1057 1466 1114 relinquimus,
1500 1057 1582 1101 hoc
1613 1054 1801 1100 voluisse

205 1128 438 1186 Cyclopem
470 1127 729 1172 clamantem
761 1129 960 1172 inducere
991 1128 1174 1172 Ovidius
1205 1130 1287 1172 erit
1316 1127 1572 1172 censendus:
1615 1124 1803 1179 „vellem

204 1200 400 1258 pluribus
446 1203 488 1243 te
534 1199 708 1243 laudare
756 1204 883 1257 teque
930 1215 1029 1244 cum
1076 1201 1200 1244 horto
1242 1199 1375 1244 fertili
1417 1211 1687 1256 comparare,
1730 1195 1804 1241 sed

205 1269 337 1314 eheu!
371 1271 489 1328 fugis
522 1285 658 1328 neque
689 1285 758 1315 me
790 1271 940 1314 audis''
975 1275 1018 1315 et
1048 1273 1094 1314 in
1125 1285 1175 1315 ea
1205 1285 1250 1315 re
1281 1270 1541 1315 enuntianda
1571 1268 1804 1314 admodum
1877 1272 1886 1279 ⁴

203 1342 336 1385 fuisse
367 1342 539 1393 infelix,
573 1342 708 1399 quod,
742 1344 778 1385 si
809 1357 936 1399 porro
967 1342 1171 1386 ultimam
1203 1342 1604 1399 Metamorphoseon
1635 1344 1801 1398 partem

205 1414 444 1456 accuratius
485 1414 898 1464 examinaverimus,
934 1415 1114 1456 minime
1147 1413 1270 1456 nobis
1300 1415 1389 1456 iam
1424 1413 1643 1456 videbitur
1671 1413 1806 1455 incre-

207 1483 352 1527 dibile.
396 1483 571 1527 Accedit
611 1484 724 1540 quod
765 1483 841 1527 ille
882 1498 905 1526 a
935 1483 1062 1527 laude
1093 1483 1146 1527 ad
1177 1485 1542 1541 vituperationem
1573 1484 1803 1534 transitus,

206 1558 479 1611 permanente
507 1554 656 1597 eadem
682 1554 991 1597 vocabulorum
1018 1555 1319 1611 dispositione,
1346 1556 1408 1598 ita
1434 1559 1484 1597 ut
1505 1567 1674 1611 semper
1693 1566 1805 1596 nova

206 1627 415 1668 sententia
458 1626 510 1668 ab
558 1624 701 1682 aliquo
749 1627 1040 1682 comparativo
1088 1627 1266 1682 incipiat
1308 1625 1557 1679 (candidior,
1601 1623 1803 1676 floridior,

205 1695 479 1752 splendidior,
511 1695 662 1748 levior,
697 1695 893 1748 nobilior,
920 1696 1114 1748 lucidior,
1143 1696 1317 1740 mollior
1346 1730 1355 1741 .
1377 1729 1385 1739 .
1406 1731 1415 1741 .
1445 1698 1626 1748 saevior,
1658 1695 1805 1739 durior

206 1781 242 1810 e.
271 1780 311 1822 q.
340 1770 392 1818 s.)
425 1768 564 1809 nescio
597 1767 700 1823 quid
733 1767 784 1810 ab
816 1766 962 1810 Ovidii
994 1772 1084 1811 arte
1115 1767 1305 1810 alienum
1337 1767 1478 1811 habet.
1514 1765 1803 1811 Verisimilius

206 1836 379 1880 videtur
409 1836 615 1880 Ovidium
645 1839 758 1881 inter
788 1851 939 1881 versus
1781 1849 1788 1853 ·

450 1907 626 1952 Mollior
658 1913 699 1952 et
730 1910 862 1966 cygni
893 1907 1056 1965 plumis
1086 1913 1129 1952 et
1160 1908 1269 1952 lacte
1302 1912 1448 1953 coacto

207 1983 272 2022 et:

447 2047 622 2092 Saevior
651 2049 874 2093 indomitis
905 2049 1053 2093 eadem
1085 2048 1265 2093 Galatea
1293 2051 1487 2094 iuvencis

205 2120 467 2162 interiecisse
514 2134 651 2162 unum
697 2122 820 2163 cuius
867 2122 1060 2177 primum
1108 2126 1218 2164 esset
1259 2121 1520 2165 vocabulum
1561 2121 1807 2166 coniunctio

207 2190 351 2246 aliqua
383 2194 445 2243 (at
475 2190 544 2233 vel
577 2195 646 2243 et),
680 2191 794 2248 quod
826 2190 898 2242 fit,
932 2194 969 2235 si
999 2191 1110 2234 nihil
1142 2191 1348 2235 delemus.

266 2260 445 2305 834—7‘
495 2261 694 2318 Cyclopis
726 2262 836 2305 dona
868 2264 1162 2319 promittentis
1194 2262 1395 2307 Galateae
1427 2263 1557 2307 verba
1586 2266 1710 2306 sunt:

447 2333 596 2376 Inveni
628 2335 846 2390 geminos,
879 2335 954 2390 qui
986 2338 1132 2377 tecum
1162 2334 1311 2378 ludere
1342 2336 1527 2391 possint,

447 2403 563 2446 Inter
595 2418 638 2446 se
671 2403 858 2455 similes,
893 2406 965 2447 vix
999 2408 1050 2448 ut
1082 2405 1328 2462 dignoscere
1360 2407 1496 2462 possis

450 2472 633 2516 Villosae
666 2474 832 2517 catulos
862 2476 906 2517 in
940 2477 1124 2519 summis
1157 2476 1377 2519 montibus
1408 2489 1556 2527 ursae,

449 2543 598 2586 Inveni
630 2551 673 2587 et
704 2544 814 2587 dixi:
852 2545 1077 2597 „dominae
1111 2547 1380 2591 servabimus
1411 2547 1537 2590 ista.''

207 2613 349 2654 Inveni
369 2638 423 2643 —
443 2614 600 2665 inveni,
646 2629 850 2671 quorsum
892 2618 975 2659 ista
1007 2615 1248 2673 anaphora?
1280 2616 1403 2660 Nihil
1433 2618 1478 2659 in
1509 2616 1577 2658 his
1608 2615 1804 2659 versibus

206 2685 317 2726 inest
349 2684 461 2739 quod
492 2684 569 2726 illa
601 2691 698 2740 apte
725 2685 982 2729 illustretur.
1088 2681 1091 2684 ’

269 2752 356 2796 898
401 2754 481 2796 Illa
524 2757 666 2798 omnia
710 2756 759 2799 de
798 2758 947 2800 insano
988 2755 1188 2815 Cyclopis
1231 2772 1388 2809 amore,
1432 2771 1558 2814 quem
1590 2756 1803 2812 ineptissi-

207 2838 329 2865 mum
377 2826 421 2865 in
465 2825 643 2867 modum
683 2825 757 2868 ille
797 2827 1060 2878 ostenderat,
1099 2828 1235 2883 deque
1272 2828 1402 2870 Acide
1443 2826 1571 2870 rivali
1613 2825 1801 2869 feliciore

207 2894 258 2935 ab
296 2892 371 2936 illo
404 2894 633 2938 crudeliter
665 2900 834 2947 necato,
870 2896 1048 2940 Galatea
1078 2899 1269 2941 narravit
1298 2896 1480 2954 Scyllae,
1513 2909 1620 2951 quae
1651 2909 1800 2951 procos

203 2964 373 3020 fugiens
405 2965 455 3006 ab
488 2965 564 3007 illa
596 2966 734 3009 fuerat
768 2967 952 3023 hospitio
986 2972 1168 3024 recepta.
1201 2967 1314 3010 Tum
1348 2969 1408 3010 sic
1440 2970 1563 3022 poeta
1596 2967 1763 3024 pergit:
