2034 3334
961 257 1049 303 134

207 380 330 426 Hanc
372 381 566 426 codicum
607 381 837 425 lectionem
878 383 1058 425 retinuit
1099 380 1356 426 Ehwaldus:
1399 380 1557 427 vellem
1588 381 1805 427 docuisset

204 465 387 509 usquam
429 451 532 495 alibi
569 452 684 508 apud
714 451 923 496 Ovidium
954 452 1192 509 quidquam
1222 451 1312 510 leg-i
1342 452 1455 510 quod
1485 457 1575 496 tam
1607 451 1803 509 pedestre

204 528 314 567 esset
354 526 398 566 et
428 524 488 567 sic
520 523 645 566 humi
677 526 856 580 reperet.
889 522 1238 567 Pulcherrimum
1269 527 1334 568 est
1364 523 1477 581 quod
1508 527 1632 567 antea
1662 521 1800 582 vulgo

202 593 426 638 edebatur:

1052 678 1094 708 v.
1128 678 1162 708 s.
1194 679 1253 709 m.
1285 668 1330 709 et
1357 665 1514 716 hostis,

386 733 558 788 (Hostis
590 736 706 778 enim
738 735 820 778 tibi
852 739 969 787 sum)
1001 749 1037 778 e.
1056 750 1095 792 q.
1115 749 1148 779 s.

201 803 345 848 Hostia
383 809 449 848 est
488 807 533 848 in
574 805 665 849 cod.
707 822 741 858 ε,
784 810 923 849 cetera
965 807 1107 849 omnia
1147 805 1273 850 facile
1314 806 1478 850 librarii
1510 818 1649 849 errore
1680 804 1798 849 abire

201 878 435 933 potuerunt
465 878 510 920 in
540 890 588 921 ea
620 891 727 934 quae
759 877 923 921 codices
956 877 1172 934 praebent.

263 1042 366 1087 318.
399 1041 625 1087 Galanthis
656 1044 884 1088 Alcmenae
916 1043 1071 1088 ancilla
1101 1044 1323 1101 deceperat
1355 1043 1589 1087 Iunonem:

382 1113 613 1158 Ridentem
645 1129 927 1173 prensamque
957 1117 1063 1173 ipsis
1094 1115 1171 1159 dea
1200 1129 1328 1159 saeva
1359 1114 1528 1172 capillis

380 1184 530 1229 Traxit
562 1190 606 1229 et
635 1200 658 1230 e
689 1190 802 1230 terra
833 1200 986 1244 corpus
1017 1185 1208 1230 relevare
1241 1184 1457 1229 volentem

383 1256 550 1299 Arcuit.

200 1325 311 1380 Ipsis
342 1326 469 1369 nihili
500 1341 590 1370 esse
622 1329 754 1370 etiam
785 1331 881 1384 post
911 1327 1108 1371 Ehwaldi
1139 1328 1506 1371 observationem:
1540 1326 1671 1382 „ipsis
1701 1324 1799 1370 weil

205 1396 362 1440 vorher
403 1401 484 1450 (vs.
530 1396 635 1452 307)
677 1398 757 1442 auf
790 1399 860 1441 ihr
900 1398 1019 1442 Haar
1060 1399 1348 1456 hingewiesen
1389 1398 1503 1441 war’'
1547 1395 1798 1441 contendere

202 1480 349 1524 pergo.
391 1467 438 1511 Si
477 1467 555 1512 illo
598 1483 725 1513 versu
768 1468 854 1513 307
899 1468 1126 1513 Galanthis
1166 1469 1343 1512 inducta
1384 1472 1493 1512 esset
1531 1467 1723 1525 glorians
1753 1470 1797 1511 et

202 1537 451 1593 superbiens
488 1540 576 1581 suis
607 1538 797 1596 capillis,
830 1540 1094 1596 praesidium
1124 1539 1223 1583 inde
1253 1541 1343 1596 peti
1375 1541 1538 1596 posset,
1570 1551 1683 1581 nunc
1712 1551 1799 1581 non

205 1610 371 1662 potest,
402 1622 502 1651 nam
532 1609 643 1652 nihil
673 1609 791 1652 aliud
822 1611 885 1652 ibi
916 1610 1080 1667 legitur
1112 1622 1262 1667 quam:

384 1678 478 1721 Una
509 1681 828 1732 ministrarum,
862 1680 1003 1723 media
1035 1681 1085 1724 de
1116 1679 1263 1737 plebe,
1297 1678 1546 1731 Galanthis‚

383 1747 516 1792 Flava
545 1764 710 1801 comas,
743 1750 909 1802 aderat,
942 1750 1146 1794 faciendis
1178 1756 1350 1794 strenua
1379 1752 1520 1793 iussis,

199 1817 296 1860 Iure
337 1832 439 1876 ergo
481 1818 588 1864 Iuno
631 1822 668 1863 si
710 1834 806 1864 eam
836 1821 1016 1864 manibus
1048 1823 1322 1878 arripuisset,
1356 1821 1456 1876 ipsis
1486 1821 1667 1864 manibus
1698 1834 1794 1864 eam

199 1889 430 1944 arripuisse
463 1889 546 1933 dici
578 1895 766 1947 poterat,
798 1891 871 1934 sed
898 1892 1000 1946 ipsis
1023 1892 1190 1946 capillis
1216 1891 1278 1934 nil
1304 1892 1432 1935 habet
1458 1906 1542 1948 quo
1571 1891 1792 1936 referatur.
1825 1918 1833 1923 >

199 1957 363 2003 Deinde
395 1974 471 2016 pro
503 1976 523 2003 e
553 1966 663 2003 terra
695 1963 846 2018 utique
878 1962 1111 2020 legendum
1143 1979 1168 2005 a
1199 1968 1321 2006 terra.

260 2124 360 2167 327.
404 2124 578 2182 Optimo
619 2128 712 2169 iure
755 2127 824 2169 hic
861 2127 1093 2170 Ehwaldus
1125 2129 1280 2172 codicis
1311 2139 1337 2170 λ
1370 2128 1598 2171 lectionem
1630 2129 1790 2186 recepit

197 2200 324 2237 vestro
366 2200 467 2248 (non
508 2202 672 2250 nostro).
718 2197 868 2254 „Ego”
912 2200 972 2240 ait
1004 2197 1224 2250 Deianira,
1261 2212 1400 2242 meam
1432 2212 1619 2242 sororem
1650 2200 1698 2241 in
1726 2211 1792 2242 ar·

197 2265 344 2309 berem
376 2281 625 2311 conversam
657 2267 810 2325 lugeo,
845 2273 887 2311 te

910 2338 1073 2382 alienae
1105 2341 1313 2398 sanguine
1343 2343 1485 2383 vestro

378 2407 515 2464 Rapta
546 2413 692 2451 movet
723 2409 863 2453 facies.

196 2477 324 2519 Recte
352 2479 412 2520 sic
438 2478 545 2520 duae
571 2492 638 2521 res
663 2481 775 2522 inter
801 2494 845 2522 se
877 2484 1165 2536 opponuntur.
1195 2480 1305 2535 Quid
1333 2482 1415 2524 sibi
1435 2480 1574 2525 velint
1589 2480 1784 2532 editores,

196 2548 271 2602 qui
300 2552 431 2590 nostro
464 2549 687 2601 exhibent,
721 2551 767 2592 in
800 2551 984 2593 tenebris
1015 2550 1135 2594 latet.

257 2712 344 2755 506
372 2728 431 2770 sq.
476 2715 687 2768 Quoniam
732 2721 822 2759 tota
864 2715 1061 2773 Byblidis
1091 2718 1279 2759 suasoria
1311 2718 1372 2759 sic
1405 2721 1469 2759 est
1500 2716 1702 2772 disposita
1733 2718 1783 2758 ut

195 2784 307 2825 inter
337 2798 380 2825 se
412 2787 624 2840 excipiant
656 2791 911 2843 argumenta
943 2800 1019 2829 cur
1050 2788 1182 2829 amori
1210 2786 1435 2843 indulgeat
1461 2790 1503 2829 et
1529 2790 1784 2843 argumenta

195 2866 271 2894 cur
302 2867 488 2895 amorem
523 2855 666 2912 fuget,
699 2856 932 2898 videndum
964 2870 1102 2899 annon
1134 2857 1179 2899 hi
1212 2869 1381 2900 versus:

377 2923 433 2965 Et
464 2929 606 2966 tamen
638 2926 863 2968 arbitrium
897 2929 1062 2982 quaerit
1091 2940 1158 2970 res
1186 2928 1270 2969 ista
1300 2927 1496 2980 duorum.

376 2993 511 3049 Finge
542 2994 704 3049 placere
736 2996 866 3046 mihi,
899 2995 1037 3038 scelus
1067 3010 1156 3038 esse
1190 2996 1405 3039 videbitur
1434 2995 1502 3038 illi
