2034 3334
1006 390 1088 429 196

314 516 383 554 26.
417 515 646 555 Exclamat
676 515 954 565 Pamphilus:

434 592 571 641 Quam
602 591 849 632 fortunatus
879 592 1036 631 ceteris
1066 602 1166 632 sum
1198 593 1337 642 rebus,
1371 593 1532 643 absque
1564 604 1652 635 una
1685 594 1768 636 hac

1681 669 1831 718 [for-et:

255 743 397 783 Facile
439 743 694 793 intelligitur
734 744 987 793 pronomine
1029 744 1131 784 hac
1173 745 1214 791 (i.
1232 755 1269 785 e.
1312 745 1413 785 hac
1448 748 1518 793 re)
1550 746 1831 797 Pamphilum

253 818 496 869 significare
537 819 695 859 vitium
730 820 857 859 uxori
888 829 993 859 suae
1025 819 1129 860 olim
1161 820 1368 861 oblatum.
1402 821 1496 861 Non
1526 823 1677 863 tamen
1707 821 1831 864 intel-

254 895 455 935 lexerunt
495 896 620 936 stulti
661 895 860 936 homines
901 896 953 935 de
995 896 1150 945 quibus
1192 897 1235 936 in
1277 897 1455 938 scholiis
1486 897 1696 948 legimus:
1732 898 1833 949 „alii

256 973 356 1013 hac
388 973 439 1012 de
471 983 606 1013 uxore
636 973 719 1013 dici
751 974 907 1022 putant
937 974 986 1013 ut
1017 973 1227 1022 absque
1258 974 1317 1014 sit
1348 974 1653 1025 praepositio.”

315 1131 385 1181 IV,
421 1133 460 1181 3,
495 1132 534 1172 7.
567 1133 749 1182 „Pater”
778 1132 1032 1182 Pamphilus
1059 1132 1233 1183 clamat,
1263 1135 1307 1172 et
1333 1133 1427 1173 ille:
1460 1134 1587 1183 „quid
1612 1133 1682 1174 vis
1707 1133 1832 1175 Pam·

253 1207 369 1256 phile
380 1208 428 1247 ?”
486 1208 753 1248 Annotatur:
816 1209 979 1259 „facete
1035 1211 1208 1258 praesto
1266 1210 1396 1258 quid
1451 1210 1540 1250 vis
1586 1210 1830 1260 respondet.

254 1284 458 1324 Potestne
504 1287 734 1335 praesto
776 1285 1019 1336 significare
1061 1287 1296 1326 statim?
1338 1286 1423 1326 Vix
1465 1286 1680 1328 credibile.
1724 1287 1832 1337 Quid

255 1370 355 1409 ergo
387 1361 470 1400 sibi
502 1361 597 1401 vult
627 1362 855 1401 scholion?

319 1438 384 1476 11.
448 1436 582 1477 Credo
604 1447 655 1477 ea
676 1438 816 1486 gratia
837 1437 1068 1477 concordes
1090 1438 1243 1488 magis,
1268 1438 1305 1478 si
1327 1449 1412 1478 non
1429 1439 1648 1490 reducam,
1666 1439 1771 1480 fore.

254 1513 578 1552 Eliminandum
610 1524 706 1553 esse
738 1524 855 1563 non,
889 1516 938 1553 ut
965 1513 1128 1553 credo
1154 1524 1282 1553 suam
1297 1514 1380 1553 sibi
1397 1514 1578 1554 haberet
1594 1515 1688 1555 vim
1704 1514 1830 1556 ironi-

257 1599 366 1639 cam,
400 1589 562 1629 dudum
594 1589 865 1629 intellectum
897 1590 976 1628 est.
1011 1589 1211 1629 Nondum
1242 1589 1411 1630 viderat
1442 1589 1599 1630 scholii
1631 1591 1685 1631 ad
1716 1590 1831 1631 hunc

256 1665 399 1705 locum
433 1667 594 1705 auctor.

320 1743 386 1781 13.
424 1742 608 1791 „Odiosa
633 1742 740 1781 haec
766 1743 834 1780 est
859 1743 981 1780 aetas
1009 1741 1384 1781 adolescentulis.'’
1414 1741 1538 1781 Senis
1564 1741 1697 1782 verba.
1724 1742 1831 1783 haec

257 1819 372 1857 sunt.
400 1817 668 1857 Annotatur:
701 1827 857 1866 „supra
883 1817 927 1856 in
952 1827 1184 1866 personam
1210 1827 1360 1856 socrus
1387 1817 1558 1867 culpam
1579 1818 1718 1859 iratus
1734 1828 1831 1859 con-

257 1895 415 1934 tulerat
463 1895 722 1934 discordiae:
765 1904 880 1933 nunc
920 1895 964 1933 et
993 1893 1119 1934 uxori
1160 1893 1356 1943 placatus
1398 1895 1443 1933 et
1483 1894 1610 1934 nurui
1649 1905 1831 1946 parcens

259 1972 454 2011 odiorum
482 1981 660 2011 causam
687 1982 713 2010 a
737 1970 934 2020 personis
960 1970 1186 2010 transtulit
1211 1970 1264 2009 ad
1291 1971 1471 2020 aetates,
1499 1971 1576 2010 sed
1603 1970 1666 2011 ita
1680 1972 1831 2011 tamen

257 2050 307 2088 ut
331 2049 474 2098 magis
500 2049 688 2088 iuniores
715 2049 951 2098 accusaret,
981 2047 1020 2086 ei
1046 2047 1098 2086 de
1125 2046 1468 2086 adolescentibus
1485 2048 1677 2099 questus,
1695 2057 1832 2097 quum

259 2126 492 2165 miseratur
547 2125 717 2164 senes.”
764 2124 890 2163 Nullo
936 2123 1108 2172 negotio
1155 2123 1199 2162 in
1245 2123 1463 2171 integrum
1509 2123 1590 2162 hoc
1636 2123 1831 2164 scholion

259 2201 429 2240 restitui
486 2202 641 2250 potest.
699 2201 780 2240 Pro
837 2200 886 2239 ei
938 2199 1055 2238 enim
1101 2199 1158 2244 (id
1204 2199 1316 2247 quod
1361 2199 1450 2238 iam
1496 2199 1666 2238 monuit
1709 2199 1830 2239 Wes-

258 2277 495 2323 terhovius)
558 2279 611 2316 et
673 2277 915 2326 legendum,
973 2285 1050 2325 pro
1107 2285 1269 2323 quum
1325 2275 1660 2314 miseratur:
1717 2285 1830 2315 com·

258 2353 540 2392 miseraretur
560 2349 601 2398 ¹).

318 2503 387 2553 IV,
422 2504 461 2552 4,
496 2504 537 2544 4.
913 2502 1159 2552 Opportune
1190 2503 1234 2541 te
1265 2502 1373 2541 mihi

437 2580 656 2629 Phidippe,
691 2580 734 2618 in
767 2580 859 2629 ipso
890 2581 1085 2628 tempore
1117 2578 1322 2618 ostendis

261 2656 356 2694 Sch.
401 2655 453 2694 in
497 2656 617 2704 ipso
658 2657 926 2704 tempore]
973 2654 1090 2704 „tibi,
1128 2654 1170 2693 id
1203 2655 1281 2703 est,
1316 2655 1360 2693 et
1391 2653 1500 2692 mihi
1532 2655 1575 2693 et
1605 2654 1684 2694 tibi
1715 2663 1827 2694 com-

259 2731 385 2770 mode
418 2731 644 2770 evenisti”.
678 2731 804 2769 Haud
836 2731 962 2770 dubie
993 2740 1086 2769 rem
1118 2739 1198 2769 acu
1229 2729 1374 2778 tetigit
1398 2728 1727 2769 Westerhovius
1751 2739 1828 2779 pro

260 2807 514 2845 evenisti
542 2807 734 2846 scribens
761 2806 991 2846 venisti.
1020 2807 1250 2845 Praeterea
1275 2806 1547 2854 expungatur
1562 2805 1681 2854 prius
1705 2804 1825 2845 tibi.

300 2971 318 3001 1)
340 2970 384 2997 De
404 2969 594 3002 praeteritis
614 2969 647 2996 in
667 2967 858 2996 huiusmodi
878 2967 959 2996 locis
979 2975 1009 2996 v.
1030 2974 1060 3002 p.
1079 2969 1122 2996 75.
