2034 3334
922 334 1002 373 111

178 472 326 502 remus
370 460 754 512 prudentissimam
801 459 1066 499 Scholiastae
1113 458 1166 497 ad
1206 458 1359 498 verba:
1403 458 1534 507 quin
1574 459 1632 498 tu
1672 458 1744 497 mi

179 540 476 588 argentum
533 539 663 578 cedo
721 537 1067 577 annotationem:
1129 535 1247 584 „Hoc
1304 535 1355 574 ab
1412 536 1593 583 utroque
1645 542 1778 616 cum'

179 615 366 654 clamore
398 614 481 654 dici
512 614 808 663 accipiendum
840 613 948 652 est.”

241 691 317 740 „In
348 690 416 729 ius
446 689 647 729 ambula'’
676 689 738 728 ait
762 688 985 737 Demipho,
1014 698 1144 736 quem
1170 688 1314 726 minae
1341 687 1613 726 Phormionis
1640 687 1745 726 adeo

179 777 265 806 non
304 767 468 805 terrent
503 767 553 819 ut
583 765 660 804 vix
692 765 791 813 quid
823 764 905 803 sibi
935 764 1071 803 velint
1102 764 1327 812 intelligat.
1361 763 1511 811 Itaque
1542 762 1744 802 Phormio

178 843 228 882 ut
259 842 390 881 simul
421 842 591 890 utrique
623 842 793 880 metum
824 840 1028 879 incutiat:

356 918 483 957 Enim
514 927 616 956 vero
647 917 685 956 si
715 926 839 966 porro
872 916 1007 955 odiosi
1038 926 1134 955 esse
1165 916 1414 966 pergitis..,

179 994 344 1034 Iterum
390 994 460 1032 hic
506 993 665 1041 aliquid
712 991 942 1040 adscripsit
988 992 1230 1031 Scholiasta
1271 991 1483 1030 eiusmodi
1524 993 1573 1030 ut
1597 991 1746 1042 gregi—s

179 1069 389 1121 magistro
407 1069 590 1108 similior
606 1068 804 1107 videatur
820 1078 951 1116 quam
969 1067 1096 1107 alicui
1113 1068 1164 1106 de
1180 1067 1310 1116 vulgo
1328 1068 1743 1107 commentatorum:

243 1145 402 1195 „Vultu
433 1145 670 1184 iuvandum
702 1145 769 1183 est
800 1145 843 1182 et
873 1143 1221 1192 pronuntiatione
1248 1144 1328 1182 hoc
1355 1143 1466 1192 quod
1492 1144 1585 1181 tam
1611 1142 1744 1181 mina-

180 1221 286 1260 citer
317 1220 634 1270 suspenditur.”
666 1220 720 1259 Et

273 1297 597 1347 „Enimvero
623 1295 880 1345 principium
908 1296 975 1334 est
995 1294 1155 1343 aliquid
1171 1306 1246 1344 per
1262 1294 1528 1334 iracundiam
1548 1293 1745 1333 dicturi.”

182 1373 264 1412 Sed
295 1373 346 1412 de
377 1373 458 1412 hac
489 1374 612 1422 parte
644 1372 752 1411 satis
785 1371 873 1410 iam
905 1371 1008 1410 dixi.

241 1605 375 1654 Saepe
402 1606 639 1653 queruntur
655 1604 853 1643 homines
872 1603 981 1652 quod
1000 1603 1241 1642 Scholiasta
1257 1603 1540 1646 Terentianus
1557 1604 1748 1643 nondum

181 1680 243 1719 ita
267 1682 317 1720 ut
342 1682 537 1730 oporteat
563 1681 608 1719 in
634 1680 775 1719 lucem
803 1679 862 1718 sit
889 1679 1042 1718 editus.
1071 1679 1165 1718 Non
1178 1655 1259 1753 test
1285 1681 1434 1719 tamen
1460 1682 1553 1719 tam
1580 1680 1748 1719 difficile

182 1756 413 1795 editionem
461 1756 554 1795 eius
594 1766 744 1804 parare
787 1754 987 1794 omnibus
1029 1755 1222 1794 numeris
1265 1755 1521 1795 absolutam.
1567 1756 1610 1794 Si
1653 1755 1749 1804 quis

183 1832 337 1872 ceteris
364 1831 563 1871 omnibus
590 1831 769 1870 abiectis
786 1841 860 1869 eas
875 1831 1179 1870 tantummodo
1197 1831 1417 1880 colligeret
1433 1831 1746 1881 annotationes,

183 1919 291 1957 quae
317 1908 458 1956 aliquo
484 1907 612 1946 modo
639 1907 692 1946 ad
718 1917 812 1945 rem
839 1907 1055 1945 scenicam
1083 1907 1359 1957 pertinerent,
1390 1917 1463 1946 eas
1486 1907 1578 1946 dico
1596 1907 1749 1955 quibus

183 1983 408 2023 Terentius
444 1983 506 2022 ita
537 1982 793 2031 explanatur
824 1983 873 2021 ut
903 1992 1109 2031 personas
1141 1983 1234 2021 eius
1265 1983 1489 2031 loquentes
1522 1983 1749 2022 audiamus

182 2061 415 2109 gestusque
442 2069 591 2097 earum
619 2058 894 2107 aspiciamus,
923 2058 1030 2096 nihil
1056 2058 1144 2096 iam
1162 2058 1348 2107 amplius
1366 2061 1483 2098 esset
1499 2060 1748 2108 optandum.

183 2136 324 2184 Atque
365 2135 489 2174 facile
531 2135 599 2173 est
639 2133 736 2172 illas
779 2133 1031 2172 emendatas
1074 2134 1282 2173 subiicere
1323 2134 1559 2183 legentium
1601 2136 1748 2174 oculis.

185 2212 391 2262 Quamvis
437 2211 553 2249 enim
600 2209 739 2248 multa
786 2210 830 2248 in
866 2209 919 2247 iis
961 2210 1049 2248 sint
1091 2203 1301 2259 corrupta,
1345 2211 1494 2249 tamen
1535 2212 1751 2250 sententia

183 2287 395 2336 perlucet;
439 2287 559 2325 illam
601 2285 717 2324 nullo
759 2285 902 2324 labore
945 2285 1249 2334 restituemus;
1282 2279 1387 2334 ipsa
1426 2286 1635 2325 vocabula
1666 2297 1751 2325 non

183 2362 523 2411 praestabimus;
566 2372 662 2400 raro
703 2362 784 2400 hoc
823 2361 963 2399 facere
1005 2371 1237 2410 possumus
1278 2363 1406 2410 atque
1448 2343 1492 2400 in
1533 2363 1619 2401 illis
1659 2364 1749 2401 tan-

184 2439 408 2478 tummodo
450 2438 833 2487 emendationibUS,
879 2448 986 2486 quae
1028 2448 1074 2476 se
1110 2438 1232 2477 nobis
1265 2439 1325 2476 nil
1358 2439 1657 2489 cogitantibus,
1691 2440 1751 2478 nil

40 2565 43 2574 ,.
186 2515 489 2563 quaerentibus
534 2514 676 2552 subito
719 2514 925 2562 offerunt;
969 2514 1076 2552 nihil
1116 2514 1186 2552 hic
1227 2514 1330 2553 facit
1371 2515 1583 2554 industria
1623 2517 1751 2564 atque

44 2586 68 2609 >³
97 2642 107 2656 ⁹
121 2578 169 2643 J
186 2591 405 2644 improbus
431 2590 562 2629 labor.
590 2589 650 2628 Ut
677 2599 776 2637 ergo
802 2599 953 2628 revera
978 2589 1148 2639 bonam,
1178 2590 1219 2628 id
1247 2591 1314 2628 est
1329 2591 1494 2641 utilem,
1514 2592 1751 2630 habeamus

51 2667 54 2669 ’
177 2667 451 2706 scholiastae
478 2665 709 2704 editionem
741 2674 827 2703 non
859 2665 1199 2713 exspectandum
1228 2667 1295 2704 est
1321 2666 1454 2705 donec
1481 2677 1632 2706 omnes
1659 2668 1752 2706 eius

187 2742 353 2781 codices
380 2751 479 2780 cum
505 2740 743 2790 pulvisculo
771 2740 860 2778 sint
886 2741 1058 2779 excussi
1084 2742 1212 2789 atque
1238 2741 1366 2790 longa
1391 2742 1563 2781 illorum
1585 2733 1752 2792 depicta

187 2819 424 2856 stemmata
480 2827 502 2855 e
545 2816 698 2864 quibus
735 2815 946 2863 quomodo
978 2826 1003 2854 a
1035 2817 1254 2855 communi
1286 2817 1419 2866 stirpe
1451 2819 1533 2857 orti
1564 2819 1652 2857 sint
1683 2829 1750 2868 ap-

173 2848 436 2875 --.—...-..2

187 2894 358 2941 pareat:
405 2903 614 2941 magnum
661 2902 716 2930 ex
762 2892 843 2930 hoc
888 2892 1058 2940 negotio
1101 2893 1240 2942 capiet
1281 2894 1636 2945 emolumentum,
1680 2896 1752 2944 qui
