2034 3334
966 246 1052 293 136

264 368 352 414 652
369 383 430 427 sq.
464 355 761 428 Bybli‚'iaces
791 370 1042 429 frondesque
1071 376 1147 415 tuo
1178 373 1338 429 premis
1369 385 1441 416 ore
1469 371 1688 429 caducae„

457 439 591 497 Saepe
622 443 755 485 etiam
785 442 1003 499 nymphae
1034 443 1192 486 teneris
1221 441 1470 501 Lelegeides
1499 442 1616 487 ulnis

457 510 623 555 Tollere
653 516 859 556 conantur
890 526 926 556 e.
945 526 986 569 q.
1004 527 1039 556 s.

200 582 257 625 Et
297 584 391 639 ipsa
431 585 719 639 grammatica
758 587 916 636 (carere
957 585 1074 627 enim
1105 598 1184 627 suo
1216 584 1379 628 obiecto
1409 584 1581 627 tollendi
1611 584 1798 629 verbum

199 667 282 697 non
314 657 474 711 potest)
506 658 550 698 et
580 668 684 698 usus
716 654 863 698 Ovidii
894 655 966 709 (cf.
999 654 1063 698 III
1090 654 1201 698 564:
1234 655 1348 699 hunc
1377 668 1499 708 avus,
1527 656 1642 700 hune
1667 654 1799 700 Atha-
1872 706 1873 709 Ἰ

200 738 314 777 mae,
341 725 456 768 hunc
481 729 622 769 cetera
645 726 772 769 turba
796 740 974 770 suorum
1001 727 1269 784 corripiunt),
1296 740 1372 770 nos
1397 730 1559 785 cogunt
1584 740 1661 784 pro
1676 726 1797 770 etiam

198 795 376 853 probare
409 795 727 848 „deteriorum”
758 796 986 841 lectionem
1019 797 1148 840 ittam.

263 951 350 996 654
368 966 429 1010 sq.
463 951 677 998 Continuo
708 955 926 1011 sequitur:

792 1023 928 1082 Saepe
961 1028 1011 1067 ut
1042 1025 1266 1067 moderetur
1296 1025 1432 1068 amori

453 1094 743 1152 Praecipiunt.

196 1164 266 1209 Sic
308 1150 436 1209 hahet
477 1165 567 1209 cod.
611 1166 654 1218 h,
697 1167 742 1208 in
785 1175 811 1208 λ
854 1169 897 1209 et
929 1182 947 1208 ε
982 1172 1047 1209 est
1076 1167 1307 1217 mederetur,
1340 1165 1391 1209 M
1422 1165 1550 1209 habet
1579 1163 1796 1208 medeatur.
1880 1151 1883 1187 j

196 1235 246 1279 In
289 1240 496 1294 promptu
527 1240 591 1280 eet
623 1237 877 1288 „historiam
911 1237 1078 1280 morbi''
1112 1241 1180 1290 (ut
1210 1238 1333 1280 aiunt
1365 1236 1540 1290 medici)
1571 1248 1794 1292 exponere.
1878 1235 1881 1239 ’

196 1306 433 1364 Scripserat
459 1306 638 1351 Ovidius
665 1309 887 1350 moderetur·
913 1308 984 1361 (cf.
1005 1307 1077 1359 IV,
1097 1307 1184 1351 234
1211 1308 1436 1350 moderatus
1457 1310 1598 1359 amor).
1626 1303 1796 1350 (hlami
1874 1304 1880 1311 '
1985 1309 1991 1320 ¹

156 1374 162 1378 ⁶
197 1377 323 1435 lapsu
364 1378 409 1422 id
451 1379 558 1422 abiit
597 1380 644 1422 in
685 1380 918 1431 mederetur,
961 1379 1096 1436 quod,
1135 1384 1185 1422 ut
1216 1382 1427 1422 constaret
1457 1378 1501 1421 et
1531 1382 1721 1421 metrum
1751 1374 1796 1420 et

198 1450 439 1492 consecutio
481 1453 751 1506 temporum,
794 1450 1104 1502 παραδιορθώσει
1145 1451 1191 1492 in
1228 1450 1432 1492 medeatur
1461 1452 1527 1492 est
1555 1449 1796 1492 correct-um

198 1518 372 1563 scilicet.
407 1520 618 1563 Moderari
643 1522 779 1564 amori
805 1521 965 1564 femina
991 1519 1116 1564 solito
1143 1520 1294 1564 fortior
1321 1523 1480 1577 potest,
1507 1518 1655 1562 mederi
1670 1517 1796 1561 amori

198 1589 272 1633 ille
303 1590 421 1634 eolus
453 1593 528 1648 qui
558 1605 659 1634 cum
691 1596 863 1635 amatur
892 1592 1108 1644 redamat,
1141 1590 1212 1634 vel
1242 1592 1376 1634 etiam
1407 1603 1510 1647 saga
1540 1588 1699 1646 aliqua.

259 1746 360 1791 688.
407 1747 487 1790 Isis
527 1747 597 1790 hic
644 1746 802 1790 dicitur
853 1748 1015 1790 venisse
1064 1760 1250 1803 „pompa
1296 1747 1499 1790 comitata
1544 1745 1791 1789 sacrorum’'.

197 1817 337 1861 Immo
362 1832 462 1861 cum
488 1817 665 1861 Heinsio
691 1832 861 1861 suomom.
890 1817 1132 1861 Hominum
1158 1831 1242 1860 non
1268 1831 1413 1860 rerum
1438 1830 1594 1860 nomen
1610 1817 1794 1874 requirit

196 1893 286 1932 tam
318 1889 639 1932 substantivum
672 1902 711 1945 q.
729 1902 764 1931 e.
789 1903 942 1942 pompa
973 1902 1103 1944 quam
1135 1887 1351 1930 comitandi
1382 1887 1577 1931 verbum.

257 2042 345 2088 724
376 2043 598 2100 Quamque
629 2045 774 2086 virum
806 2047 931 2100 putat
961 2057 1075 2094 esse,
1106 2057 1236 2086 suum
1266 2043 1354 2086 fore
1385 2042 1519 2086 credit
1547 2042 1712 2086 Ianthe.

193 2115 477 2172 Lepidiseime
509 2116 570 2158 eic
602 2115 807 2158 editiones
839 2119 1023 2164 veterem
1056 2129 1168 2157 suum
1201 2129 1257 2157 sc.
1285 2114 1426 2165 virum,
1455 2113 1567 2170 quod
1593 2114 1783 2170 primum

194 2186 482 2243 adscriptum,
515 2185 664 2228 deinde
696 2187 740 2228 in
774 2190 943 2228 textum
973 2190 1216 2241 receptum,
1249 2183 1481 2228 ridiculum
1513 2183 1630 2227 istud

377 2256 599 2313 Quamque
631 2257 758 2298 virum
791 2260 916 2312 putat
946 2270 1027 2298 esee
1058 2255 1186 2298 virum
1207 2257 1309 2312 fore
1339 2255 1471 2298 credit
1502 2254 1652 2298 Ianthe

194 2330 382 2384 peperit,
417 2327 531 2384 quod
562 2342 674 2370 nunc
707 2327 774 2370 edi
806 2327 927 2370 solet.

257 2483 357 2527 729.
390 2484 454 2526 En
481 2485 642 2526 iterum
669 2497 866 2533 versum,
894 2496 918 2525 a
944 2482 1097 2525 codicis
1124 2482 1174 2524 M
1199 2481 1373 2525 librario
1400 2495 1538 2524 errore
1565 2482 1643 2535 (sic
1668 2481 1781 2524 enim

194 2560 360 2607 censeo)
394 2556 625 2597 omissum:

375 2625 552 2667 Parcere
585 2625 839 2674 debuerant,
872 2625 910 2666 si
940 2638 1023 2666 non
1055 2629 1096 2666 et
1130 2623 1303 2680 perdere
1334 2621 1495 2666 vellent

194 2708 321 2750 quem
348 2695 399 2737 ab
424 2694 629 2737 Ehwaldo
655 2697 747 2737 iure
774 2694 1031 2751 postliminii
1048 2699 1294 2737 revocatum
1313 2694 1587 2736 vehementer
1600 2690 1785 2749 gaudeo,

257 2848 340 2892 751
360 2863 420 2904 sq,
453 2848 594 2904 Ipsam
628 2849 821 2904 Iphidem
856 2850 916 2891 sic
948 2852 1072 2904 poeta
1103 2847 1360 2904 alloquitur:

965 2919 1058 2961 Non
1091 2923 1132 2961 te
1164 2917 1355 2961 custodia
1385 2931 1480 2960 caro

375 2989 503 3030 Arcet
536 2990 586 3031 ab
619 2989 844 3044 amplexu,
878 3004 956 3032 non
990 2990 1106 3031 cauti
1139 3002 1239 3031 cura
1269 2989 1428 3031 mariti.
