2034 3334
968 379 1047 419 101

220 505 345 553 quasi
385 504 499 544 dicat
541 505 760 545 communi
801 504 927 544 filiae.
970 504 1023 543 Et
1062 505 1171 543 bene
1217 515 1303 544 non
1339 514 1560 543 socrum
1591 503 1667 542 sed
1699 503 1788 542 So-

220 581 508 621 stratam.”
785 624 787 627 1
1442 578 1451 587 “
1795 514 1811 614 Ι

280 657 484 696 Eiusdem
515 658 685 706 generis
717 658 784 697 est
815 657 908 696 eius
939 657 992 696 ad
1023 667 1087 696 vs.
1122 657 1208 696 378
1241 656 1434 695 eiusdem
1463 655 1632 694 fabulae
1659 665 1786 694 anno-

219 733 340 772 tatio.
384 733 609 782 Pamphilo
651 733 828 772 domum
865 743 1039 772 reverso
1071 733 1296 772 narratum
1323 733 1417 771 erat
1447 741 1630 770 uxorem
1661 741 1788 770 suam

219 818 305 847 non
335 809 478 848 solum
510 809 563 848 ad
593 810 794 858 parentes
825 819 927 848 suos
959 809 1214 859 confugisse,
1249 809 1324 848 sed
1356 808 1489 847 etiam
1517 807 1561 845 in
1587 807 1787 846 morbum

220 883 477 933 implicitam
521 894 616 923 esse
658 884 719 924 ita
760 886 809 924 ut
850 885 903 924 ad
935 895 1032 924 eam
1066 885 1238 924 admitti
1269 895 1396 924 nemo
1429 885 1588 932 posset.
1622 883 1787 922 Tamen

218 960 448 1009 introrupit
494 962 622 1009 atque
668 961 741 1009 qui
787 961 858 1000 ille
904 948 1081 1000 morbus
1123 962 1239 1000 esset
1281 971 1380 999 cum
1422 970 1596 999 summo
1643 959 1786 998 dolore

218 1036 430 1085 cognovit.
478 1036 694 1085 Planeque
741 1037 885 1076 animo
931 1037 1206 1086 perturbatus
1253 1046 1402 1076 secum
1449 1036 1577 1074 deflet
1618 1035 1786 1074 illatam

217 1111 298 1151 sibi
346 1111 562 1151 iniuriam.
610 1112 762 1162 Verba,
812 1113 966 1160 quibus
1013 1113 1057 1151 in
1103 1112 1361 1152 memoriam
1403 1111 1683 1151 tristissimae
1725 1111 1787 1150 rei

215 1188 343 1227 modo
375 1187 456 1228 sibi
489 1189 741 1237 conspectae
773 1188 895 1239 redit,
929 1189 1035 1228 haec
1066 1190 1169 1228 sunt
1201 1191 1277 1234 (vs.
1312 1189 1585 1234 373—378):

305 1264 542 1313 Postquam
558 1265 671 1303 intro
688 1264 854 1314 adveni,
873 1265 1090 1313 extemplo
1108 1264 1201 1303 eius
1216 1264 1417 1303 morbum
1434 1264 1615 1314 cognovi
1630 1263 1783 1302 miser:

305 1340 417 1379 Nam
449 1350 587 1388 neque
617 1341 667 1379 ut
693 1340 828 1397 ‘celari
857 1341 1005 1389 posset
1036 1341 1209 1389 tempus
1241 1340 1431 1389 spatium
1462 1339 1600 1379 ullum
1632 1339 1761 1378 dabat

304 1416 451 1465 Neque
484 1427 588 1456 voce
620 1416 705 1456 alia
737 1427 787 1456 ac
817 1427 887 1456 res
918 1418 1123 1456 monebat
1154 1417 1248 1466 ipsa
1277 1417 1447 1466 poterat
1479 1415 1692 1464 conqueri.

264 1525 267 1530 .
304 1492 539 1541 Postquam
558 1493 709 1542 aspexi
729 1504 779 1543 „o
796 1493 963 1532 facinus
980 1494 1232 1542 indignum”
1246 1493 1423 1541 inquam
1435 1494 1479 1532 et
1491 1493 1674 1541 corripui
1686 1492 1782 1532 ilico

305 1569 370 1608 Me
403 1569 500 1608 inde
532 1569 777 1618 lacrimans,
817 1569 1054 1609 incredibili
1085 1580 1131 1609 re
1163 1570 1292 1618 atque
1323 1569 1458 1608 atroci
1489 1569 1690 1618 percitus.

305 1645 440 1684 Mater
472 1645 758 1694 consequitur.

151 1724 153 1726 ’
215 1721 408 1760 Annotat
458 1721 721 1760 Scholiasta:
773 1721 997 1770 „Ostendit
1043 1721 1248 1760 affectum
1295 1721 1614 1760 misericordiae
1661 1725 1810 1824 suae,'

215 1798 394 1836 mater
424 1797 567 1845 potius
599 1797 776 1836 dicendo
808 1807 939 1845 quam
975 1797 1252 1845 Myrrinam.”

274 1872 394 1911 Adel.
431 1873 528 1911 143.
565 1873 697 1922 „Nolo
729 1883 828 1911 cum
859 1873 990 1911 fratre
1022 1883 1132 1921 meo,
1161 1872 1254 1911 viro
1281 1874 1461 1912 severo’'
1491 1872 1682 1911 clemens
1708 1872 1780 1911 ille

216 1947 339 1987 Micio
371 1948 434 1987 ait
467 1948 763 1997 „disputare”:

993 2024 1104 2063 Nam
1136 2024 1242 2063 itast
1272 2024 1424 2063 homo:

454 2099 591 2149 Quom
622 2100 742 2148 placo
777 2100 981 2138 advorsor
1012 2100 1160 2138 sedulo
1192 2101 1236 2138 et
1268 2100 1483 2139 deterreo:

386 2194 389 2197 ·
454 2175 618 2214 Tamen
648 2175 725 2214 vix
757 2175 946 2214 humane
978 2175 1152 2223 patitur.

217 2251 410 2290 Annotat
451 2251 714 2290 Scholiasta:
761 2251 928 2300 „Homo
971 2251 1082 2290 dixit
1122 2251 1356 2290 moraliter.
1396 2251 1465 2289 Sic
1497 2251 1614 2289 enim
1646 2251 1698 2290 de
1729 2250 1782 2288 iis

217 2327 413 2377 dicimuS,
440 2334 553 2376 ‘quos
585 2337 711 2376 parce
742 2326 1137 2376 reprehendimus.”
1794 2246 1820 2371 Ι

275 2402 406 2442 Vides
447 2413 578 2451 quam
620 2403 788 2452 egregie
830 2403 1020 2451 optimus
1051 2403 1122 2441 ille
1155 2403 1471 2442 commentator
1501 2403 1783 2442 Terentianae

216 2478 336 2518 vocis
366 2479 511 2518 varios
542 2489 671 2518 sonos
704 2478 849 2517 animo
880 2478 1154 2527 persenserit.

277 2695 428 2733 Errare
480 2695 628 2732 tamen
674 2693 915 2732 humanum
963 2694 1030 2732 est
1075 2703 1213 2741 neque
1261 2693 1491 2742 quisquam
1534 2693 1784 2732 mortalium

217 2770 314 2809 vitii
356 2770 576 2809 immunis.
623 2769 730 2820 Quid
761 2770 872 2818 quod
905 2770 1022 2818 ipsae
1054 2770 1240 2808 virtutes
1271 2780 1351 2808 sua
1381 2770 1463 2808 sibi
1495 2770 1603 2809 vitia
1634 2780 1783 2809 secum

217 2846 372 2885 ferunt.
417 2846 464 2884 Id
506 2845 771 2884 scholiastae
813 2855 979 2893 quoque
1021 2846 1168 2884 nostro
1210 2845 1376 2895 accidit,
1419 2846 1784 2894 quemadmodum

219 2921 308 2960 iam
340 2921 578 2960 ostendam.
611 2921 806 2959 Primum
838 2921 1047 2960 virtutem
1078 2911 1294 2969 quandam
1327 2920 1418 2960 eius
1450 2921 1495 2959 in
1524 2920 1794 2970 memoriam2
