2034 3334
0 1502 10 1513 r
0 1203 18 1469 ἾΨω-ᾌἯᾩῊᾙὛῑ
0 1192 5 1197 ·
0 1170 7 1179 ⁷

928 226 984 270 63

158 349 367 394 librorum
399 365 599 401 suorum,
635 349 707 392 sed
738 353 788 392 ut
819 363 889 392 eos
915 349 1052 392 denuo
1078 350 1124 391 in
1150 363 1303 392 manus
1330 353 1495 401 sumat,
1524 352 1574 392 ut
1599 348 1753 392 limam

156 422 212 464 iis
243 421 465 473 adhibeat,
497 425 547 463 ut
578 422 686 463 vitia
717 419 866 471 tollat,
898 420 943 462 id
974 434 1075 463 vero
1102 434 1126 463 a
1152 434 1196 463 se
1219 422 1451 478 impetrare
1478 434 1563 464 non
1590 424 1754 476 potest:

157 491 250 535 Hoc
292 496 356 535 est
398 507 473 535 eur
512 507 564 535 ne
594 492 639 534 id
671 491 844 547 quidem
877 492 1025 534 feeerit
1058 491 1169 547 quod
1202 506 1313 534 nunc
1347 492 1397 534 de
1429 491 1587 548 populo
1620 490 1756 547 philo-

155 562 356 619 logorum
388 564 531 619 quivis
563 562 697 605 facere
730 563 887 618 possit:
925 566 975 604 ut
1008 575 1112 617 quos
1144 576 1291 604 versus
1323 561 1471 604 ultimi
1503 561 1603 604 libri
1638 563 1755 612 „sine

158 646 283 675 causa
324 632 608 689 ponderosos''
649 633 851 674 haberent
882 631 1062 674 leviores
1094 632 1424 688 gracilioresque
1457 632 1671 682 redderet,
1704 635 1756 674 ut

158 717 234 759 pro
276 706 480 746 contortis
523 704 746 745 sententiis
784 703 1001 758 expeditas
1034 707 1229 758 poneret,
1265 707 1313 745 ut
1346 703 1597 746 elocutionis
1629 703 1755 745 corri-

156 777 278 830 geret
307 776 502 830 ineptias.
537 774 647 817 Nam
676 774 847 826 sinqulis
877 774 1053 815 versibus
1080 774 1353 816 emendandis
1379 776 1591 830 imparem
1619 774 1751 816 fuisse

157 843 362 887 Ovidium
405 847 501 901 quis
542 843 713 887 credat?
744 844 885 887 Immo
918 858 1019 888 vero
1050 846 1094 886 in
1127 845 1341 900 prioribus
1372 844 1493 887 libris
1525 859 1663 887 unum
1695 843 1754 886 al-

160 919 389 971 terumque
439 917 502 958 ita
557 915 767 957 traditum
813 914 1013 957 videmus
1059 919 1110 957 ut
1155 929 1361 971 perquam
1411 916 1468 957 sit
1515 913 1752 958 verisimile

161 985 422 1042 exemplaria
461 985 538 1028 illa
577 986 656 1036 „de
687 986 834 1028 funere
867 985 1032 1028 domini
1062 989 1183 1041 rapta
1215 985 1311 1028 sui”
1344 985 1574 1028 nonnullos
1605 999 1754 1028 versus

158 1058 220 1099 ita
251 1057 426 1100 traditos
459 1057 658 1099 habuisse
693 1061 741 1099 ut
773 1056 1087 1099 emendationes
1115 1056 1186 1099 vel
1219 1057 1471 1099 emendandi
1498 1065 1610 1099 certe
1637 1070 1755 1098 cona-

156 1128 276 1170 mina
315 1129 361 1169 in
402 1129 597 1185 margine
641 1127 711 1170 vel
744 1129 855 1170 inter
886 1127 1020 1170 lineas
1052 1131 1192 1170 essent
1224 1127 1448 1183 adscripta.
1485 1127 1567 1170 Sed
1599 1127 1649 1169 de
1682 1127 1750 1169 his

158 1212 234 1240 suo
266 1197 358 1241 loco
390 1198 647 1242 videbimus,
681 1198 804 1241 Nune
836 1213 1013 1241 manum
1046 1198 1096 1241 de
1130 1196 1295 1240 tabula!
