2034 3334
337 304 390 355 ΙΙ,

273 399 397 2731 ιιιξιμιιιιιμιιιζὲἔιιιιιξιιςιξιξιιιι

431 303 517 348 527

429 374 517 418 568

428 445 514 488 591

429 516 515 559 605

431 585 516 631 745

431 658 518 701 436

431 728 517 772 718

457 799 512 842 62

427 869 514 912 698

459 940 513 982 91

455 1010 513 1053 94

425 1080 512 1123 550

428 1151 514 1194 195

427 1222 515 1265 200

424 1292 511 1334 333

429 1363 515 1406 369

427 1434 513 1477 533

429 1504 516 1548 570

429 1574 512 1618 197

456 1645 510 1688 31

427 1716 513 1758 118

420 1786 508 1828 293

425 1856 512 1899 486

456 1927 512 1969 23

423 1997 509 2040 539

422 2067 509 2110 593

422 2137 508 2180 636

422 2207 508 2250 682

422 2277 507 2321 726

420 2418 506 2461 365

457 2490 514 2532 42

417 2559 504 2602 266

419 2629 506 2672 299

419 2700 506 2742 343

373 2803 383 2821 ,
417 2770 502 2812 241

374 2873 384 2891 ,
449 2841 504 2884 97

418 2911 503 2952 665

1060 184 1085 228 7

566 307 620 347 At
649 320 716 347 vos
743 306 780 347 si
811 306 943 348 laesae
974 306 1103 359 tauqit
1133 311 1372 360 contemptus
1402 308 1599 349 alumnae.

564 374 770 428 Quamvis
801 378 911 419 irata
942 381 1028 429 est,
1061 391 1144 420 non
1177 377 1255 420 hoc
1286 379 1396 420 irata
1426 378 1615 434 negabit.

565 447 631 488 An
663 461 769 502 quae
799 461 875 503 per
906 451 1044 490 totam
1075 462 1142 490 res
1174 452 1236 490 est
1267 449 1490 490 notissima
1521 449 1699 492 Lesbon.

563 517 804 560 Indevitato
838 520 1005 561 traiecit
1036 522 1209 575 pectora
1239 518 1338 561 telo.

567 587 652 630 Nec
685 588 848 645 fingam
880 603 1050 641 causas3
1085 593 1134 631 tu
1165 594 1336 631 tantum
1369 588 1451 631 fida
1482 591 1628 632 sorori.

573 659 708 701 Tecum
739 660 925 710 discedet,
959 660 995 700 si
1027 664 1071 701 tu
1102 659 1302 701 discedere
1326 660 1473 714 possis.

564 730 666 771 Iam
697 745 747 771 se
780 730 1116 781 damnantem,
1149 730 1244 771 iam
1274 745 1323 772 se
1348 746 1579 784 peccasse
1598 731 1864 787 fatentem.

559 800 624 842 Ex
656 814 789 857 aequo
821 802 953 856 captis
985 801 1189 844 ardebant
1219 802 1438 843 mentibus
1469 801 1607 843 ambo.

562 870 700 923 Quam
731 870 921 913 clausam
952 870 1154 927 implevit
1186 871 1365 914 fecundo
1396 871 1589 927 Iuppiter
1621 885 1736 915 auro.

561 941 796 997 Expertem
828 941 985 983 frustra
1016 941 1120 984 belli
1151 946 1194 984 et
1225 946 1377 984 neutra
1410 956 1528 984 arma
1559 947 1770 985 secutum.

560 1011 697 1063 Quem
729 1012 873 1054 fecisti
900 1012 1067 1054 hostem
1099 1026 1310 1069 pensaque
1340 1013 1421 1055 hoc
1454 1013 1629 1056 vulnere
1661 1013 1834 1057 vulnus.

561 1082 749 1138 Ignavus
781 1082 914 1132 bubo,
950 1083 1092 1125 dirum
1125 1082 1380 1126 mortalibus
1413 1098 1551 1126 omen.

563 1153 742 1194 Maior
767 1168 872 1194 sum
903 1168 1046 1209 quam
1079 1154 1162 1195 eui
1185 1154 1363 1208 possit
1393 1155 1633 1197 Fortuna
1663 1147 1862 1201 uoe'ere.

561 1223 742 1265 Latonae
775 1224 940 1275 turbam,
975 1240 1075 1280 quae
1104 1229 1293 1280 quantum
1325 1225 1455 1266 distat
1486 1226 1533 1267 ab
1566 1227 1671 1268 orba.

560 1292 715 1336 Orbem
746 1294 991 1346 interdixit,
1025 1309 1153 1350 quam
1187 1297 1259 1337 vix
1290 1298 1468 1338 erratica
1500 1296 1639 1339 Delos.

567 1366 807 1415 „Aeternum
838 1365 1004 1418 etaquffl
1037 1365 1146 1407 dixit
1179 1366 1354 1416 „vivatis
1386 1367 1429 1408 iu
1460 1367 1580 1409 illd’.

561 1435 855 1477 Iuteudeue
878 1437 1091 1490 palmas
1125 1452 1174 1486 „o
1207 1437 1350 1478 dio-is
1382 1438 1860 1495 bai-barefaeti8.''

563 1507 628 1547 Et
659 1506 806 1559 luqet
836 1521 933 1548 uon
965 1507 1044 1548 eie
1077 1508 1496 1563 luqeudaefata
1526 1510 1745 1551 sororis.

559 1578 771 1632 Auraeque
801 1581 839 1618 et
869 1577 977 1618 veuti
1008 1582 1228 1633 montesque
1259 1593 1465 1634 amnesque
1496 1579 1694 1635 lacusque.

559 1646 628 1689 Sic
662 1647 882 1689 Phoebum
914 1650 1099 1704 sumptis
1129 1648 1298 1690 iurabat
1329 1653 1439 1691 stare
1471 1651 1655 1705 sagittis.

560 1716 787 1759 Terrarum
819 1718 939 1760 nobis
969 1721 1020 1760 ut
1052 1717 1176 1762 Crete
1207 1718 1295 1761 sola
1325 1723 1502 1774 pateret.

556 1787 611 1829 Et
642 1788 801 1830 frustra
833 1793 1077 1844 exspectant
1108 1791 1335 1845 promissas
1367 1790 1516 1832 horrea
1547 1805 1718 1834 messes.

561 1859 624 1899 Au
644 1858 767 1914 felix
804 1859 954 1900 Oeneus
985 1865 1079 1901 nato
1110 1860 1258 1901 victore
1279 1861 1459 1915 feretur.

560 1927 671 1970 Nam
704 1942 787 1984 quo
821 1933 863 1971 te
894 1931 1049 1980 iactas,
1083 1930 1286 1973 Alcmene
1317 1934 1438 1982 nate,
1473 1935 1676 1974 creatum.

558 1999 613 2040 Et
643 2000 778 2042 crebri
809 2000 1056 2056 amplexus,
1091 2005 1132 2043 et
1167 2016 1298 2057 quae,
1333 2004 1369 2044 si
1402 2003 1510 2045 forte
1540 2005 1712 2045 notasti.

555 2068 648 2110 Non
681 2069 910 2125 exploratis
940 2070 1120 2126 implevi
1151 2071 1282 2114 lintea
1313 2072 1434 2114 velis.

551 2138 663 2181 Tum
694 2153 795 2182 vero
827 2144 1035 2183 maestam
1067 2145 1157 2184 tota
1188 2142 1387 2184 Miletida
1419 2146 1576 2186 mente.

556 2208 662 2250 Tam
695 2211 769 2265 qui
799 2210 1027 2252 mandabat
1060 2225 1189 2267 quam
1221 2214 1290 2254 cui
1322 2213 1522 2255 mandata
1554 2214 1775 2258 dabantur.

554 2278 649 2321 Hoc
679 2281 824 2335 ipsum
856 2280 1074 2331 flammas,
1108 2282 1309 2338 ardetque
1340 2284 1385 2323 in
1416 2285 1586 2339 virgine
1619 2286 1757 2342 virgo,

552 2349 640 2391 Nec
670 2348 806 2391 laetos
837 2350 986 2392 vultus
1016 2365 1091 2393 nec
1123 2351 1223 2393 felix
1257 2352 1405 2395 attulit
1435 2367 1572 2397 omen.

554 2419 649 2462 Non
680 2420 944 2463 intellectam
976 2436 1124 2464 vocem
1156 2422 1379 2465 conlaudat
1411 2428 1453 2466 et
1486 2425 1648 2475 „esto''.

562 2490 752 2532 Auditum
781 2492 893 2532 saa-is
924 2492 1240 2549 intellectumque
1259 2494 1466 2549 ferarum.

552 2560 674 2602 Felix
706 2565 747 2603 et
780 2566 903 2612 nato,
938 2561 1038 2604 felix
1072 2568 1114 2605 et
1147 2565 1328 2619 coniuge
1361 2564 1526 2608 Peleus.

554 2629 675 2671 Illius
706 2632 844 2673 virtus
875 2645 997 2687 reges
1027 2637 1259 2688 gentesque
1291 2635 1474 2690 subegit.

555 2701 771 2743 Virtutem
803 2704 1046 2758 antiquam,
1079 2705 1260 2746 maiores
1291 2719 1461 2760 corpore
1494 2708 1619 2750 vires.

559 2773 893 2828 Certatimque
935 2788 1089 2814 omues
1132 2789 1226 2816 uno
1258 2789 1341 2816 ore
1373 2792 1557 2828 ‚‚arma‚
1591 2781 1752 2820 arma''
1788 2781 1851 2822 lo-

552 2844 683 2897 Atque
700 2843 807 2884 Aiax
823 2844 959 2893 armis,
978 2859 1056 2884 nou
1072 2844 1191 2885 Aiaci
1207 2860 1317 2886 arma
1325 2851 1535 2898 petuntur.
1602 2848 1848 2906 [quuutur.

552 2911 646 2954 Non
679 2913 748 2954 hic
779 2914 964 2963 Aeneas,
998 2929 1103 2964 non,
1138 2917 1211 2969 qui
1243 2915 1483 2958 defenderet
1516 2918 1700 2961 Andron.
