2034 3334
1011 410 1067 450 86

256 538 389 577 faciat
429 537 553 576 alius.
592 536 646 575 Et
676 535 761 575 nisi
792 535 984 584 puderet,
1018 533 1151 574 durus
1182 535 1301 574 esset
1331 535 1474 586 homo,
1508 535 1706 586 agrestis,
1733 535 1826 576 bar·

256 614 397 653 barus.
435 613 520 662 „At
551 612 665 651 idem
698 611 875 651 tamen³⁹
905 610 1067 650 dixeris
1097 609 1228 660 „illud
1254 611 1306 650 de
1332 611 1543 651 Bacchide
1570 608 1829 652 arcessenda

256 689 432 728 dederat
458 688 730 728 consilium.”
759 686 957 727 Alteram
985 696 1085 736 ergo
1102 686 1202 726 audi
1219 685 1484 727 Scholiastae
1501 686 1828 728 annotationem

255 765 308 804 ad
349 775 414 804 vs.
459 764 568 803 720:
615 763 757 813 „Bene
799 763 975 802 servata
1015 763 1119 802 sunt
1159 763 1355 812 personis
1391 763 1682 812 congruentia.
1714 763 1828 804 Nam

254 851 453 881 socerum
494 850 671 880 monere
712 840 824 879 hanc
864 849 958 879 rem
995 840 1170 879 tantum
1201 839 1355 890 decuit,
1389 849 1475 879 non
1506 839 1641 879 etiam
1670 839 1825 891 facere,

254 919 303 958 ut
333 927 433 957 cum
464 917 615 968 pellice
645 915 759 955 filiae
792 925 897 967 suae
929 915 1082 955 mitius
1113 915 1520 955 sermocinaretur.”

313 993 561 1032 Admonent
601 1003 673 1031 me
706 991 972 1032 Scholiastae
1003 991 1055 1031 de
1087 991 1287 1031 Terentio
1317 1001 1626 1040 usquequaque
1657 990 1826 1032 urbani-

252 1070 358 1109 tatis
388 1069 603 1109 rationem
629 1068 827 1118 habente,
857 1069 986 1116 atque
1013 1067 1107 1108 ideo
1134 1077 1263 1117 saepe
1292 1069 1515 1108 auctorem
1536 1077 1667 1108 suum
1682 1076 1826 1108 emen-

254 1146 395 1195 dante,
439 1145 742 1184 annotationes
779 1145 828 1183 ut
858 1154 996 1193 pauca
1027 1144 1239 1193 quaedam
1271 1144 1363 1193 ipse
1395 1144 1446 1183 de
1477 1143 1667 1184 Andriae
1696 1152 1828 1184 versu

254 1222 439 1270 quodam
481 1223 700 1261 annotem.
744 1219 888 1260 Etiam
930 1230 1045 1260 nunc
1085 1230 1215 1270 saepe
1257 1220 1390 1260 verba
1421 1219 1611 1260 Simonis
1642 1219 1827 1269 (xm-49.)

258 1297 398 1348 „haud
430 1298 552 1336 muto
584 1297 777 1337 factum'’
810 1297 893 1335 viri
919 1296 1034 1336 docti
1061 1296 1283 1336 illustrant
1309 1296 1498 1336 docendo
1523 1296 1666 1346 legem
1690 1294 1828 1336 fuisse

255 1373 367 1422 apud
393 1373 625 1423 Romanos,
655 1383 739 1422 qua
765 1374 945 1422 patrono
972 1372 1122 1412 liceret
1148 1373 1369 1422 ingratum
1394 1372 1599 1412 libertum
1624 1371 1670 1412 in
1694 1371 1825 1412 servi-

254 1450 395 1488 tutem
437 1449 669 1489 retrahere.
712 1449 862 1488 Nonne
905 1459 1006 1498 ergo
1047 1449 1242 1488 sentiunt
1278 1458 1410 1497 quam
1440 1447 1500 1488 sit
1529 1447 1824 1497 invenustum,

255 1525 556 1575 inhumanum,
587 1522 863 1579 ἀπειρόκαλον,
889 1524 934 1563 in
962 1524 1172 1573 colloquio
1199 1534 1299 1564 cum
1326 1524 1460 1574 Sosia,
1479 1524 1552 1564 illo
1567 1523 1827 1574 probissimo

256 1599 595 1650 fidelissimoque
628 1601 894 1650 mortalium,
928 1603 1021 1640 tam
1053 1601 1184 1640 durae
1215 1600 1324 1650 legis
1355 1600 1623 1640 mentionem
1653 1596 1828 1640 facere?

255 1677 314 1716 At
339 1677 478 1716 sensit
504 1677 585 1716 hoc
613 1677 866 1727 Scholiasta,
896 1677 967 1726 qui
995 1686 1184 1716 errorem
1211 1675 1334 1716 illum
1362 1677 1587 1716 vetustum
1613 1675 1703 1716 iam
1729 1685 1827 1715 esse

253 1763 332 1791 nos
373 1753 497 1792 docet
538 1753 582 1791 et
622 1752 686 1792 sic
722 1763 822 1792 eum
850 1753 1033 1792 refutat:
1065 1752 1247 1802 „Haud
1278 1754 1429 1792 muto
1461 1751 1699 1792 factum:
1731 1749 1828 1792 Non

252 1838 323 1867 me
364 1827 568 1877 poenitet,
603 1838 705 1866 nam
737 1828 775 1867 si
807 1829 907 1877 quid
940 1828 1179 1877 poeniteret
1210 1827 1493 1869 infectum
1533 1827 1686 1867 velle
1716 1826 1824 1868 dioe—

251 1904 368 1943 bant.
402 1905 470 1943 An
501 1904 740 1943 secundum
772 1904 852 1954 ius,
881 1904 993 1953 quod
1021 1904 1230 1943 adversus
1256 1903 1434 1943 libertos
1462 1904 1656 1953 ingratos
1678 1904 1758 1955 est,
1776 1904 1827 1943 ut

250 1979 294 2018 in
320 1980 579 2019 servitutem
606 1981 893 2020 revocentur?
922 1981 1004 2020 Sed
1031 1981 1112 2020 hoc
1139 1990 1224 2020 non
1252 1981 1455 2020 convenit
1472 1990 1624 2020 senem
1640 1977 1824 2020 dicere.”

310 2054 362 2097 Β.
405 2056 631 2096 Terentius
673 2067 845 2106 semper
886 2057 931 2096 in
973 2058 1167 2106 tempore
1210 2057 1396 2097 consulit
1434 2055 1730 2097 oeconomiae:
1770 2064 1826 2095 ne

249 2132 417 2171 fabulae
450 2133 594 2172 exitus
626 2133 941 2182 spectatoribus
972 2133 1234 2173 incredibilis
1260 2133 1458 2173 videatur
1484 2133 1574 2172 iam
1601 2131 1646 2172 in
1671 2130 1825 2182 primis

247 2208 388 2246 scenis
432 2209 551 2257 ponit
583 2209 795 2257 quaedam
829 2209 983 2257 quibus
1015 2208 1152 2248 animi
1184 2219 1334 2248 eorum
1365 2209 1685 2258 praeparentur,
1719 2217 1824 2247 nam

249 2284 505 2323 verisimilia
546 2285 692 2324 omnia
734 2295 829 2324 esse
870 2285 977 2324 vult.
1020 2285 1140 2324 Haec
1181 2287 1248 2324 est
1289 2285 1363 2324 illa
1401 2283 1602 2333 Terentii,
1635 2282 1767 2323 toties
1797 2292 1825 2323 a

252 2359 493 2398 Scholiasta
548 2361 735 2410 laudata,
794 2359 1132 2412 vigilantia,
1192 2359 1315 2399 cuius
1366 2369 1502 2398 unum
1549 2358 1619 2398 hic
1663 2367 1824 2409 ponam

253 2436 515 2485 exemplum,
559 2437 670 2484 quod
712 2436 850 2475 instar
891 2435 1088 2475 omnium
1121 2436 1199 2475 est.
1234 2434 1422 2475 Andriae
1453 2434 1624 2474 fabulae
1654 2433 1726 2474 hic
1756 2434 1824 2474 est

252 2510 397 2549 exitus
443 2513 491 2549 ut
539 2512 791 2560 Pamphilus
838 2512 1099 2561 adolescens,
1144 2510 1252 2550 civis
1293 2510 1466 2550 Atticus
1507 2510 1689 2549 honesto
1729 2509 1823 2549 loco

254 2587 394 2634 natUS,
441 2586 687 2634 Glycerium
730 2587 948 2635 quandam
990 2597 1172 2626 uxorem
1216 2587 1356 2636 ducat,
1399 2587 1521 2635 patre
1563 2595 1649 2624 non
1679 2585 1823 2625 solum

253 2661 530 2708 permittente
577 2663 652 2701 sed
700 2663 833 2702 etiam
880 2663 1106 2711 gaudente.
1153 2662 1278 2701 Hanc
1323 2661 1440 2701 enim
1488 2661 1736 2710 Glycerium
1777 2661 1822 2700 et

251 2736 391 2784 ipsam
435 2738 574 2776 civem
617 2749 712 2777 esse
754 2739 947 2778 Atticam
989 2738 1228 2788 apparebit,
1265 2738 1340 2777 sed
1373 2747 1520 2777 amare
1552 2747 1663 2776 eam·
1681 2735 1821 2786 coepit

254 2811 506 2859 Pamphilus
533 2813 575 2851 in
603 2814 729 2853 domo
757 2815 1023 2862 meretricia;
1052 2815 1206 2854 educta
1232 2815 1349 2855 enim
1376 2815 1443 2852 est
1469 2813 1580 2862 apud
1606 2812 1816 2852 Andriam

254 2886 520 2934 Chrysidem.
566 2889 671 2937 Quid
714 2901 813 2938 ergo
846 2893 996 2938 poetae
1029 2893 1096 2929 est
1127 2891 1374 2939 agendum?
1405 2890 1580 2928 Efficere
1612 2889 1738 2927 debet
1768 2889 1818 2927 ut

252 2964 518 3009 spectatores
561 2965 735 3002 credant
779 2965 942 3003 nullam
985 2968 1134 3004 tamen
1176 2965 1360 3014 Glycerii
1402 2965 1544 3004 famae
1586 2964 1818 3004 adhaerere
