2034 3334
917 372 969 411 67

162 499 308 538 nescia
356 499 363 506 '
487 509 513 537 a
558 498 718 537 Thaide
765 498 1040 547 conspectum
1084 497 1331 547 Chaeream,
1375 497 1468 536 sive
1509 497 1725 536 intellexit

163 508 864 624 curfifflamaveriwtamen
909 573 1057 623 alione
1091 573 1218 612 modo
1261 572 1513 622 significare
1543 573 1724 612 debebat

162 651 397 691 Chaeream
429 661 524 691 esse
555 651 679 690 illum
711 651 783 699 qui
814 651 942 689 herae
974 650 1305 689 admirationem
1335 649 1533 689 moverit.

713 1047 858 1086 Ac'rus
889 1046 926 1085 V
959 1047 1103 1086 SOENA
1136 1047 1175 1086 2.

221 1189 398 1229 Accedit
439 1189 628 1229 Chaerea
663 1189 941 1228 stomachans
973 1189 1084 1237 quod
1115 1199 1286 1237 semper
1317 1189 1455 1227 adhuc
1485 1188 1725 1238 prohibitus

161 1266 220 1304 sit
256 1267 426 1305 mutare
457 1267 638 1305 vestem.
672 1265 756 1304 Ubi
787 1265 949 1304 Thaida
981 1264 1188 1313 conspicit
1218 1265 1306 1303 iam
1338 1264 1511 1313 propius
1543 1265 1726 1304 accessit

162 1352 292 1390 quam
335 1343 382 1381 ut
423 1342 568 1391 fugere
610 1342 758 1390 possit.
802 1341 1030 1389 Primoque
1067 1351 1167 1379 eum
1200 1351 1298 1379 cum
1330 1341 1482 1379 acerba
1514 1341 1725 1380 derisione

163 1417 393 1466 alloquitur
424 1418 554 1457 Thais
586 1419 811 1465 tamquam
843 1416 1002 1455 Dorum
1037 1417 1282 1455 eunuchum
1309 1427 1591 1465 servumque;
1620 1427 1726 1456 mox

162 1493 407 1542 intelligens
437 1493 553 1532 facta
583 1493 742 1532 infecta
773 1492 891 1531 reddi
922 1503 1008 1531 non
1038 1502 1164 1541 posse
1195 1492 1306 1531 serio
1339 1502 1438 1531 cum
1470 1492 1542 1531 illo
1573 1493 1724 1532 delibe-

162 1579 257 1608 rare
303 1570 452 1618 incipit
493 1580 576 1618 quo
623 1569 750 1608 modo
792 1579 860 1608 res
903 1569 955 1607 ad
996 1569 1157 1607 bonum
1188 1568 1326 1617 possit
1357 1569 1508 1607 adduci
1542 1569 1722 1608 exitum.

163 1644 320 1684 Contra
350 1645 531 1694 Pythias
562 1655 814 1684 succensere
847 1645 885 1683 ei
917 1644 1056 1693 pergit
1087 1655 1223 1692 neque
1254 1645 1347 1682 tam
1378 1644 1503 1683 facile
1535 1644 1724 1693 indigna-

160 1719 324 1759 tionem
351 1722 539 1769 coercet;
569 1720 820 1769 egregieque
848 1720 911 1759 ira
938 1720 1030 1759 eius
1057 1720 1225 1769 depicta
1251 1721 1318 1758 est
1335 1720 1428 1759 ideo
1444 1720 1514 1758 vel
1530 1720 1724 1759 maxime

161 1797 455 1836 succensentis
501 1797 706 1836 simulato
753 1796 815 1835 illi
860 1796 983 1846 Doro,
1027 1796 1137 1844 quod
1180 1796 1272 1834 eius
1314 1796 1438 1845 culpa
1479 1796 1573 1844 ipsa
1614 1796 1724 1845 apud

162 1873 382 1912 dominam
420 1873 658 1922 periculum
690 1873 808 1912 adiit.
842 1872 989 1921 Igitur,
1023 1872 1096 1910 ubi
1128 1871 1327 1922 Chaerea,
1361 1872 1462 1911 Dori
1494 1872 1724 1911 etiamtum

161 1950 306 1996 partes
352 1958 496 1998 agenS,
540 1948 691 1987 Thaidi
732 1948 923 1996 roganti:
970 1947 1273 1996 „Virginemne
1314 1948 1362 1986 tu
1399 1948 1537 1986 civem
1570 1947 1724 1986 vitiare

163 2034 294 2062 ausus
322 2034 368 2062 es
379 2025 427 2063 ‘?’'
456 2024 696 2073 respondit:
729 2034 1008 2072 „conservam
1036 2033 1131 2062 esse
1159 2023 1359 2072 credidi,’'
1387 2023 1478 2062 iure
1496 2023 1569 2062 illa
1586 2023 1722 2062 excla-

163 2100 258 2137 mat
290 2100 389 2145 (859
422 2101 524 2147 sq.):

339 2175 633 2215 Conservam?
665 2175 741 2213 vix
771 2185 842 2213 me
874 2174 1070 2213 contineo
1103 2175 1204 2222 quin
1235 2174 1423 2213 involem

339 2251 528 2290 Monstro
560 2251 604 2289 in
636 2250 862 2299 capillum:
896 2250 1028 2288 etiam
1060 2250 1172 2289 ultro
1204 2250 1394 2288 derisum
1426 2250 1612 2288 advenit.

162 2326 324 2366 Ultro
365 2326 538 2375 optime,
577 2326 676 2374 quia
706 2325 800 2374 ipsa
829 2325 1009 2373 Pythias
1041 2326 1108 2364 est
1138 2324 1182 2363 in
1214 2335 1519 2364 conservarum
1551 2325 1722 2364 illarum

163 2411 354 2440 numero.
387 2402 564 2450 Egregie
596 2402 702 2440 haec
733 2401 878 2440 omnia
910 2399 1149 2439 Scholiasta
1179 2400 1406 2439 intellexit.

209 2477 281 2517 At
306 2476 458 2515 Thaidi
483 2477 571 2515 iam
597 2476 822 2525 prudentia
848 2476 1076 2514 emendare
1104 2475 1291 2524 cupienti
1313 2485 1420 2524 quae
1437 2475 1725 2524 imprudentia

164 2552 388 2600 deliquerit
419 2551 730 2590 molestissima
762 2552 828 2589 est
859 2551 933 2589 illa
959 2550 1138 2589 ancillae
1165 2551 1395 2590 iracundia.
1424 2550 1536 2589 Hinc
1562 2551 1724 2590 dictum

164 2628 268 2667 illud
309 2628 401 2667 eius
443 2628 495 2666 ad
536 2627 792 2675 Pythiadem
830 2629 907 2672 (vs.
942 2627 1064 2672 861):
1102 2626 1239 2675 „Abin
1270 2626 1369 2665 hinc
1400 2626 1612 2665 insana?’'
1645 2626 1725 2665 llla

164 2713 265 2742 vero
299 2703 524 2749 (861—3):
1430 2700 1434 2703 ’

890 2775 996 2825 Quid
1028 2776 1121 2815 ita?
1152 2776 1262 2815 Vero
1294 2776 1485 2826 debeam,

401 2851 546 2902 Cred0,
580 2852 654 2890 isti
685 2852 914 2900 quicquam
945 2851 1155 2902 furcifero,
1189 2852 1227 2890 si
1258 2852 1300 2890 id
1331 2852 1528 2891 fecerim:

400 2927 660 2966 Praesertim
693 2937 822 2975 quom
854 2937 900 2965 se
932 2937 1104 2966 servom
1136 2927 1323 2966 fateatur
1353 2929 1490 2966 tuum.
