2034 3334
3 3263 15 3268 ⁷
0 2860 30 3225 '⁵tasiffl'·'a>‚.WW3‚.„
25 3001 33 3009 ,
25 2978 29 2987 ,
21 2927 29 2952 .,
0 2679 28 2876 :ewa·2=‘·:='·.'··›321
4 2596 22 2665 ε·
0 2523 22 2583 ’ν

951 363 1003 401 71

744 519 888 558 Acrus
920 519 957 557 V
989 519 1132 558 SGENA
1165 520 1204 559 4.

255 644 474 684 Accedens
500 645 711 684 Parmeno
739 645 826 683 iam
852 645 1039 684 laetatur
1065 645 1189 683 laude
1215 655 1346 693 quam
1373 644 1463 693 ipse
1480 644 1538 683 sit
1555 645 1756 692 capturus

195 721 232 759 si
259 721 369 769 apud
397 720 604 759 Thaidem
626 731 695 759 res
712 720 892 759 feliciter
910 720 1122 759 Chaereae
1141 721 1330 759 cesserit.
1350 721 1403 759 Et
1419 721 1509 759 iure
1527 731 1552 759 a
1569 719 1757 759 Chaerea

194 797 380 845 pretium
422 797 747 845 praemiumque
789 797 1024 845 exspectat,
1068 806 1204 844 neque
1247 806 1321 835 cur
1353 797 1574 844 exspectet
1605 795 1756 834 multis

194 872 336 911 verbis
377 883 529 911 sumus
570 872 759 911 docendi.
793 872 956 910 Tamen
987 871 1180 920 sequitur
1211 871 1492 910 Parmenonis
1523 871 1754 920 disputatio

194 948 437 996 quindecim
495 958 700 987 versuum
762 947 1054 986 insulsissima
1113 949 1156 986 et
1201 948 1276 986 vix
1322 948 1507 986 ferenda.
1557 947 1665 986 Sunt
1710 946 1756 984 hi

195 1024 480 1069 (926—940):

415 1100 526 1138 Nam
558 1101 606 1138 ut
636 1100 812 1138 mittam
845 1099 955 1147 quod
988 1100 1026 1138 ei
1058 1109 1251 1138 amorem
1279 1098 1578 1137 difficillimum

418 1175 713 1224 Carissimum,
748 1175 800 1214 ab
831 1175 1056 1213 meretrice
1088 1185 1219 1213 avara
1250 1174 1462 1223 virginem

415 1251 551 1300 Quom
578 1251 764 1300 amabat,
800 1261 900 1289 eum
932 1250 1093 1289 confeci
1124 1251 1216 1289 sine
1236 1248 1448 1288 'molestia

417 1327 516 1366 Sine
547 1329 736 1376 sumptu,
771 1327 864 1365 sine
897 1326 1138 1375 dispendio:
1172 1327 1267 1364 tum
1300 1326 1379 1364 hoc
1410 1325 1607 1374 alterum,

282 1403 381 1442 930.
414 1403 462 1441 Id
493 1404 640 1442 verost
670 1403 780 1451 quod
813 1412 889 1451 ego
921 1402 1029 1440 mihi
1064 1403 1166 1451 puto
1198 1402 1457 1450 palmarium

414 1477 479 1517 Me
511 1477 762 1527 repperisse,
796 1488 878 1526 quo
910 1478 1037 1516 modo
1069 1477 1414 1516 adolescentulus

414 1554 688 1593 Meretricum
720 1554 892 1602 ingenia
924 1555 967 1592 et
998 1563 1140 1592 mores
1173 1554 1319 1602 posset
1350 1564 1537 1603 noscere,

415 1630 579 1668 Mature
611 1631 660 1668 ut
691 1640 821 1678 quom
854 1629 1045 1678 cognorit
1076 1631 1279 1678 perpetuo
1312 1629 1459 1668 oderit.

415 1706 529 1755 Quae
561 1707 663 1745 dum
694 1706 797 1744 foris
829 1707 942 1754 sunt,
978 1705 1038 1744 nil
1070 1705 1238 1743 videtur
1267 1705 1470 1744 mundius

283 1783 380 1821 935.
413 1783 500 1821 Nec
531 1783 671 1831 magis
703 1782 990 1831 compositum
1017 1782 1245 1830 quicquam
1279 1792 1357 1821 nec
1387 1783 1528 1830 magis
1555 1783 1749 1831 elegans:

416 1858 530 1907 Quae
562 1869 661 1896 cum
693 1859 886 1897 amatore
919 1868 996 1896 suo
1029 1868 1127 1896 cum
1161 1859 1316 1896 cenant
1347 1857 1586 1906 ligurriunt.

416 1933 582 1972 Harum
613 1933 758 1972 videre
790 1933 998 1972 inluviem
1030 1934 1176 1972 sordes
1208 1919 1410 1982 inopiam,

416 2008 552 2057 Quam
585 2009 836 2047 inhonestae
868 2009 984 2047 solae
1017 2009 1104 2047 sint
1135 2008 1251 2047 domi
1284 2010 1411 2056 atque
1444 2009 1594 2047 avidae
1627 2009 1719 2058 cibi,

417 2084 505 2133 Quo
536 2086 660 2133 pacto
693 2095 748 2123 ex
779 2085 870 2123 iure
900 2085 1101 2123 hesterno
1134 2094 1291 2133 panem
1323 2085 1466 2123 atrum
1497 2085 1660 2133 vorent,

284 2161 381 2199 940.
414 2161 549 2199 Nosse
582 2160 728 2199 omnia
758 2160 863 2198 haec
895 2160 1012 2198 salus
1045 2161 1111 2198 est
1142 2159 1483 2198 adolescentulis.

195 2235 350 2274 Totum
382 2236 462 2274 hoc
489 2246 514 2274 a
540 2235 820 2274 Parmenonis
848 2234 1024 2274 consilio
1051 2235 1379 2273 alienissimum.
1409 2235 1523 2274 Satis
1551 2235 1617 2273 est
1642 2236 1752 2282 quod

195 2322 254 2360 se,
283 2311 320 2349 si
346 2321 416 2350 res
441 2321 641 2360 prospere
669 2311 858 2360 cesserit,
888 2312 1107 2349 auctorem
1133 2311 1266 2349 fuisse
1294 2310 1485 2349 dicturus
1508 2311 1586 2359 est,
1607 2312 1754 2349 contra

196 2396 247 2425 ea
278 2396 386 2434 quae
423 2396 448 2424 a
480 2386 669 2425 Chaerea
699 2386 853 2434 petivit
883 2396 947 2424 ve.
982 2386 1079 2424 390.
1113 2386 1160 2424 Id
1193 2386 1365 2433 quidem
1397 2385 1521 2434 plane
1555 2386 1754 2424 convenit

195 2463 374 2500 naturae
411 2461 515 2500 eius.
550 2461 631 2500 Sed
664 2471 738 2499 cur
769 2471 815 2499 se
847 2471 960 2499 nunc
990 2471 1161 2499 morum
1192 2461 1401 2499 bonorum
1432 2462 1752 2509 praeceptorem

195 2535 349 2584 fingit?
391 2537 442 2575 Et
484 2537 680 2584 egregius
721 2536 791 2574 ille
833 2538 1081 2584 praeceptor
1123 2538 1189 2574 est
1230 2537 1313 2585 qui,
1357 2537 1404 2575 ut
1438 2536 1754 2576 adolescentulo

197 2612 341 2650 odium
394 2613 437 2650 et
487 2612 783 2659 contemptum
829 2611 1107 2650 meretricum
1154 2612 1345 2660 inspiret,
1394 2612 1455 2650 illi
1501 2612 1753 2651 facultatem

197 2687 371 2735 praebet
412 2687 521 2735 apud
563 2687 834 2725 meretricem
872 2696 1046 2725 summa
1075 2686 1295 2735 voluptate
1327 2687 1515 2725 fruendi!
1549 2687 1608 2725 Ut
1636 2688 1752 2726 canis

198 2773 223 2800 a
256 2763 368 2801 corio
399 2772 620 2814 nunquam
646 2761 953 2800 absterrebitur
978 2763 1118 2800 uncto.
1147 2762 1323 2800 Accedit
1349 2762 1459 2809 quod
1486 2762 1616 2800 Thais
1642 2762 1753 2801 inter

198 2838 446 2876 meretrices
479 2837 727 2885 exemplum
758 2837 932 2875 virtutis
965 2839 1042 2885 est,
1077 2847 1184 2884 quae
1211 2847 1315 2875 mox
1341 2847 1415 2885 pro
1442 2838 1610 2876 meritis
1637 2849 1752 2886 prae-

198 2912 336 2951 mium
373 2912 563 2961 accipiet.
598 2912 784 2950 Inseruit
815 2912 956 2950 locum
989 2910 1208 2950 inficetum
1242 2911 1394 2959 aliquis
1426 2913 1602 2960 probior,
1624 2923 1754 2961 quam
