2034 3334
1007 192 1092 235 135

256 321 410 378 quibus
442 320 577 362 amori
609 332 685 360 suo
716 318 899 368 resistit,
933 330 957 359 a
988 329 1064 358 sua
1096 316 1330 358 aberrarint
1363 314 1471 357 sede.
1504 314 1704 357 Proxime
1730 314 1843 356 enim

256 390 512 449 praecedunt
542 389 663 431 haec:

435 462 524 503 Aut
554 462 695 502 nostro
725 460 888 502 vetitus
920 457 970 500 de
1002 456 1124 500 corde
1155 456 1378 513 fugabitur
1409 455 1545 507 ardor,

437 532 526 574 Aut
557 531 635 573 hoc
667 531 704 571 si
734 543 919 585 nequeo,
952 542 1123 584 peream
1154 541 1314 583 precor,

258 617 364 659 quae
406 605 506 645 sunt
547 603 592 643 in
635 600 812 643 eandem
852 600 1106 642 sententiam
1139 597 1418 654 disputantia,
1452 599 1495 638 et
1525 595 1678 638 itidem
1709 597 1845 638 amori

256 673 400 717 cedere
432 671 631 715 nolentis.

319 839 406 883 529
435 854 495 895 sq.

413 909 606 965 ’Scripta
641 906 814 959 „soror”
848 906 1010 948 fuerat:
1043 906 1188 948 visum
1220 906 1284 946 est
1315 903 1454 946 delere
1487 903 1731 954 „sororem”

438 979 658 1034 Verbaque
690 978 887 1020 correctis
920 975 1106 1018 incidere
1138 974 1242 1018 talia
1272 976 1391 1017 ceris.

259 1052 354 1095 Non
393 1055 516 1093 antea
557 1049 809 1102 eorriquntur
849 1061 987 1097 cerae,
1030 1045 1181 1088 deinde
1223 1059 1299 1101 pro
1339 1046 1508 1087 vitiosis
1540 1058 1588 1087 ea
1619 1046 1672 1087 iis
1702 1045 1848 1087 inscri-

258 1124 419 1166 buntur
460 1121 611 1171 verba,
655 1119 810 1175 quibus
842 1131 948 1174 opus
981 1120 1067 1167 est,
1102 1116 1175 1158 sed
1205 1117 1350 1171 ipsum
1382 1116 1460 1158 hoc
1492 1129 1592 1158 vera
1623 1129 1698 1171 pro
1730 1114 1847 1157 falsis

259 1194 440 1236 scribere
483 1195 546 1234 est
587 1191 809 1246 corrigere.
852 1189 937 1230 Pro
981 1186 1165 1229 eoo-rectis
1205 1186 1275 1228 hic
1306 1187 1538 1242 requiritur
1569 1186 1846 1241 participium

258 1264 303 1306 id
344 1263 535 1305 indicans
578 1261 689 1316 quod
730 1260 778 1302 fit
820 1273 918 1302 cum
951 1257 1158 1301 vocabula
1189 1257 1396 1313 quaedam
1429 1259 1527 1299 sunt
1560 1255 1717 1299 deleta:
1751 1260 1847 1298 tum

259 1347 353 1377 cera
385 1333 522 1376 denuo
548 1331 679 1386 plana
710 1333 774 1373 est
805 1329 1007 1372 facienda.
1039 1328 1186 1384 Ipsum
1220 1326 1478 1370 vocabulum
1509 1341 1592 1370 non
1623 1331 1800 1383 praesto.

322 1497 408 1542 557
437 1512 455 1541 s
517 1530 525 1540 .

440 1512 528 1610 1320
559 1581 634 1609 nos
666 1571 742 1610 aut
773 1566 905 1608 durus
937 1568 1057 1622 pater
1089 1568 1164 1607 aut
1194 1565 1431 1607 reverentia
1462 1563 1599 1606 famae

441 1640 530 1681 Aut
561 1639 693 1680 timor
723 1636 950 1695 impediet:
984 1640 1127 1678 tamen
1157 1638 1208 1676 ut
1239 1636 1295 1676 sit
1327 1647 1453 1676 causa
1483 1633 1683 1685 timendi,

442 1708 594 1750 Dulcia
625 1708 811 1750 fraterno
843 1707 920 1749 sub
952 1707 1122 1748 nomine
1155 1705 1270 1747 furta
1302 1707 1513 1760 tegemus.

261 1780 443 1822 Minime
484 1781 628 1835 inepta
668 1778 771 1820 haec
803 1777 931 1820 lectio
966 1781 1092 1818 tamen
1124 1780 1190 1827 ut,
1225 1790 1246 1818 e
1279 1777 1519 1818 coniectura
1551 1778 1662 1818 nata.
1697 1775 1848 1818 Nescio

259 1855 403 1893 tamen
444 1863 497 1892 an
536 1852 723 1905 praestet
764 1848 958 1890 codicum
1001 1846 1228 1890 lectionem
1268 1850 1421 1888 tantum
1461 1847 1665 1896 retinere,
1698 1850 1848 1902 utpote

259 1934 366 1976 quae
406 1919 584 1962 eandem
626 1919 879 1960 sententiam
922 1932 971 1960 eo
1014 1931 1206 1959 sermone
1247 1916 1402 1958 referat
1443 1917 1518 1970 qui
1559 1915 1629 1958 vel
1660 1917 1847 1958 maxime

262 1990 491 2048 Byblidem
520 1989 843 2039 deceat;.tamen
872 1992 915 2029 ut
937 1987 1186 2044 languidius
1212 1990 1289 2029 est.
1328 1985 1486 2027 Utinam
1511 1987 1622 2027 modo
1647 1986 1702 2027 sit
1728 2000 1848 2027 eausa

262 2060 450 2102 timendi:
502 2060 695 2109 „utinam
739 2058 864 2099 modo
906 2057 1009 2099 fiant
1052 2070 1100 2098 ea
1143 2070 1250 2112 quae
1292 2056 1424 2098 latere
1467 2055 1724 2097 malimus'':
1767 2055 1847 2096 hoc

262 2131 445 2186 virginis
488 2133 552 2172 est
590 2130 736 2170 insano
778 2141 921 2170 amore
962 2127 1172 2182 abreptae.
1212 2126 1359 2182 Neque
1401 2126 1632 2181 quidquam
1673 2127 1848 2168 interest

265 2204 378 2244 inter
409 2204 561 2242 tantum
593 2199 648 2240 sit
679 2203 722 2240 et
753 2198 906 2239 utinam
936 2198 1046 2238 modo
1076 2197 1142 2238 sit.

329 2363 428 2407 570.
473 2363 651 2419 Scriptis
683 2362 820 2405 literis
851 2360 1003 2418 Byblis
1050 2360 1264 2403 famulum
1296 2364 1419 2403 vocat
1450 2364 1492 2403 et

866 2432 955 2482 „fer
985 2431 1084 2482 has,
1117 2431 1344 2482 fidissime,
1378 2432 1550 2473 nostro''

268 2507 341 2549 ait.
375 2504 795 2547 Praestantissimam
826 2501 1055 2543 lectionem
1079 2501 1158 2557 fer
1183 2502 1256 2542 has
1283 2501 1486 2543 debemus
1516 2501 1852 2551 „deterioribus”

269 2576 504 2624 codicibus,
536 2588 636 2616 nam
667 2574 712 2614 in
746 2571 966 2627 „optimo”
1000 2571 1050 2613 M
1082 2575 1144 2614 est
1165 2573 1303 2628 ferm,
1332 2571 1442 2627 quod
1469 2571 1749 2614 falsissimum
1778 2577 1854 2623 est,

269 2646 342 2689 sed
374 2650 423 2688 ut
455 2650 543 2687 tam
578 2644 751 2700 egregie
783 2644 1033 2698 corrigatur,
1067 2644 1141 2684 aut
1171 2640 1431 2697 Bentleyum
1462 2641 1650 2697 aliquem
1676 2644 1856 2698 requirit

269 2720 344 2759 aut
377 2714 622 2771 exemplum
656 2715 799 2755 minus
832 2716 1093 2767 corruptum.
1128 2711 1228 2754 Sive
1254 2716 1400 2754 autem
1426 2712 1503 2754 hoc
1527 2714 1740 2755 sumimus
1766 2715 1862 2763 sive,

269 2786 403 2836 illud,
447 2787 640 2841 sequitur
682 2787 731 2825 ut
774 2781 1056 2833 „deteriores”
1100 2781 1167 2824 illi
1199 2796 1475 2839 permagnam
1506 2783 1687 2825 habeant
1718 2787 1856 2826 aucto-

270 2859 455 2900 ritatem.
