2034 3334
894 375 976 418 137

191 502 359 558 plantis,
389 500 463 544 ubi
495 503 636 544 tamen
668 499 901 543 doctissimi
931 499 1015 542 viri
1046 498 1247 555 palmis
1274 495 1580 541 substituunt.''
1597 495 1679 539 Sed

196 591 346 634 parum
379 576 460 620 sibi
491 579 669 631 constat,
702 577 844 619 statim
877 576 989 618 enim
1018 587 1109 618 rem
1141 575 1223 617 alio
1256 574 1383 617 vertit
1415 576 1478 616 et:
1515 570 1692 639 „quos‘ffff
1796 590 1846 633 ff}
1866 616 1880 632 s
1916 611 1917 618 ἶ
1983 595 1994 608 2

192 655 252 697 ait
286 653 466 708 „refutat
506 652 730 709 Scioppius
761 665 882 695 meus
912 651 1025 694 Libr.
1056 651 1089 706 Ι,
1124 651 1256 694 Veris.
1289 663 1323 692 0.
1356 649 1422 693 6.”
1455 649 1679 706 Sci—oppius
1923 650 1928 657 ·

192 733 335 773 autem
375 730 421 771 in
453 729 771 772 Verisimilibus
801 729 913 772 idem
945 727 1071 771 habet
1101 727 1215 783 quod
1246 728 1292 770 in
1323 726 1594 769 annotatione
1625 725 1679 768 ad

190 806 378 862 Priapea.

249 882 381 925 Vides
411 881 720 924 Ritterhusium
753 881 875 924 nullo
907 880 1094 923 adhibito
1121 882 1370 936 argumento
1397 878 1677 922 Heinsianam

191 958 472 1001 condemnare
519 959 785 1013 sententiam,
833 956 1077 1013 Scioppium
1119 959 1160 999 et
1200 955 1548 998 Brouokhusium
1590 967 1677 997 uno

190 1046 320 1077 versu
353 1033 594 1076 Catulliano
626 1034 726 1076 niti:

310 1141 392 1185 Sed
424 1155 682 1198 quamquam
712 1154 780 1184 me
810 1143 934 1184 nocte
965 1143 1164 1197 premunt
1193 1141 1373 1196 vestigia
1404 1140 1566 1195 divum,

190 1262 236 1303 in
285 1274 370 1317 quo
411 1261 519 1303 nihil
561 1263 624 1303 est
663 1260 873 1316 praesidii.
914 1259 1174 1303 Premere
1204 1262 1246 1302 et
1275 1258 1495 1301 calcare
1526 1259 1582 1313 (et
1612 1258 1680 1301 his

193 1337 347 1380 similia
387 1336 529 1391 verba)
561 1336 739 1393 pedibus
771 1337 861 1379 sive
890 1336 1044 1392 plantis
1077 1336 1182 1392 quid
1214 1336 1268 1379 sit
1299 1335 1572 1392 perspicuum
1605 1337 1681 1390 est,

194 1413 267 1455 sed
308 1414 419 1456 inter
456 1413 532 1455 illa
573 1416 614 1455 et
655 1413 988 1469 contingere
1028 1413 1203 1456 interest
1234 1412 1408 1468 aliquid,
1439 1414 1488 1454 ut
1518 1412 1680 1467 opinor.

194 1487 445 1544 Contingere
486 1489 597 1531 enim
641 1492 682 1531 et
723 1490 931 1545 attingere
962 1491 1074 1532 reete
1105 1489 1275 1532 demum
1307 1490 1340 1531 ii
1372 1488 1575 1531 dicuntur
1606 1488 1680 1544 qui

193 1563 307 1620 quod
360 1564 487 1620 longe
534 1567 744 1607 remotum
791 1568 855 1607 est
901 1565 1155 1620 petiverunt,
1203 1565 1278 1620 qui
1323 1577 1423 1620 ergo
1471 1563 1681 1619 bracchia,

191 1654 327 1696 crura,
356 1641 514 1683 collum
546 1641 840 1696 extenderunt,
873 1645 914 1684 et
946 1642 1020 1698 qui
1051 1642 1215 1697 ingenti
1247 1641 1432 1684 exsultat
1457 1641 1614 1698 gaudio
1641 1642 1681 1684 is

191 1716 271 1759 sibi
315 1717 490 1760 volitare
537 1717 706 1759 videtur
751 1720 792 1760 et
838 1717 976 1760 sidera
1025 1720 1196 1773 tangere
1243 1718 1332 1760 sive
1379 1718 1548 1773 vertice,
1589 1718 1679 1760 sive

190 1793 400 1848 manibus,
447 1793 520 1836 sed
562 1794 710 1850 eapite,
751 1797 799 1836 ut
842 1795 1003 1850 opinor,
1045 1795 1090 1836 in
1132 1794 1296 1837 eoelum
1328 1806 1414 1836 non
1446 1795 1492 1836 in
1525 1797 1678 1837 terram

193 1882 409 1912 converso.
450 1868 585 1920 Quem
627 1873 768 1912 autem
812 1870 883 1912 alii
925 1871 1050 1912 etiam
1084 1870 1319 1913 attulerunt
1350 1869 1475 1912 Statii
1507 1883 1678 1913 versum

192 1945 240 2002 (Ι,
274 1947 312 2002 2,
346 1947 469 2001 212);

365 2054 433 2098 Ire
462 2055 559 2111 polo
590 2055 835 2111 nitidosque
862 2068 1001 2098 errare
1030 2069 1105 2112 per
1136 2069 1238 2099 axes
1281 2056 1287 2111 Ι
1329 2057 1462 2112 visus,

190 2173 228 2215 is
257 2172 392 2214 multo
424 2173 550 2215 etiam
581 2186 606 2215 a
639 2175 785 2216 nostro
817 2173 909 2216 looo
942 2174 1118 2216 alienior
1149 2177 1224 2217 est.

251 2247 284 2303 I,
318 2249 356 2304 9,
388 2249 455 2290 29.
495 2247 670 2292 Deridet
705 2253 828 2304 poeta
858 2251 1042 2292 amioum
1076 2251 1151 2305 qui
1182 2263 1227 2293 se
1258 2251 1376 2293 nullo
1407 2251 1525 2306 tangi
1555 2263 1679 2306 posse

191 2336 334 2366 amore
364 2325 604 2367 iactaverit:
638 2326 754 2368 venit
786 2326 899 2368 enim
930 2326 1066 2368 Amor
1097 2330 1138 2369 et
1168 2327 1321 2369 misero
1349 2327 1476 2369 struit
1491 2327 1678 2369 insidias.

194 2399 374 2454 „Nunc”
403 2401 463 2442 ait
497 2401 702 2456 „pristina
736 2401 897 2456 depone
929 2402 1069 2444 studia
1101 2405 1141 2444 et
1173 2402 1415 2444 Mimnermi
1440 2403 1576 2445 instar
1591 2415 1682 2445 car-

191 2476 307 2518 mina
348 2488 551 2531 oompone
592 2478 817 2531 amatoria;
849 2491 1083 2533 numquam
1114 2479 1227 2520 enim
1260 2482 1300 2521 te
1330 2478 1465 2520 Amor
1495 2492 1681 2521 vacuum

192 2564 285 2595 esse
329 2553 535 2607 patietur3
583 2565 724 2608 neque
771 2566 819 2596 ea
860 2553 937 2596 tibi
978 2554 1258 2597 confidentiae
1299 2567 1428 2597 causa
1469 2558 1533 2598 est
1566 2555 1681 2611 quod

193 2630 339 2683 parata
385 2627 462 2670 tibi
509 2628 564 2670 sit
610 2628 774 2683 puella:
823 2631 915 2671 tum
964 2631 1077 2672 enim
1127 2643 1262 2685 quum
1311 2633 1358 2672 tu
1404 2630 1476 2672 illa
1521 2631 1680 2686 potitus

195 2716 287 2747 esse
334 2703 412 2746 tibi
457 2703 669 2747 videberis
714 2705 787 2747 illa
827 2718 974 2748 revera
1014 2709 1055 2748 te
1097 2707 1230 2761 potita
1261 2707 1350 2748 erit.
1382 2706 1501 2749 Neve
1533 2707 1679 2750 credas

194 2781 286 2821 tum
318 2779 394 2822 tibi
426 2780 628 2822 Amorem
658 2781 748 2823 fore
777 2781 942 2824 facilem
976 2795 1109 2837 quum
1137 2795 1236 2838 prae
1262 2786 1335 2825 tua
1359 2784 1501 2838 puella
1517 2788 1677 2827 ceteras

196 2867 341 2899 omnes
373 2857 674 2912 contempseris
703 2857 1039 2913 neglexerisque.
1072 2857 1116 2900 Is
1147 2859 1258 2901 enim
1291 2860 1426 2901 Amor
1457 2862 1520 2902 est
