2034 3334
938 279 1023 322 113

183 401 276 444 Non
319 415 419 459 ergo
461 400 684 444 observare
717 401 920 444 videntur
950 415 1022 444 vv.
1057 400 1125 443 dd.
1158 415 1287 457 quam
1317 402 1536 458 ingratum
1571 402 1628 444 sit
1658 401 1775 444 istud

183 477 344 524 vertere,
377 471 652 528 praecedente
683 471 763 514 hoc
794 484 945 514 versu:

366 542 432 584 Ad
463 555 593 598 quam
625 556 669 584 se
701 541 867 598 trepido
898 541 1088 585 Phineus
1120 542 1339 584 obverterat
1372 556 1455 585 ore.

184 613 397 670 Equidem
439 612 583 656 Ovidii
624 626 714 655 esse
757 616 861 669 puto
894 613 1006 669 quod
1037 616 1102 655 est
1132 614 1178 655 in
1207 629 1226 655 ε
1260 617 1302 656 et
1334 613 1445 670 quod
1475 614 1520 655 in
1551 612 1601 655 M
1632 626 1778 669 supra—

186 685 410 727 scribitur:
434 685 611 739 flectere.
648 684 823 727 Accedit
855 684 965 740 quod
999 684 1152 725 lumina
1183 689 1333 726 vertere
1363 684 1524 727 locutio
1557 687 1622 726 est
1655 683 1777 726 dubi-

186 756 339 798 tationi
369 754 499 797 alicui
532 755 724 806 obnoxia,
757 769 841 798 non
872 769 974 798 vero
1007 755 1160 796 lumina
1180 756 1357 810 flectere.

250 900 336 943 384
384 900 535 943 Latine
567 900 650 943 dici
680 914 824 957 posse:

369 972 497 1028 Inque
527 986 593 1013 eor
623 972 797 1014 hamata
829 973 1039 1028 percussit
1069 972 1305 1015 harundine
1337 972 1483 1016 Ditem

187 1057 268 1085 non
301 1043 437 1086 credo.
471 1042 554 1085 Sed
586 1042 688 1099 quid
721 1056 847 1100 agam
880 1045 1032 1086 nescio.

250 1177 337 1220 390
385 1177 562 1235 Frigora
594 1177 698 1220 dant
729 1178 862 1228 rami,
895 1179 1031 1234 tyrios
1062 1178 1222 1221 humus
1254 1179 1401 1222 umida
1433 1179 1568 1223 flores.

188 1247 269 1290 Vix
301 1252 400 1305 apta
429 1249 499 1290 hic
531 1249 722 1304 tyriorum
752 1248 905 1291 florum
936 1251 1122 1300 mentio,
1155 1263 1290 1305 neque
1318 1250 1508 1293 multum
1534 1251 1779 1307 proficimus

190 1319 386 1362 Ehwaldi
419 1321 688 1362 annotatione
721 1319 846 1375 tyrios
861 1343 914 1359 =
921 1334 1165 1374 purpureos.
1199 1319 1403 1376 Sequitur
1435 1323 1548 1364 enim
1582 1336 1642 1364 vs.
1665 1314 1776 1364 392:

804 1389 939 1433 violas
970 1394 1046 1433 aut
1078 1392 1251 1432 eandida
1283 1391 1375 1434 lilia
1401 1394 1538 1448 carpit

191 1460 302 1504 unde
332 1461 418 1503 fere
444 1463 609 1503 certum
637 1466 701 1504 est
726 1463 895 1517 poetam
923 1461 1110 1504 voluisse
1138 1462 1251 1518 quod
1277 1465 1341 1505 est
1367 1463 1410 1504 in
1440 1463 1778 1514 „deterioribus”

186 1543 335 1574 'vav-zos.

255 1677 340 1720 445
389 1678 599 1721 Assentiri
630 1678 835 1721 Ehwaldo
868 1693 951 1722 non
983 1681 1233 1735 possumin
1265 1680 1405 1722 hisce:

371 1747 484 1791 Solis
516 1749 567 1792 ab
600 1763 749 1792 occasu
781 1749 883 1792 solis
914 1751 1142 1806 quaerebat
1172 1750 1225 1793 ad
1257 1754 1398 1793 ortum

191 1818 296 1862 caeli
337 1819 569 1875 significari
599 1821 808 1877 regiones.
847 1816 1036 1876 Tempora
1066 1823 1201 1864 noctis
1234 1825 1275 1863 et
1307 1821 1390 1863 diei
1422 1822 1466 1863 in
1496 1821 1782 1877 praecedentis

191 1889 271 1932 bus
302 1889 619 1946 significantur:
804 1888 806 1890 ’
1461 1884 1464 1887 ’

371 1960 537 2016 Perque
567 1962 789 2016 pruinosas
821 1961 924 2004 tulit
955 1963 1186 2018 irrequieta
1218 1963 1410 2005 tenebras

192 2044 247 2074 sc.
282 2044 474 2073 accensas
504 2032 644 2087 pinus
677 2030 837 2074 Deinde

373 2101 538 2143 Rursus
570 2101 645 2143 ubi
676 2100 790 2144 alma
823 2102 911 2144 dies
942 2102 1162 2144 hebetarat
1193 2102 1341 2145 sidera.

253 2171 369 2228 Ergo
400 2173 586 2227 recipere
613 2171 782 2214 Heinsii
811 2171 1061 2214 lectionem:

373 2241 483 2284 Solis
514 2242 566 2284 ad
597 2256 793 2285 occasum
825 2241 925 2285 solis
952 2243 1184 2298 vquaerebat
1216 2243 1267 2285 ab
1300 2246 1396 2285 ortu

192 2316 362 2355 tantum
404 2326 484 2355 non
512 2314 735 2369 cogimur.
780 2313 862 2356 Per
902 2315 1038 2355 noctis
1081 2313 1272 2355 tenebras
1313 2313 1423 2355 faces
1455 2312 1552 2355 illas
1583 2314 1780 2370 ingentes

187 2383 536 2434 circumferebat,
571 2383 646 2426 ubi
677 2383 832 2426 alluxit
862 2397 997 2440 usque
1029 2384 1081 2426 ad
1113 2397 1242 2426 novas
1274 2384 1466 2426 tenebras
1498 2383 1631 2426 filiam
1658 2397 1778 2438 quae·

193 2454 312 2497 rebat
343 2453 413 2506 (ad
444 2453 548 2496 solis
580 2453 725 2496 lumen
760 2453 951 2508 scilicet).
1762 2446 1765 2448 V

255 2595 357 2638 460.
399 2596 604 2652 Repetam
636 2595 704 2638 hic
738 2609 843 2652 quae
877 2595 966 2637 dixi
997 2597 1040 2638 in
1069 2595 1177 2639 Albo
1203 2596 1508 2652 gratulatorio,
1536 2597 1650 2652 quod
1676 2597 1782 2641 Her-

196 2667 389 2710 werdeno
430 2668 557 2709 amici
599 2665 858 2717 obtulimus,;
899 2667 945 2707 in
978 2679 1210 2722 paucorum
1242 2668 1355 2709 enim
1387 2680 1540 2710 manus
1572 2668 1782 2711 eiusmodi

197 2737 465 2780 collectiones
491 2739 713 2793 pervenire
741 2735 890 2779 solent.
919 2736 1044 2788 Puer,
1074 2739 1147 2792 qui
1174 2735 1371 2780 Cererem
1397 2741 1494 2780 ante
1522 2752 1626 2780 anus
1644 2740 1783 2781 cuius-

197 2807 294 2850 dam
326 2808 437 2850 fores
467 2808 683 2851 bibentem
717 2807 941 2859 deriserat,
976 2807 1185 2863 quomodo
1216 2808 1379 2851 dederit
1412 2822 1566 2865 poenas
1599 2811 1657 2852 sic
1688 2824 1781 2853 nar-

197 2881 266 2919 rat
297 2876 500 2921 Ovidius:

378 2947 543 2990 Offensa
575 2952 639 2991 est
670 2962 805 3004 neque
837 2948 974 2991 adhuc
1006 2953 1129 3004 epota
1160 2952 1278 3005 parte
1308 2948 1554 3004 loquentem

379 3017 491 3062 Cum
522 3018 686 3074 liquido
717 3020 854 3061 mixta
885 3019 1072 3074 perfudit
1105 3019 1203 3062 diva
1235 3019 1418 3075 polenta.
1512 3010 1515 3013 ’

1570 3101 1591 3132 8
