<?xml version="1.0" encoding="UTF-8"?>
<!DOCTYPE html PUBLIC "-//W3C//DTD XHTML 1.0 Transitional//EN"
    "http://www.w3.org/TR/xhtml1/DTD/xhtml1-transitional.dtd">
<html xmlns="http://www.w3.org/1999/xhtml" xml:lang="en" lang="en">
 <head>
  <title>
</title>
<meta http-equiv="Content-Type" content="text/html;charset=utf-8" />
  <meta name='ocr-system' content='tesseract 3.04.00' />
  <meta name='ocr-capabilities' content='ocr_page ocr_carea ocr_par ocr_line ocrx_word'/>
</head>
<body>
  <div class='ocr_page' id='page_1' title='image "./dehoratiopota00hartuoft_0443.png"; bbox 0 0 2034 3334; ppageno 0'>
   <div class='ocr_carea' id='block_1_1' title="bbox 0 0 159 3334">
    <p class='ocr_par' dir='ltr' id='par_1_1' title="bbox 0 0 159 3334">
     <span class='ocr_line' id='line_1_1' title="bbox 0 0 159 3334; baseline 0 0"><span class='ocrx_word' id='word_1_1' title='bbox 0 0 159 3334; x_wconf 95' lang='lat' dir='ltr'> </span> 
     </span>
    </p>
   </div>
   <div class='ocr_carea' id='block_1_2' title="bbox 964 377 1019 416">
    <p class='ocr_par' dir='ltr' id='par_1_2' title="bbox 964 377 1019 416">
     <span class='ocr_line' id='line_1_2' title="bbox 964 377 1019 416; baseline -0.018 0"><span class='ocrx_word' id='word_1_2' title='bbox 964 377 1019 416; x_wconf 84' lang='lat'>59</span> 
     </span>
    </p>
   </div>
   <div class='ocr_carea' id='block_1_3' title="bbox 189 500 1775 1912">
    <p class='ocr_par' dir='ltr' id='par_1_3' title="bbox 210 500 1770 701">
     <span class='ocr_line' id='line_1_3' title="bbox 211 500 1769 550; baseline -0.001 -10"><span class='ocrx_word' id='word_1_3' title='bbox 211 501 379 540; x_wconf 89' lang='lat' dir='ltr'>retinet.</span> <span class='ocrx_word' id='word_1_4' title='bbox 427 501 585 550; x_wconf 86' lang='lat' dir='ltr'>„Volo”</span> <span class='ocrx_word' id='word_1_5' title='bbox 629 501 704 547; x_wconf 89' lang='lat' dir='ltr'>(ait</span> <span class='ocrx_word' id='word_1_6' title='bbox 745 501 816 540; x_wconf 90' lang='lat' dir='ltr'>ille</span> <span class='ocrx_word' id='word_1_7' title='bbox 857 512 920 540; x_wconf 89' lang='lat' dir='ltr'>vs.</span> <span class='ocrx_word' id='word_1_8' title='bbox 966 502 1064 547; x_wconf 84' lang='lat'>764)</span> <span class='ocrx_word' id='word_1_9' title='bbox 1111 511 1214 550; x_wconf 83' lang='lat' dir='ltr'>„ego</span> <span class='ocrx_word' id='word_1_10' title='bbox 1256 502 1407 540; x_wconf 78' lang='lat' dir='ltr'>adesse</span> <span class='ocrx_word' id='word_1_11' title='bbox 1438 501 1508 540; x_wconf 88' lang='lat' dir='ltr'>hic</span> <span class='ocrx_word' id='word_1_12' title='bbox 1539 500 1769 539; x_wconf 87' lang='lat' dir='ltr'>advocatos</span> 
     </span>
     <span class='ocr_line' id='line_1_4' title="bbox 210 575 1770 630; baseline -0.001 -15"><span class='ocrx_word' id='word_1_13' title='bbox 210 576 332 615; x_wconf 91' lang='lat' dir='ltr'>nobis</span> <span class='ocrx_word' id='word_1_14' title='bbox 374 576 418 615; x_wconf 91' lang='lat' dir='ltr'>in</span> <span class='ocrx_word' id='word_1_15' title='bbox 459 577 585 615; x_wconf 87' lang='lat' dir='ltr'>turba</span> <span class='ocrx_word' id='word_1_16' title='bbox 625 577 747 615; x_wconf 91' lang='lat' dir='ltr'>hac.&#39;&#39;</span> <span class='ocrx_word' id='word_1_17' title='bbox 791 576 1049 630; x_wconf 76' lang='lat' dir='ltr'>Rectissime</span> <span class='ocrx_word' id='word_1_18' title='bbox 1091 578 1270 616; x_wconf 91' lang='lat' dir='ltr'>annotat</span> <span class='ocrx_word' id='word_1_19' title='bbox 1312 576 1573 615; x_wconf 73' lang='lat' dir='ltr'>Scholiasta:</span> <span class='ocrx_word' id='word_1_20' title='bbox 1621 575 1770 625; x_wconf 85' lang='lat' dir='ltr'>„quasi</span> 
     </span>
     <span class='ocr_line' id='line_1_5' title="bbox 211 651 1323 701; baseline 0.001 -11"><span class='ocrx_word' id='word_1_21' title='bbox 211 651 356 691; x_wconf 89' lang='lat' dir='ltr'>minus</span> <span class='ocrx_word' id='word_1_22' title='bbox 387 652 542 691; x_wconf 91' lang='lat' dir='ltr'>timeat</span> <span class='ocrx_word' id='word_1_23' title='bbox 573 652 733 701; x_wconf 91' lang='lat' dir='ltr'>cupio</span> <span class='ocrx_word' id='word_1_24' title='bbox 765 663 850 691; x_wconf 94' lang='lat' dir='ltr'>non</span> <span class='ocrx_word' id='word_1_25' title='bbox 881 652 1019 701; x_wconf 89' lang='lat' dir='ltr'>inquit</span> <span class='ocrx_word' id='word_1_26' title='bbox 1050 653 1125 691; x_wconf 91' lang='lat' dir='ltr'>sed</span> <span class='ocrx_word' id='word_1_27' title='bbox 1156 653 1323 691; x_wconf 90' lang='lat' dir='ltr'>volo.”</span> 
     </span>
    </p>

    <p class='ocr_par' dir='ltr' id='par_1_4' title="bbox 211 727 1771 918">
     <span class='ocr_line' id='line_1_6' title="bbox 269 727 1770 776; baseline 0 -10"><span class='ocrx_word' id='word_1_28' title='bbox 269 727 446 776; x_wconf 90' lang='lat' dir='ltr'>Iamque</span> <span class='ocrx_word' id='word_1_29' title='bbox 487 729 709 776; x_wconf 79' lang='lat' dir='ltr'>tamquam</span> <span class='ocrx_word' id='word_1_30' title='bbox 754 728 807 767; x_wconf 88' lang='lat' dir='ltr'>ad</span> <span class='ocrx_word' id='word_1_31' title='bbox 849 728 984 766; x_wconf 90' lang='lat' dir='ltr'>testes</span> <span class='ocrx_word' id='word_1_32' title='bbox 1025 728 1303 767; x_wconf 90' lang='lat' dir='ltr'>arcessendos</span> <span class='ocrx_word' id='word_1_33' title='bbox 1339 727 1533 767; x_wconf 86' lang='lat' dir='ltr'>abiturus</span> <span class='ocrx_word' id='word_1_34' title='bbox 1569 727 1770 766; x_wconf 88' lang='lat' dir='ltr'>omitte</span> 
     </span>
     <span class='ocr_line' id='line_1_7' title="bbox 211 802 1771 853; baseline -0.001 -11"><span class='ocrx_word' id='word_1_35' title='bbox 211 802 382 853; x_wconf 83' lang='lat' dir='ltr'>clamat,</span> <span class='ocrx_word' id='word_1_36' title='bbox 422 813 444 842; x_wconf 91' lang='lat' dir='ltr'>e</span> <span class='ocrx_word' id='word_1_37' title='bbox 476 813 558 852; x_wconf 90' lang='lat' dir='ltr'>quo</span> <span class='ocrx_word' id='word_1_38' title='bbox 589 803 718 842; x_wconf 86' lang='lat' dir='ltr'>verbo</span> <span class='ocrx_word' id='word_1_39' title='bbox 751 805 927 852; x_wconf 88' lang='lat' dir='ltr'>apparet</span> <span class='ocrx_word' id='word_1_40' title='bbox 957 813 1091 842; x_wconf 90' lang='lat' dir='ltr'>manu</span> <span class='ocrx_word' id='word_1_41' title='bbox 1123 814 1222 842; x_wconf 90' lang='lat' dir='ltr'>eum</span> <span class='ocrx_word' id='word_1_42' title='bbox 1254 814 1279 842; x_wconf 93' lang='lat' dir='ltr'>a</span> <span class='ocrx_word' id='word_1_43' title='bbox 1310 803 1470 843; x_wconf 87' lang='lat' dir='ltr'>Thaide</span> <span class='ocrx_word' id='word_1_44' title='bbox 1502 802 1688 852; x_wconf 89' lang='lat' dir='ltr'>retineri,</span> <span class='ocrx_word' id='word_1_45' title='bbox 1722 804 1771 842; x_wconf 88' lang='lat' dir='ltr'>ut</span> 
     </span>
     <span class='ocr_line' id='line_1_8' title="bbox 211 878 765 918; baseline 0 0"><span class='ocrx_word' id='word_1_46' title='bbox 211 879 327 918; x_wconf 87' lang='lat' dir='ltr'>recte</span> <span class='ocrx_word' id='word_1_47' title='bbox 359 878 600 918; x_wconf 77' lang='lat' dir='ltr'>Scholiasta</span> <span class='ocrx_word' id='word_1_48' title='bbox 631 879 765 918; x_wconf 88' lang='lat' dir='ltr'>docet.</span> 
     </span>
    </p>

    <p class='ocr_par' dir='ltr' id='par_1_5' title="bbox 189 953 1774 1382">
     <span class='ocr_line' id='line_1_9' title="bbox 510 953 1769 1004; baseline 0.001 -12"><span class='ocrx_word' id='word_1_49' title='bbox 510 954 604 1004; x_wconf 87' lang='lat' dir='ltr'>„Nil</span> <span class='ocrx_word' id='word_1_50' title='bbox 635 964 742 1003; x_wconf 88' lang='lat' dir='ltr'>opus</span> <span class='ocrx_word' id='word_1_51' title='bbox 774 956 840 993; x_wconf 87' lang='lat' dir='ltr'>est</span> <span class='ocrx_word' id='word_1_52' title='bbox 866 954 963 994; x_wconf 90' lang='lat' dir='ltr'>istis</span> <span class='ocrx_word' id='word_1_53' title='bbox 990 953 1223 994; x_wconf 84' lang='lat' dir='ltr'>Chremes’&#39;</span> <span class='ocrx_word' id='word_1_54' title='bbox 1257 955 1318 994; x_wconf 90' lang='lat' dir='ltr'>ait</span> <span class='ocrx_word' id='word_1_55' title='bbox 1344 954 1418 994; x_wconf 88' lang='lat' dir='ltr'>illa</span> <span class='ocrx_word' id='word_1_56' title='bbox 1444 957 1521 1001; x_wconf 90' lang='lat' dir='ltr'>(vs.</span> <span class='ocrx_word' id='word_1_57' title='bbox 1552 955 1635 993; x_wconf 84' lang='lat'>765</span> <span class='ocrx_word' id='word_1_58' title='bbox 1664 956 1769 1002; x_wconf 87' lang='lat' dir='ltr'>sqq).</span> 
     </span>
     <span class='ocr_line' id='line_1_10' title="bbox 300 1029 1681 1080; baseline 0 -12"><span class='ocrx_word' id='word_1_59' title='bbox 300 1029 392 1069; x_wconf 91' lang='lat' dir='ltr'>Hoc</span> <span class='ocrx_word' id='word_1_60' title='bbox 422 1030 549 1070; x_wconf 89' lang='lat' dir='ltr'>modo</span> <span class='ocrx_word' id='word_1_61' title='bbox 581 1030 659 1080; x_wconf 89' lang='lat' dir='ltr'>dic,</span> <span class='ocrx_word' id='word_1_62' title='bbox 693 1040 885 1069; x_wconf 88' lang='lat' dir='ltr'>sororem</span> <span class='ocrx_word' id='word_1_63' title='bbox 918 1041 1013 1069; x_wconf 92' lang='lat' dir='ltr'>esse</span> <span class='ocrx_word' id='word_1_64' title='bbox 1045 1031 1165 1070; x_wconf 88' lang='lat' dir='ltr'>illam</span> <span class='ocrx_word' id='word_1_65' title='bbox 1197 1032 1319 1070; x_wconf 90' lang='lat' dir='ltr'>tuam</span> <span class='ocrx_word' id='word_1_66' title='bbox 1351 1032 1395 1070; x_wconf 91' lang='lat' dir='ltr'>et</span> <span class='ocrx_word' id='word_1_67' title='bbox 1426 1032 1469 1069; x_wconf 91' lang='lat' dir='ltr'>te</span> <span class='ocrx_word' id='word_1_68' title='bbox 1500 1040 1681 1079; x_wconf 87' lang='lat' dir='ltr'>parvam</span> 
     </span>
     <span class='ocr_line' id='line_1_11' title="bbox 1541 1105 1769 1154; baseline 0 -10"><span class='ocrx_word' id='word_1_69' title='bbox 1541 1105 1769 1154; x_wconf 87' lang='lat' dir='ltr'>[virginem</span> 
     </span>
     <span class='ocr_line' id='line_1_12' title="bbox 301 1181 1302 1232; baseline 0.001 -12"><span class='ocrx_word' id='word_1_70' title='bbox 301 1181 527 1231; x_wconf 84' lang='lat' dir='ltr'>Amisisse,</span> <span class='ocrx_word' id='word_1_71' title='bbox 561 1192 674 1221; x_wconf 90' lang='lat' dir='ltr'>nunc</span> <span class='ocrx_word' id='word_1_72' title='bbox 705 1192 923 1232; x_wconf 84' lang='lat' dir='ltr'>cognosse,</span> <span class='ocrx_word' id='word_1_73' title='bbox 958 1182 1082 1230; x_wconf 89' lang='lat' dir='ltr'>signa</span> <span class='ocrx_word' id='word_1_74' title='bbox 1112 1182 1302 1221; x_wconf 87' lang='lat' dir='ltr'>ostende.</span> 
     </span>
     <span class='ocr_line' id='line_1_13' title="bbox 189 1257 1774 1306; baseline 0 -10"><span class='ocrx_word' id='word_1_75' title='bbox 189 1257 438 1306; x_wconf 77' lang='lat' dir='ltr'>Egregiam</span> <span class='ocrx_word' id='word_1_76' title='bbox 469 1257 538 1296; x_wconf 88' lang='lat' dir='ltr'>hic</span> <span class='ocrx_word' id='word_1_77' title='bbox 564 1257 774 1296; x_wconf 88' lang='lat' dir='ltr'>habemus</span> <span class='ocrx_word' id='word_1_78' title='bbox 801 1257 1065 1297; x_wconf 88' lang='lat' dir='ltr'>Scholiastae</span> <span class='ocrx_word' id='word_1_79' title='bbox 1092 1258 1438 1296; x_wconf 82' lang='lat' dir='ltr'>annotationem:</span> <span class='ocrx_word' id='word_1_80' title='bbox 1470 1257 1602 1306; x_wconf 87' lang='lat' dir='ltr'>„haec</span> <span class='ocrx_word' id='word_1_81' title='bbox 1628 1257 1774 1296; x_wconf 90' lang='lat' dir='ltr'>omnia</span> 
     </span>
     <span class='ocr_line' id='line_1_14' title="bbox 213 1332 1614 1382; baseline 0 -10"><span class='ocrx_word' id='word_1_82' title='bbox 213 1333 276 1372; x_wconf 86' lang='lat' dir='ltr'>sic</span> <span class='ocrx_word' id='word_1_83' title='bbox 306 1332 620 1382; x_wconf 87' lang='lat' dir='ltr'>pronuntianda</span> <span class='ocrx_word' id='word_1_84' title='bbox 650 1334 700 1371; x_wconf 92' lang='lat' dir='ltr'>ut</span> <span class='ocrx_word' id='word_1_85' title='bbox 731 1334 774 1372; x_wconf 87' lang='lat' dir='ltr'>et</span> <span class='ocrx_word' id='word_1_86' title='bbox 805 1334 919 1372; x_wconf 88' lang='lat' dir='ltr'>iusta</span> <span class='ocrx_word' id='word_1_87' title='bbox 950 1334 993 1372; x_wconf 90' lang='lat' dir='ltr'>et</span> <span class='ocrx_word' id='word_1_88' title='bbox 1024 1333 1140 1372; x_wconf 90' lang='lat' dir='ltr'>factu</span> <span class='ocrx_word' id='word_1_89' title='bbox 1171 1333 1315 1373; x_wconf 87' lang='lat' dir='ltr'>facilia</span> <span class='ocrx_word' id='word_1_90' title='bbox 1345 1333 1614 1372; x_wconf 90' lang='lat' dir='ltr'>videantur.”</span> 
     </span>
    </p>

    <p class='ocr_par' dir='ltr' id='par_1_6' title="bbox 213 1409 1775 1837">
     <span class='ocr_line' id='line_1_15' title="bbox 272 1409 1774 1458; baseline 0.001 -11"><span class='ocrx_word' id='word_1_91' title='bbox 272 1409 442 1448; x_wconf 88' lang='lat' dir='ltr'>Interea</span> <span class='ocrx_word' id='word_1_92' title='bbox 472 1409 652 1457; x_wconf 85' lang='lat' dir='ltr'>Pythias</span> <span class='ocrx_word' id='word_1_93' title='bbox 683 1410 966 1458; x_wconf 82' lang='lat' dir='ltr'>monumenta</span> <span class='ocrx_word' id='word_1_94' title='bbox 997 1409 1071 1448; x_wconf 88' lang='lat' dir='ltr'>illa</span> <span class='ocrx_word' id='word_1_95' title='bbox 1101 1419 1176 1458; x_wconf 92' lang='lat' dir='ltr'>per</span> <span class='ocrx_word' id='word_1_96' title='bbox 1207 1410 1346 1448; x_wconf 89' lang='lat' dir='ltr'>totam</span> <span class='ocrx_word' id='word_1_97' title='bbox 1373 1409 1551 1448; x_wconf 89' lang='lat' dir='ltr'>domum</span> <span class='ocrx_word' id='word_1_98' title='bbox 1578 1409 1774 1458; x_wconf 90' lang='lat' dir='ltr'>quaesita</span> 
     </span>
     <span class='ocr_line' id='line_1_16' title="bbox 213 1469 1774 1534; baseline -0.001 -10"><span class='ocrx_word' id='word_1_99' title='bbox 213 1485 338 1525; x_wconf 87' lang='lat' dir='ltr'>affert</span> <span class='ocrx_word' id='word_1_100' title='bbox 379 1486 423 1524; x_wconf 89' lang='lat' dir='ltr'>et</span> <span class='ocrx_word' id='word_1_101' title='bbox 464 1484 681 1524; x_wconf 82' lang='lat' dir='ltr'>Chremeti</span> <span class='ocrx_word' id='word_1_102' title='bbox 722 1469 866 1524; x_wconf 82' lang='lat' dir='ltr'>tradit.</span> <span class='ocrx_word' id='word_1_103' title='bbox 901 1484 982 1523; x_wconf 90' lang='lat' dir='ltr'>Sed</span> <span class='ocrx_word' id='word_1_104' title='bbox 1014 1495 1066 1523; x_wconf 90' lang='lat' dir='ltr'>ne</span> <span class='ocrx_word' id='word_1_105' title='bbox 1098 1484 1161 1523; x_wconf 91' lang='lat' dir='ltr'>sic</span> <span class='ocrx_word' id='word_1_106' title='bbox 1193 1485 1364 1533; x_wconf 91' lang='lat' dir='ltr'>quidem</span> <span class='ocrx_word' id='word_1_107' title='bbox 1396 1486 1572 1534; x_wconf 88' lang='lat' dir='ltr'>paratus</span> <span class='ocrx_word' id='word_1_108' title='bbox 1603 1485 1675 1523; x_wconf 91' lang='lat' dir='ltr'>ille</span> <span class='ocrx_word' id='word_1_109' title='bbox 1707 1485 1774 1524; x_wconf 89' lang='lat' dir='ltr'>est</span> 
     </span>
     <span class='ocr_line' id='line_1_17' title="bbox 214 1560 1771 1609; baseline -0.001 -9"><span class='ocrx_word' id='word_1_110' title='bbox 214 1562 266 1600; x_wconf 86' lang='lat' dir='ltr'>ad</span> <span class='ocrx_word' id='word_1_111' title='bbox 307 1561 493 1600; x_wconf 88' lang='lat' dir='ltr'>militem</span> <span class='ocrx_word' id='word_1_112' title='bbox 525 1561 718 1600; x_wconf 87' lang='lat' dir='ltr'>animose</span> <span class='ocrx_word' id='word_1_113' title='bbox 751 1561 1102 1609; x_wconf 85' lang='lat' dir='ltr'>exspectandum.</span> <span class='ocrx_word' id='word_1_114' title='bbox 1136 1560 1229 1600; x_wconf 87' lang='lat' dir='ltr'>Hac</span> <span class='ocrx_word' id='word_1_115' title='bbox 1261 1561 1394 1600; x_wconf 88' lang='lat' dir='ltr'>etiam</span> <span class='ocrx_word' id='word_1_116' title='bbox 1427 1561 1465 1600; x_wconf 91' lang='lat' dir='ltr'>ei</span> <span class='ocrx_word' id='word_1_117' title='bbox 1498 1560 1672 1600; x_wconf 86' lang='lat' dir='ltr'>Thaidis</span> <span class='ocrx_word' id='word_1_118' title='bbox 1704 1561 1771 1600; x_wconf 90' lang='lat' dir='ltr'>ad-</span> 
     </span>
     <span class='ocr_line' id='line_1_18' title="bbox 213 1636 1771 1686; baseline -0.001 -10"><span class='ocrx_word' id='word_1_119' title='bbox 213 1637 448 1677; x_wconf 86' lang='lat' dir='ltr'>monitione</span> <span class='ocrx_word' id='word_1_120' title='bbox 475 1647 581 1686; x_wconf 88' lang='lat' dir='ltr'>opus</span> <span class='ocrx_word' id='word_1_121' title='bbox 608 1638 697 1676; x_wconf 88' lang='lat' dir='ltr'>est:</span> <span class='ocrx_word' id='word_1_122' title='bbox 720 1637 895 1686; x_wconf 86' lang='lat' dir='ltr'>„attolle</span> <span class='ocrx_word' id='word_1_123' title='bbox 911 1636 1118 1686; x_wconf 87' lang='lat' dir='ltr'>pallium”</span> <span class='ocrx_word' id='word_1_124' title='bbox 1135 1647 1143 1674; x_wconf 90' lang='lat'>:</span> <span class='ocrx_word' id='word_1_125' title='bbox 1162 1636 1234 1685; x_wconf 91' lang='lat' dir='ltr'>qui</span> <span class='ocrx_word' id='word_1_126' title='bbox 1251 1636 1367 1675; x_wconf 87' lang='lat' dir='ltr'>enim</span> <span class='ocrx_word' id='word_1_127' title='bbox 1384 1636 1548 1676; x_wconf 89' lang='lat' dir='ltr'>otiosus</span> <span class='ocrx_word' id='word_1_128' title='bbox 1566 1637 1771 1686; x_wconf 85' lang='lat' dir='ltr'>ambulat,</span> 
     </span>
     <span class='ocr_line' id='line_1_19' title="bbox 215 1712 1775 1762; baseline -0.001 -10"><span class='ocrx_word' id='word_1_129' title='bbox 215 1712 307 1752; x_wconf 89' lang='lat' dir='ltr'>eius</span> <span class='ocrx_word' id='word_1_130' title='bbox 333 1713 512 1762; x_wconf 89' lang='lat' dir='ltr'>pallium</span> <span class='ocrx_word' id='word_1_131' title='bbox 539 1713 592 1751; x_wconf 89' lang='lat' dir='ltr'>ad</span> <span class='ocrx_word' id='word_1_132' title='bbox 617 1713 747 1761; x_wconf 88' lang='lat' dir='ltr'>pedes</span> <span class='ocrx_word' id='word_1_133' title='bbox 775 1713 842 1751; x_wconf 91' lang='lat' dir='ltr'>est</span> <span class='ocrx_word' id='word_1_134' title='bbox 867 1712 1129 1760; x_wconf 90' lang='lat' dir='ltr'>demissum;</span> <span class='ocrx_word' id='word_1_135' title='bbox 1159 1722 1258 1751; x_wconf 89' lang='lat' dir='ltr'>cum</span> <span class='ocrx_word' id='word_1_136' title='bbox 1285 1713 1397 1751; x_wconf 88' lang='lat' dir='ltr'>seria</span> <span class='ocrx_word' id='word_1_137' title='bbox 1423 1722 1491 1751; x_wconf 88' lang='lat' dir='ltr'>res</span> <span class='ocrx_word' id='word_1_138' title='bbox 1518 1714 1585 1751; x_wconf 90' lang='lat' dir='ltr'>est</span> <span class='ocrx_word' id='word_1_139' title='bbox 1611 1713 1775 1761; x_wconf 88' lang='lat' dir='ltr'>agenda</span> 
     </span>
     <span class='ocr_line' id='line_1_20' title="bbox 216 1787 1771 1837; baseline -0.001 -10"><span class='ocrx_word' id='word_1_140' title='bbox 216 1787 438 1827; x_wconf 88' lang='lat' dir='ltr'>attollitur.</span> <span class='ocrx_word' id='word_1_141' title='bbox 467 1787 543 1827; x_wconf 86' lang='lat' dir='ltr'>Cui</span> <span class='ocrx_word' id='word_1_142' title='bbox 571 1788 852 1827; x_wconf 86' lang='lat' dir='ltr'>admonitioni</span> <span class='ocrx_word' id='word_1_143' title='bbox 878 1788 989 1827; x_wconf 88' lang='lat' dir='ltr'>hanc</span> <span class='ocrx_word' id='word_1_144' title='bbox 1014 1787 1201 1837; x_wconf 88' lang='lat' dir='ltr'>lepidam</span> <span class='ocrx_word' id='word_1_145' title='bbox 1219 1787 1293 1826; x_wconf 91' lang='lat' dir='ltr'>illa</span> <span class='ocrx_word' id='word_1_146' title='bbox 1310 1787 1427 1827; x_wconf 87' lang='lat' dir='ltr'>addit</span> <span class='ocrx_word' id='word_1_147' title='bbox 1445 1788 1771 1836; x_wconf 88' lang='lat' dir='ltr'>querimoniam:</span> 
     </span>
    </p>

    <p class='ocr_par' dir='ltr' id='par_1_7' title="bbox 303 1863 1713 1912">
     <span class='ocr_line' id='line_1_21' title="bbox 303 1863 1713 1912; baseline -0.001 -10"><span class='ocrx_word' id='word_1_148' title='bbox 303 1863 427 1912; x_wconf 90' lang='lat' dir='ltr'>Perii,</span> <span class='ocrx_word' id='word_1_149' title='bbox 461 1864 559 1902; x_wconf 89' lang='lat' dir='ltr'>huic</span> <span class='ocrx_word' id='word_1_150' title='bbox 590 1863 672 1912; x_wconf 92' lang='lat' dir='ltr'>ipsi</span> <span class='ocrx_word' id='word_1_151' title='bbox 703 1874 809 1912; x_wconf 89' lang='lat' dir='ltr'>opus</span> <span class='ocrx_word' id='word_1_152' title='bbox 836 1865 902 1903; x_wconf 91' lang='lat' dir='ltr'>est</span> <span class='ocrx_word' id='word_1_153' title='bbox 928 1865 1118 1912; x_wconf 88' lang='lat' dir='ltr'>patrono,</span> <span class='ocrx_word' id='word_1_154' title='bbox 1148 1873 1276 1912; x_wconf 90' lang='lat' dir='ltr'>quem</span> <span class='ocrx_word' id='word_1_155' title='bbox 1303 1863 1571 1903; x_wconf 85' lang='lat' dir='ltr'>defensorem</span> <span class='ocrx_word' id='word_1_156' title='bbox 1598 1873 1713 1912; x_wconf 88' lang='lat' dir='ltr'>paro.</span> 
     </span>
    </p>
   </div>
   <div class='ocr_carea' id='block_1_4' title="bbox 758 2175 1239 2215">
    <p class='ocr_par' dir='ltr' id='par_1_8' title="bbox 758 2175 1239 2215">
     <span class='ocr_line' id='line_1_22' title="bbox 758 2175 1239 2215; baseline 0.002 -1"><span class='ocrx_word' id='word_1_157' title='bbox 758 2176 903 2214; x_wconf 67' lang='lat' dir='ltr'>Aemus</span> <span class='ocrx_word' id='word_1_158' title='bbox 935 2175 993 2214; x_wconf 91' lang='lat' dir='ltr'>IV</span> <span class='ocrx_word' id='word_1_159' title='bbox 1025 2175 1167 2215; x_wconf 80' lang='lat' dir='ltr'>SGENA</span> <span class='ocrx_word' id='word_1_160' title='bbox 1201 2176 1239 2215; x_wconf 82' lang='lat'>7.</span> 
     </span>
    </p>
   </div>
   <div class='ocr_carea' id='block_1_5' title="bbox 220 2317 1776 2970">
    <p class='ocr_par' dir='ltr' id='par_1_9' title="bbox 220 2317 1776 2668">
     <span class='ocr_line' id='line_1_23' title="bbox 279 2317 1775 2366; baseline -0.001 -10"><span class='ocrx_word' id='word_1_161' title='bbox 279 2318 372 2356; x_wconf 88' lang='lat' dir='ltr'>Iam</span> <span class='ocrx_word' id='word_1_162' title='bbox 403 2318 525 2356; x_wconf 88' lang='lat' dir='ltr'>adest</span> <span class='ocrx_word' id='word_1_163' title='bbox 556 2317 682 2356; x_wconf 90' lang='lat' dir='ltr'>miles</span> <span class='ocrx_word' id='word_1_164' title='bbox 714 2328 813 2356; x_wconf 91' lang='lat' dir='ltr'>cum</span> <span class='ocrx_word' id='word_1_165' title='bbox 845 2317 1069 2356; x_wconf 83' lang='lat' dir='ltr'>Gnathone</span> <span class='ocrx_word' id='word_1_166' title='bbox 1100 2317 1395 2366; x_wconf 87' lang='lat' dir='ltr'>ministrisque</span> <span class='ocrx_word' id='word_1_167' title='bbox 1424 2328 1530 2366; x_wconf 85' lang='lat' dir='ltr'>quos</span> <span class='ocrx_word' id='word_1_168' title='bbox 1557 2317 1775 2365; x_wconf 89' lang='lat' dir='ltr'>copiarum</span> 
     </span>
     <span class='ocr_line' id='line_1_24' title="bbox 220 2392 1775 2441; baseline -0.001 -9"><span class='ocrx_word' id='word_1_169' title='bbox 220 2394 356 2432; x_wconf 86' lang='lat' dir='ltr'>instar</span> <span class='ocrx_word' id='word_1_170' title='bbox 402 2394 587 2431; x_wconf 89' lang='lat' dir='ltr'>instruat</span> <span class='ocrx_word' id='word_1_171' title='bbox 632 2392 676 2430; x_wconf 88' lang='lat' dir='ltr'>vi</span> <span class='ocrx_word' id='word_1_172' title='bbox 722 2393 1044 2441; x_wconf 81' lang='lat' dir='ltr'>expugnaturus</span> <span class='ocrx_word' id='word_1_173' title='bbox 1091 2392 1265 2431; x_wconf 86' lang='lat' dir='ltr'>Thaidis</span> <span class='ocrx_word' id='word_1_174' title='bbox 1312 2393 1438 2431; x_wconf 81' lang='lat' dir='ltr'>aedes</span> <span class='ocrx_word' id='word_1_175' title='bbox 1480 2392 1775 2440; x_wconf 87' lang='lat' dir='ltr'>virginemque</span> 
     </span>
     <span class='ocr_line' id='line_1_25' title="bbox 221 2467 1776 2517; baseline -0.001 -10"><span class='ocrx_word' id='word_1_176' title='bbox 221 2469 456 2517; x_wconf 68' lang='lat' dir='ltr'>erepturus.</span> <span class='ocrx_word' id='word_1_177' title='bbox 498 2468 613 2506; x_wconf 88' lang='lat' dir='ltr'>Nihil</span> <span class='ocrx_word' id='word_1_178' title='bbox 655 2478 844 2516; x_wconf 90' lang='lat' dir='ltr'>unquam</span> <span class='ocrx_word' id='word_1_179' title='bbox 884 2468 1110 2507; x_wconf 88' lang='lat' dir='ltr'>venustius</span> <span class='ocrx_word' id='word_1_180' title='bbox 1151 2467 1359 2516; x_wconf 86' lang='lat' dir='ltr'>scriptum</span> <span class='ocrx_word' id='word_1_181' title='bbox 1401 2469 1468 2507; x_wconf 89' lang='lat' dir='ltr'>est</span> <span class='ocrx_word' id='word_1_182' title='bbox 1509 2478 1639 2516; x_wconf 89' lang='lat' dir='ltr'>quam</span> <span class='ocrx_word' id='word_1_183' title='bbox 1670 2467 1776 2506; x_wconf 90' lang='lat' dir='ltr'>haec</span> 
     </span>
     <span class='ocr_line' id='line_1_26' title="bbox 221 2543 1774 2592; baseline -0.001 -10"><span class='ocrx_word' id='word_1_184' title='bbox 221 2545 322 2583; x_wconf 92' lang='lat' dir='ltr'>sunt</span> <span class='ocrx_word' id='word_1_185' title='bbox 352 2543 502 2582; x_wconf 88' lang='lat' dir='ltr'>ludicri</span> <span class='ocrx_word' id='word_1_186' title='bbox 529 2543 800 2592; x_wconf 85' lang='lat' dir='ltr'>imperatoris</span> <span class='ocrx_word' id='word_1_187' title='bbox 826 2553 983 2591; x_wconf 81' lang='lat' dir='ltr'>magna</span> <span class='ocrx_word' id='word_1_188' title='bbox 1010 2543 1141 2582; x_wconf 87' lang='lat' dir='ltr'>verba</span> <span class='ocrx_word' id='word_1_189' title='bbox 1166 2543 1406 2591; x_wconf 90' lang='lat' dir='ltr'>minaeque.</span> <span class='ocrx_word' id='word_1_190' title='bbox 1436 2543 1611 2592; x_wconf 82' lang='lat' dir='ltr'>Singula</span> <span class='ocrx_word' id='word_1_191' title='bbox 1637 2553 1774 2592; x_wconf 91' lang='lat' dir='ltr'>perse-</span> 
     </span>
     <span class='ocr_line' id='line_1_27' title="bbox 221 2618 663 2668; baseline -0.002 -10"><span class='ocrx_word' id='word_1_192' title='bbox 221 2629 414 2668; x_wconf 90' lang='lat' dir='ltr'>quamur.</span> <span class='ocrx_word' id='word_1_193' title='bbox 448 2618 520 2657; x_wconf 89' lang='lat' dir='ltr'>Vs.</span> <span class='ocrx_word' id='word_1_194' title='bbox 555 2619 663 2657; x_wconf 84' lang='lat'><strong>771:</strong></span> 
     </span>
    </p>

    <p class='ocr_par' dir='ltr' id='par_1_10' title="bbox 340 2693 1773 2814">
     <span class='ocr_line' id='line_1_28' title="bbox 340 2693 1773 2743; baseline 0 -11"><span class='ocrx_word' id='word_1_195' title='bbox 340 2693 533 2732; x_wconf 91' lang='lat' dir='ltr'>Hancine</span> <span class='ocrx_word' id='word_1_196' title='bbox 560 2703 636 2742; x_wconf 89' lang='lat' dir='ltr'>ego</span> <span class='ocrx_word' id='word_1_197' title='bbox 662 2695 711 2732; x_wconf 93' lang='lat' dir='ltr'>ut</span> <span class='ocrx_word' id='word_1_198' title='bbox 738 2693 1043 2732; x_wconf 88' lang='lat' dir='ltr'>contumeliam</span> <span class='ocrx_word' id='word_1_199' title='bbox 1065 2694 1157 2732; x_wconf 90' lang='lat' dir='ltr'>tam</span> <span class='ocrx_word' id='word_1_200' title='bbox 1174 2693 1388 2742; x_wconf 87' lang='lat' dir='ltr'>insignem</span> <span class='ocrx_word' id='word_1_201' title='bbox 1405 2694 1449 2732; x_wconf 92' lang='lat' dir='ltr'>in</span> <span class='ocrx_word' id='word_1_202' title='bbox 1465 2703 1536 2732; x_wconf 92' lang='lat' dir='ltr'>me</span> <span class='ocrx_word' id='word_1_203' title='bbox 1553 2693 1773 2743; x_wconf 85' lang='lat' dir='ltr'>accipiam,</span> 
     </span>
     <span class='ocr_line' id='line_1_29' title="bbox 1500 2768 1716 2814; baseline 0 -7"><span class='ocrx_word' id='word_1_204' title='bbox 1500 2768 1716 2814; x_wconf 82' lang='lat' dir='ltr'>[Gnatho?</span> 
     </span>
    </p>

    <p class='ocr_par' dir='ltr' id='par_1_11' title="bbox 223 2843 1774 2892">
     <span class='ocr_line' id='line_1_30' title="bbox 223 2843 1774 2892; baseline -0.001 -10"><span class='ocrx_word' id='word_1_205' title='bbox 223 2845 273 2883; x_wconf 90' lang='lat' dir='ltr'>In</span> <span class='ocrx_word' id='word_1_206' title='bbox 314 2844 522 2883; x_wconf 91' lang='lat' dir='ltr'>eiusmodi</span> <span class='ocrx_word' id='word_1_207' title='bbox 563 2844 966 2892; x_wconf 89' lang='lat' dir='ltr'>interrogationibus</span> <span class='ocrx_word' id='word_1_208' title='bbox 1007 2854 1094 2882; x_wconf 79' lang='lat' dir='ltr'>vox</span> <span class='ocrx_word' id='word_1_209' title='bbox 1124 2845 1182 2882; x_wconf 93' lang='lat' dir='ltr'>ut</span> <span class='ocrx_word' id='word_1_210' title='bbox 1214 2854 1310 2882; x_wconf 89' lang='lat' dir='ltr'>eam</span> <span class='ocrx_word' id='word_1_211' title='bbox 1342 2843 1432 2881; x_wconf 89' lang='lat' dir='ltr'>vim</span> <span class='ocrx_word' id='word_1_212' title='bbox 1464 2843 1593 2882; x_wconf 92' lang='lat' dir='ltr'>habet</span> <span class='ocrx_word' id='word_1_213' title='bbox 1623 2845 1672 2882; x_wconf 93' lang='lat' dir='ltr'>ut</span> <span class='ocrx_word' id='word_1_214' title='bbox 1703 2843 1774 2882; x_wconf 88' lang='lat' dir='ltr'>ali-</span> 
     </span>
    </p>

    <p class='ocr_par' dir='ltr' id='par_1_12' title="bbox 225 2918 1776 2970">
     <span class='ocr_line' id='line_1_31' title="bbox 225 2918 1776 2970; baseline -0.001 -12"><span class='ocrx_word' id='word_1_215' title='bbox 225 2919 319 2969; x_wconf 89' lang='lat' dir='ltr'>quis</span> <span class='ocrx_word' id='word_1_216' title='bbox 351 2929 448 2958; x_wconf 89' lang='lat' dir='ltr'>cum</span> <span class='ocrx_word' id='word_1_217' title='bbox 480 2919 600 2970; x_wconf 84' lang='lat' dir='ltr'>gravi</span> <span class='ocrx_word' id='word_1_218' title='bbox 632 2919 921 2970; x_wconf 87' lang='lat' dir='ltr'>indignatione</span> <span class='ocrx_word' id='word_1_219' title='bbox 948 2920 1121 2969; x_wconf 87' lang='lat' dir='ltr'>respuat</span> <span class='ocrx_word' id='word_1_220' title='bbox 1148 2919 1400 2968; x_wconf 86' lang='lat' dir='ltr'>abiiciatque</span> <span class='ocrx_word' id='word_1_221' title='bbox 1427 2918 1537 2967; x_wconf 89' lang='lat' dir='ltr'>quod</span> <span class='ocrx_word' id='word_1_222' title='bbox 1564 2918 1615 2957; x_wconf 90' lang='lat' dir='ltr'>ab</span> <span class='ocrx_word' id='word_1_223' title='bbox 1643 2918 1776 2957; x_wconf 87' lang='lat' dir='ltr'>altero</span> 
     </span>
    </p>
   </div>
  </div>
 </body>
</html>
