2034 3334
970 227 1029 272 27

206 352 291 405 „Et
321 353 397 396 ubi
427 355 644 409 praeterea
675 353 925 395 substiterat
956 352 1030 395 ille
1041 350 1088 395 ?''
1122 354 1264 409 quivis
1296 355 1431 409 roget.
1464 351 1661 402 Frustra,
1693 365 1794 394 nam

203 427 328 480 poeta
368 438 450 467 non
492 424 595 465 locos
637 423 802 480 aliquos
832 425 946 466 inter
977 438 1020 466 se
1053 425 1231 480 opponit
1262 423 1335 466 sed
1367 423 1563 466 Macareo
1594 423 1796 465 Aeneam.

203 494 301 539 Non
343 494 395 537 ad
426 493 678 537 adverbium
711 508 750 550 q.
784 508 819 536 e.
853 494 919 536 hio
950 495 1024 537 sed
1055 495 1107 538 ad
1138 509 1292 538 nomen
1324 495 1548 550 proprium
1578 494 1798 535 Macareus

204 566 445 608 coniunctio
477 580 627 621 quoque
659 566 856 622 pertinet.

266 635 352 679 166
400 636 465 679 Ibi
496 635 694 679 Macareo
728 636 899 679 obviam
930 638 1049 679 venit
1080 635 1437 679 Achaemenides:

445 706 537 749 Iam
570 721 674 749 suus
706 710 750 749 et
781 708 913 762 spinis
946 712 1138 750 conserto
1171 708 1363 763 tegmine
1396 705 1540 748 nullis.

203 777 374 835 Ergone
415 777 540 834 plane
582 777 679 820 laxa
720 778 929 833 pendebat
970 780 1103 821 vestis
1146 776 1266 821 eius?
1299 777 1392 819 Hoc
1425 791 1446 819 e
1479 777 1620 819 verbis
1652 775 1794 818 allatis

203 849 379 900 efficias,
426 849 499 891 sed
540 853 665 905 poeta
704 848 896 906 legentes
939 849 1059 892 docet
1103 863 1215 891 nunc
1257 851 1376 892 veste
1418 847 1622 890 indutum
1662 847 1793 889 fuisse

203 919 561 962 Achaemenidem
609 920 712 962 bene
759 918 867 962 culti
914 920 1124 970 hominis,
1172 934 1255 962 non
1303 918 1474 961 horrida
1520 917 1620 968 illa,
1666 931 1796 973 quam

204 993 328 1033 antea
359 991 492 1046 spinis
525 989 687 1032 solebat
718 1004 947 1034 conserere.

264 1060 351 1102 215
400 1060 582 1116 Legitur
621 1060 714 1111 hic,
759 1059 829 1103 vel
871 1062 1014 1116 potius
1057 1062 1162 1116 quin
1203 1060 1384 1117 legenda
1415 1061 1472 1102 sit
1502 1073 1585 1102 non
1616 1058 1796 1101 dubium

204 1134 292 1182 est,
324 1130 529 1173 infinitivi
561 1131 697 1173 forma
728 1131 905 1174 barbara
937 1131 1098 1174 moriri:

665 1207 932 1258 mortemque
966 1204 1121 1245 timens
1153 1202 1417 1258 cupidusque
1450 1202 1612 1244 moriri.

203 1272 253 1315 In
296 1272 436 1315 codice
478 1273 529 1314 M
572 1287 670 1314 cum
712 1287 860 1315 sensus
892 1275 1075 1329 pernicie
1105 1276 1168 1316 est
1201 1273 1388 1329 morique.
1421 1271 1694 1328 Sequendum
1726 1271 1796 1314 hic

205 1357 296 1386 esse
327 1342 540 1385 Kornium
571 1343 711 1385 moriri
743 1344 938 1386 edentem
969 1344 1079 1386 mihi
1112 1344 1285 1400 quidem
1316 1358 1391 1399 pro
1424 1347 1537 1386 certo
1570 1346 1747 1385 constat.

267 1413 354 1456 219
401 1413 450 1456 In
487 1413 630 1456 insula
670 1413 814 1470 aliqua
856 1415 1033 1457 barbara
1065 1414 1239 1457 relictus
1273 1416 1348 1470 qui
1380 1428 1534 1456 navem
1567 1414 1793 1469 conspicit,

206 1488 256 1527 ut
297 1498 378 1541 ego
412 1485 561 1540 opinor
591 1489 634 1527 et
665 1486 757 1540 ipsa
788 1485 869 1526 fert
899 1486 961 1527 rei
991 1489 1169 1536 natura,
1203 1485 1338 1541 quoad
1370 1484 1622 1539 longissime
1654 1487 1796 1540 potest

205 1556 251 1597 in
291 1554 397 1597 litus
439 1556 651 1611 procurrit
682 1560 722 1597 et
754 1555 852 1597 inde
883 1557 1078 1612 gestibus
1110 1560 1159 1598 ut
1190 1556 1423 1611 recipiatur
1455 1559 1559 1597 orat.
1594 1555 1651 1596 At
1683 1553 1795 1609 apud

206 1629 376 1682 poetam
407 1630 626 1676 nostrum,
660 1627 764 1668 satis
796 1627 1000 1677 absurde,
1034 1628 1205 1670 inverso
1237 1628 1321 1669 ista
1351 1626 1462 1667 fiunt
1493 1625 1659 1668 ordine:

446 1696 660 1753 Oravique
691 1697 842 1754 fugam
872 1702 1001 1754 gestu
1033 1697 1085 1740 ad
1115 1697 1306 1755 litusque
1338 1698 1519 1739 cucurri.

265 1766 353 1810 235
401 1767 467 1810 Ad
501 1768 781 1824 Antiphatem
813 1768 1037 1811 Macareus
1069 1756 1244 1818 narrat,’
1269 1782 1348 1824 ego
1380 1769 1539 1809 missus
1571 1779 1693 1809 sum:

855 1853 1033 1882 numero
1065 1840 1294 1882 comitante
1327 1838 1523 1880 duorum.

203 1908 307 1961 Quis
351 1922 539 1963 unquam
582 1910 641 1951 sic
684 1908 855 1952 locutus
898 1914 963 1952 est
1004 1924 1079 1965 pro
1122 1925 1207 1951 cum
1239 1909 1388 1951 duobus
1420 1905 1652 1950 comitibus?
1693 1906 1794 1957 Ille,

207 1979 369 2034 opinor,
422 1980 496 2034 qui
542 1979 665 2021 unice
712 1979 797 2022 fuit
843 1979 1052 2022 sollicitus
1098 1985 1148 2022 ut
1194 1993 1322 2036 quam
1368 1980 1560 2035 primum
1609 1977 1797 2033 expleret

207 2063 393 2092 versum.

265 2118 354 2162 244
370 2133 430 2174 sq.
470 2119 693 2161 Macareus
725 2119 775 2161 de
807 2121 895 2162 suis
927 2119 1183 2176 Ulyssisque
1215 2120 1428 2162 erroribus
1460 2123 1502 2161 et
1535 2117 1619 2161 alia
1651 2121 1794 2160 narrat

208 2193 250 2232 et
280 2190 406 2232 haec:

1076 2261 1201 2302 terris
1232 2260 1473 2302 adlabimur
1502 2258 1615 2309 illis,

327 2330 439 2382 Quas
471 2330 618 2386 procul
650 2331 748 2372 hinc
774 2331 922 2372 cernis.
950 2330 1106 2373 Procul
1134 2332 1274 2384 [hinc,
1303 2330 1412 2372 mihi
1438 2330 1582 2380 crede,
1614 2328 1794 2372 videnda

326 2400 494 2451 Insula,
528 2402 621 2443 visa
652 2401 782 2442 mihi:
818 2403 968 2456 tuque]
1000 2415 1023 2443 o
1055 2402 1290 2443 iustissime
1322 2399 1484 2442 Troum

325 2470 435 2513 Nate
468 2471 543 2513 dea
576 2474 729 2526 (neque
761 2472 877 2513 enim
908 2471 1028 2513 finito
1062 2471 1202 2513 Marte
1234 2470 1447 2514 vocandus

325 2541 476 2583 Hostis
507 2555 551 2583 es
582 2542 739 2593 Aenea)
770 2554 946 2591 moneo,
980 2541 1082 2598 fuge
1114 2540 1241 2583 litora
1274 2539 1429 2584 Circes

205 2611 419 2654 Vocabula
449 2611 543 2652 hino
577 2643 585 2653 .
607 2643 615 2653 .
637 2643 645 2653 .
680 2615 798 2667 tuque
825 2610 1001 2653 inclusit
1028 2611 1227 2654 Kornius.
1262 2611 1331 2653 Sic
1357 2611 1472 2653 haud
1500 2611 1626 2652 dubie
1652 2609 1790 2652 multo

207 2681 359 2724 melior
391 2681 438 2723 fit
469 2681 609 2732 locus,
643 2681 716 2723 sed
748 2682 980 2737 corrigitur
1009 2683 1099 2737 ipse
1131 2680 1332 2731 Ovidius,
1360 2695 1443 2723 non
1469 2680 1668 2723 librarius
1695 2681 1796 2722 scio-

204 2751 342 2795 lusve.
395 2751 538 2794 Habet
580 2752 658 2793 hoc
697 2751 913 2794 festinatio
958 2755 1007 2793 ut
1049 2765 1172 2807 saepe
1214 2752 1468 2794 scribentem
1510 2753 1624 2793 iusto
1665 2751 1793 2792 faciat

203 2823 502 2864 verbosiorem.
531 2822 813 2864 Meminimus
840 2823 972 2864 etiam
997 2824 1224 2879 egregium
1250 2824 1294 2864 in
1321 2822 1399 2864 hac
1426 2822 1530 2865 urbe
1556 2825 1792 2870 oratorem,

207 2892 281 2947 qui
311 2892 356 2933 in
389 2906 460 2934 ore
492 2892 646 2935 habere
678 2892 855 2934 soleret:
891 2906 1018 2947 „prae
1051 2894 1254 2947 temporis
1288 2894 1501 2948 angustiis
1533 2893 1674 2935 brevis
1706 2905 1796 2933 esse

210 2976 295 3004 non
326 2962 491 3017 potui.'’
