2034 3334
912 346 965 388 61

199 471 429 516 Caesorum
461 472 649 514 hostium
676 484 802 514 cruor
827 471 953 514 militi
981 471 1121 514 decori
1151 483 1243 514 esse
1269 473 1430 527 potest3
1458 471 1699 527 pulvere

203 548 396 604 oppletur
426 561 511 590 non
545 548 688 604 quivis
721 548 858 591 viator
890 548 1027 590 solum
1062 547 1135 590 sed
1169 548 1294 590 etiam
1329 547 1450 589 miles
1483 548 1558 603 qui
1584 547 1701 603 turpi

200 623 304 680 fuga
333 625 504 667 hostem·
528 625 672 667 evasit.
704 624 888 667 Videtur
919 627 1061 667 autem
1088 623 1205 667 istud
1231 623 1468 679 pulvere
1495 623 1547 666 de
1572 623 1699 665 indu-

204 701 307 743 stria
352 701 548 756 posuisse
596 704 720 757 poeta
765 703 816 743 ut
862 699 1118 743 vocabulum
1172 700 1452 755 sanguine
1498 699 1699 742 evitaret:

203 777 296 832 ipse
341 777 468 832 enim,
508 780 557 819 ut
597 778 758 833 opinor,
800 778 968 833 egregie
998 777 1131 819 sensit
1162 789 1292 832 quam
1322 775 1557 818 absurdum
1589 779 1702 818 esset

202 853 387 909 primum
420 854 558 896 dicere
590 854 733 896 civilia
759 867 875 896 arma
901 853 1144 896 nondum
1171 853 1424 908 expiatis
1451 865 1544 895 esse
1571 855 1702 895 uncta

203 930 440 985 cruoribus,
486 930 638 973 deinde
680 930 821 973 subito
864 929 1072 972 affirmare
1101 929 1338 972 fraternum
1369 929 1494 971 illum
1527 929 1702 985 sangui-

203 1019 302 1049 nem
349 1007 435 1049 illis
483 1008 559 1063 qui
604 1007 886 1062 profuderunt
931 1007 1083 1049 honori
1127 1006 1331 1061 laudique
1376 1005 1520 1048 fuisse.
1562 1005 1702 1062 Igitur

205 1083 380 1126 alteram
411 1083 684 1126 absurditatis
710 1086 870 1140 partem
898 1083 1084 1138 sustulit,
1111 1086 1242 1125 totam
1270 1082 1417 1125 tollere
1434 1095 1522 1124 non
1538 1083 1701 1138 potuit:

208 1172 344 1214 quum
385 1161 499 1202 enim
540 1160 591 1202 de
632 1172 677 1202 re
717 1162 804 1202 tam
844 1160 956 1202 tristi
996 1172 1125 1215 quam
1163 1159 1324 1202 bellum
1369 1159 1495 1201 civile
1538 1162 1602 1202 est
1642 1159 1702 1201 lo-

210 1237 394 1292 quimur,
437 1236 558 1279 laetIs
599 1237 853 1291 honoris,
884 1236 1098 1292 laudis,
1131 1236 1352 1279 decoris
1384 1235 1607 1278 vocabulis
1639 1239 1704 1278 est

209 1311 520 1355 abstinendum.
553 1312 686 1355 Addit
715 1315 883 1355 autem:

505 1421 560 1464 Et
591 1424 745 1464 cuncta
773 1424 981 1465 terrarum
1014 1421 1190 1465 subacta

566 1497 742 1541 Praeter
771 1501 953 1541 atrocem
988 1499 1180 1541 animum
1212 1498 1396 1541 Catonis.

269 1614 363 1666 Quo
405 1615 530 1658 modo
571 1616 674 1658 haec
715 1629 814 1658 cum
855 1616 1205 1672 praecedentibus
1244 1617 1502 1660 cohaerent?
1535 1617 1701 1660 Vellem

211 1691 415 1735 Horatius
447 1693 686 1748 scripsisset
718 1692 834 1748 quod
866 1694 1046 1735 coniecit
1077 1692 1424 1749 Peerlkampius:

508 1800 670 1869 ὃιέῥὲτθ
700 1814 876 1857 magnos
907 1802 993 1843 iam
1024 1801 1148 1872 video
1182 1802 1326 1857 duces,

210 1921 270 1963 ita
299 1920 550 1976 gravissimo
581 1918 832 1961 liberaretur
862 1919 966 1961 vitio
997 1921 1131 1974 poeta.
1164 1918 1247 1961 Sed
1281 1920 1386 1974 quin
1416 1920 1632 1975 scripserit
1660 1919 1705 1962 id

213 1995 328 2051 quod
359 2007 477 2037 nunc
506 1994 690 2050 legimus
723 1995 819 2050 quis
852 1993 1046 2037 dubitare
1077 1994 1264 2037 audeat?
1291 1994 1404 2037 Illud
1432 2000 1575 2038 autem
1593 1996 1706 2038 eius-

214 2071 330 2113 modi
375 2074 439 2113 est
484 2073 534 2112 ut
573 2083 657 2126 quo
699 2071 835 2126 magis
877 2070 929 2112 de
971 2083 1019 2113 eo
1060 2074 1203 2113 tecum
1236 2071 1454 2126 deliberes,
1486 2084 1535 2114 eo
1566 2073 1703 2128 magis

213 2147 378 2189 mireris
435 2149 583 2202 poetae
630 2146 827 2189 excidere
873 2147 1074 2202 potuisse.
1123 2145 1234 2196 Quid
1281 2147 1428 2189 enim?
1475 2146 1520 2188 M
1532 2161 1557 2189 a
1567 2161 1596 2203 g
1607 2161 1636 2189 n
1649 2161 1673 2189 o
1686 2162 1707 2190 s

214 2223 384 2266 duces
427 2236 533 2265 non
567 2223 836 2265 indecoro
867 2223 1102 2278 pulvere
1134 2223 1398 2266 sordidos
1431 2228 1471 2266 et
1502 2228 1708 2267 cuncta

213 2303 492 2342 terrarum
537 2298 772 2342 subacta
811 2302 1040 2354 praeter
1072 2303 1314 2342 atrocem
1347 2301 1587 2343 animum
1621 2300 1708 2343 Ca-

215 2380 268 2419 to
282 2377 392 2430 nis,
430 2375 512 2418 sibi
552 2375 680 2418 simul
718 2375 867 2418 audire
897 2376 981 2417 iam
1016 2375 1184 2418 videtur
1215 2376 1442 2430 Horatius;
1475 2378 1577 2420 haec
1610 2390 1708 2434 ergo

217 2454 315 2496 sim
332 2453 386 2495 ul
412 2452 556 2494 audiet
579 2451 722 2506 lector,
749 2464 772 2494 e
788 2451 939 2494 odem
967 2455 1212 2507 tempore
1238 2454 1304 2495 aio
1329 2456 1370 2495 et
1397 2454 1589 2496 simul:
1619 2468 1709 2497 am-

216 2529 296 2572 bae
326 2530 441 2572 enim
472 2541 539 2571 res
569 2528 628 2570 ita
654 2527 706 2569 ab
736 2526 914 2569 Horatio
939 2531 1250 2583 proponuntur,
1277 2532 1363 2571 tam
1381 2533 1471 2572 arto
1489 2543 1709 2573 connexae

216 2605 403 2660 vinculo,
437 2608 484 2647 ut
516 2604 621 2660 quin
651 2607 850 2659 tempore,
874 2603 979 2658 loce,
1009 2616 1164 2659 genere
1190 2606 1563 2649 coniunctissimae
1590 2606 1642 2648 ab
1660 2619 1708 2649 eo

216 2682 435 2739 fingantur
460 2695 546 2724 non
563 2682 696 2737 possit
714 2680 908 2722 dubitari.
927 2679 1040 2730 Quid
1056 2681 1187 2736 ergo?
1205 2680 1342 2724 Simul
1358 2682 1556 2725 audimus
1574 2683 1708 2726 duces

217 2759 593 2815 (Caesarianarum,
619 2762 669 2801 ut
695 2759 856 2814 opinor,
881 2758 1082 2813 partium)
1109 2758 1319 2801 orationes
1335 2758 1536 2802 habentes
1557 2762 1624 2801 et.
1642 2792 1651 2801 .
1671 2791 1679 2800 .
1699 2791 1708 2801 .

220 2836 336 2895 quid,
382 2835 572 2892 quaeso?
625 2834 697 2876 An
742 2846 765 2876 e
811 2833 1113 2877 diversissimis
1161 2837 1428 2878 accurrentes
1477 2835 1709 2891 provinciis
