2034 3334
947 432 1001 470 47

192 561 411 599 moverat:
454 560 634 609 putabat
675 559 791 598 enim
833 558 1014 598 rivalem
1056 558 1180 597 illum
1221 568 1329 607 esse,
1369 567 1468 596 cum
1499 556 1754 606 praesertim

193 635 401 674 Thaidem
432 637 654 685 tantopere
687 635 779 675 eius
810 634 982 674 videndi
1013 633 1308 682 retinendique
1340 633 1539 682 cupidam
1566 633 1752 672 videret:

193 710 292 749 hinc
338 712 482 750 ortum
528 711 716 760 iurgium
763 711 970 750 Thaidem
1018 710 1129 749 inter
1175 710 1468 758 militemque;
1512 711 1639 758 atque
1681 709 1755 747 illa

192 785 346 825 militis
381 787 763 835 >importunitatem
808 787 918 826 ferre
964 786 1114 825 nolens
1160 785 1343 825 Doriada
1389 785 1614 834 praemisit
1656 795 1755 824 cum

192 861 284 899 suis
315 863 581 901 ornamentis
613 862 766 901 aureis.
795 862 999 901 Dicebam
1026 862 1145 900 illam
1171 861 1354 900 Doriada
1381 871 1600 900 accurrere
1629 860 1753 899 anhe-

192 935 368 987 lantem,
398 938 664 987 exterritam,
694 939 854 976 terrore
880 937 1136 986 perculsam.
1164 937 1363 986 Talisque
1390 937 1483 975 eius
1510 937 1633 975 actus
1660 945 1755 975 esse

193 1011 330 1051 debet.
358 1012 594 1051 Verissime
621 1013 737 1052 enim
764 1013 978 1062 simulque
994 1013 1258 1062 lepidissime
1276 1013 1516 1052 Scholiasta
1532 1012 1754 1051 observat:

197 1088 283 1138 „Ea
323 1100 505 1138 persona
545 1089 740 1138 quaesita
782 1091 848 1128 est
889 1100 996 1138 quae
1032 1089 1268 1128 terribilem
1301 1090 1445 1128 credat
1475 1088 1674 1137 militem,
1708 1088 1757 1126 ut

195 1173 244 1203 eo
286 1165 426 1214 magis
468 1165 511 1204 in
554 1166 809 1214 experiendo
841 1176 980 1204 vanus
1012 1175 1062 1204 ac
1092 1165 1296 1204 ridiculus
1329 1175 1424 1203 esse
1456 1164 1635 1213 possit.'’

255 1240 410 1279 Secum
441 1240 620 1288 loquens
651 1241 802 1280 Dorias
834 1242 981 1280 narrat
1013 1241 1111 1289 quid
1144 1241 1255 1290 apud
1287 1240 1473 1279 militem
1505 1239 1563 1278 sit
1595 1241 1753 1278 actum.

194 1315 461 1354 Narrationis
493 1316 573 1355 1100
605 1317 672 1355 est
702 1316 875 1355 initium
909 1317 1005 1362 (617
1041 1319 1141 1365 sq.):

282 1391 393 1430 Nam
410 1393 639 1440 postquam
657 1392 739 1431 iste
757 1393 931 1431 advenit
948 1391 1153 1431 Chremes
1170 1392 1418 1431 adolescens
1434 1391 1566 1430 frater
1577 1390 1757 1439 virginis

285 1466 466 1505 Militem
498 1469 621 1516 rogat
651 1469 700 1506 ut
731 1468 855 1506 illum
887 1467 1059 1506 admitti
1091 1467 1247 1506 iubeat.
1297 1513 1299 1515 ,

195 1541 418 1591 Duplicem
459 1543 510 1582 ob
549 1553 726 1582 oausam
757 1543 977 1591 Bentlejus
1008 1543 1108 1582 huic
1139 1543 1230 1582 loco
1263 1542 1609 1581 emendationem
1641 1541 1754 1580 adhi-

165 1670 169 1677 .
196 1617 310 1656 buit:
352 1618 542 1667 primum
584 1629 670 1658 non
700 1619 864 1658 ferebat
896 1619 1130 1658 iambicum
1156 1629 1333 1657 versum
1366 1618 1478 1657 inter
1509 1617 1756 1664 trochaeos;

196 1702 349 1740 parum
380 1693 532 1732 idonea
559 1704 688 1733 causa
709 1693 836 1743 haec;
855 1695 981 1744 paulo
999 1695 1115 1733 enim
1132 1696 1229 1743 post
1246 1695 1297 1733 ob
1316 1694 1497 1733 eandem
1515 1693 1553 1732 ei
1570 1703 1634 1732 vs.
1649 1692 1757 1732 622:

285 1769 447 1809 Invitat
477 1770 638 1809 tristis:
672 1771 846 1821 mansit,
880 1771 938 1810 ibi
970 1771 1044 1810 illa
1075 1782 1174 1810 cum
1206 1771 1278 1810 illo
1310 1780 1556 1810 sermonem
1588 1770 1697 1818 ilico,

199 1845 443 1893 ceteroquin
474 1846 733 1885 sanissimus
764 1847 846 1885 fuit
876 1848 1124 1886 mutandus.
1159 1846 1341 1886 Gravius
1373 1846 1453 1884 hoc
1485 1846 1595 1894 quod
1622 1844 1758 1883 nostri

199 1928 350 1957 versus
382 1920 516 1959 oratio
548 1931 677 1970 supra
708 1932 838 1970 quam
870 1922 952 1960 dici
982 1923 1125 1971 potest
1155 1921 1331 1970 puerilis
1364 1923 1430 1960 est
1463 1922 1505 1960 et
1531 1920 1668 1959 balba.
1697 1920 1759 1957 Ne

201 1993 283 2032 dici
324 1995 496 2041 quidem
536 1996 686 2035 Latine
727 2008 853 2045 posse
895 1998 1042 2046 opinor
1077 1997 1185 2046 „iste
1219 1997 1424 2036 Chremes
1456 1996 1757 2043 adolescens”;

201 2067 314 2107 haud
354 2069 499 2108 minus
540 2070 582 2108 id
623 2071 732 2109 mihi
773 2072 1006 2110 absurdum
1042 2072 1211 2111 videtur
1243 2083 1372 2120 quam
1405 2072 1442 2110 si
1475 2072 1569 2119 quis
1601 2071 1759 2109 Graece

202 2144 264 2183 sic
295 2144 559 2193 loqueretur:
594 2141 707 2192 οὗτος
735 2144 755 2185 ὅ
788 2145 944 2198 Χρέμης
972 2147 1185 2194 -νεανισκός,
1215 2147 1322 2196 Quid
1349 2149 1495 2186 autem
1521 2147 1690 2186 facilius
1717 2146 1760 2184 in

201 2220 374 2259 textum
401 2221 585 2269 irrepere
612 2222 751 2270 potuit
778 2233 907 2270 quam
935 2222 1175 2262 Chremetis
1206 2233 1364 2261 nomen
1392 2233 1416 2261 a
1438 2222 1584 2261 sedulo
1602 2222 1760 2260 lectore

202 2294 246 2333 in
277 2295 471 2344 margine
502 2297 725 2345 positum?
757 2296 882 2336 Certa
913 2308 1012 2346 ergo
1044 2298 1214 2336 videtur
1243 2296 1426 2345 Bentleji
1459 2297 1684 2336 correctio:

290 2371 401 2409 Nam
432 2373 661 2420 postquam
693 2373 775 2411 iste
807 2373 969 2423 adyene
995 2374 1039 2411 at
1071 2373 1318 2411 adolescens
1349 2372 1481 2410 frater
1507 2371 1699 2420 virginis.

203 2446 310 2495 Quid
342 2447 452 2494 quod
484 2448 770 2487 Scholiastam
802 2459 966 2496 quoque
995 2425 1286 2487 mffi'emm
1138 2437 1339 2487 habuisse
1366 2438 1535 2486 videtur
1560 2448 1761 2496 vulgatae

202 2521 399 2567 lectionis
441 2522 713 2562 abundantia.
757 2523 948 2562 Annotat
989 2523 1127 2562 enim:
1176 2523 1414 2572 „instanter
1456 2523 1658 2562 admonet
1690 2523 1761 2570 qui

204 2596 368 2635 scilicet
413 2597 471 2635 sit
517 2597 763 2647 Chremes’',
812 2609 919 2646 quae
966 2599 1096 2637 verba
1142 2609 1240 2637 cum
1282 2598 1372 2637 risu
1412 2597 1762 2646 reprehendentis

206 2682 301 2710 esse
349 2672 561 2712 videntur.
605 2674 719 2712 Satis
761 2675 876 2713 enim
917 2675 1058 2713 hercle
1099 2674 1187 2713 iam
1223 2660 1418 2722 cog‘nitus
1450 2673 1762 2722 spectatoribus

205 2746 409 2786 Chremes
442 2748 525 2787 ille.

264 2822 394 2861 Thais
426 2833 451 2861 a
481 2823 620 2862 milite
651 2825 775 2872 petiit
805 2826 854 2863 ut
885 2824 1158 2863 Chremetem
1184 2825 1410 2872 invitaret;
1440 2826 1516 2870 (vs.
1546 2824 1631 2863 620
1658 2827 1759 2872 sq.):

323 2898 370 2936 Id
402 2898 586 2937 faciebat
617 2900 827 2938 retinendi
860 2900 974 2938 illius
1007 2910 1157 2938 causa:
1192 2900 1290 2947 quia
1322 2900 1395 2938 illa
1426 2910 1533 2947 quae
1566 2899 1762 2948 cupiebat

323 2972 383 3011 De
415 2984 559 3012 sorore
591 2975 684 3013 eius
716 2975 914 3024 indicare7
949 2976 1000 3013 ad
1034 2986 1130 3014 eam
1162 2986 1254 3014 rem
1286 2977 1458 3023 tempus
1489 2986 1574 3013 non
1606 2977 1710 3013 erat.
