2034 3334
1025 259 1110 304 144

330 383 419 427 222
437 397 498 440 sq.
683 383 826 426 Mater
859 383 943 426 eris
973 383 1143 426 iuvenis
1174 383 1249 440 qui
1281 381 1463 426 fortibus
1494 382 1614 425 annia

525 454 633 497 Acta
663 455 797 511 patris
830 455 974 497 vincet
1006 454 1227 510 maiorque
1258 453 1484 496 vocabitur
1510 452 1600 497 illo.

272 525 342 568 Sic
381 523 615 568 Ehwaldus
657 523 792 567 edidit
833 538 856 567 e
896 524 1112 568 codicibus
1152 523 1468 577 (tantummodo
1508 523 1558 567 M
1589 538 1614 567 a
1645 537 1774 568 manu
1805 537 1868 569 eo-

269 595 406 638 cunda
449 609 577 652 supra
620 597 829 652 scriptum
871 595 1000 638 habet
1030 595 1183 648 armis).
1217 594 1490 638 Probandum
1522 594 1602 638 hoc
1632 595 1743 639 foret
1773 609 1870 639 con-

270 666 420 709 silium
468 668 503 709 si
549 666 839 723 praecederet:
892 671 1056 716 „mater
1102 667 1185 709 eris
1220 666 1344 720 pum·
1386 665 1457 708 vel
1495 665 1725 723 infantic'’‚
1766 678 1868 710 nam

273 742 367 780 tum
409 741 521 780 recte
564 742 836 794 pergeretur:
880 738 967 793 qui,
1003 737 1075 779 ubi
1107 736 1341 780 adoleverit
1372 736 1467 788 (hoc
1499 738 1615 779 enim
1649 740 1714 780 est
1736 736 1871 795 forti·

273 809 343 850 bus
375 808 511 859 annis)
544 813 638 851 acta
667 810 801 865 patris
835 809 990 851 vincet.
1031 807 1137 851 Sed:
1174 809 1369 859 „iuvenis
1402 808 1499 864 qui,
1531 807 1607 850 ubi
1637 806 1870 852 adoleverit

270 894 306 923 e.
325 894 364 936 q.
383 893 416 922 s.
450 878 684 922 absurdum
716 882 793 923 est.
828 879 945 936 Lege
976 879 1078 921 actis
1108 893 1207 922 cum
1239 877 1434 923 Heinsio.

331 1014 419 1059 247
467 1015 663 1058 Territus
695 1015 896 1059 Aeacides
928 1029 953 1058 a
983 1029 1155 1072 corpore
1186 1015 1383 1058 bracchia
1414 1013 1557 1058 solvit.

468 1087 588 1143 Isque
620 1086 718 1129 deos
754 1085 895 1143 pelagi
926 1087 1027 1130 vino
1055 1100 1183 1142 super
1214 1099 1397 1142 aequore
1428 1085 1521 1128 fuso
1539 1084 1773 1129 —adorat.

272 1158 355 1201 Pro
397 1157 580 1200 absurdo
621 1157 732 1213 isque
773 1156 1004 1199 Ehwaldus
1047 1171 1069 1199 e
1111 1155 1313 1199 Merkelii
1343 1157 1583 1200 coniectura
1613 1171 1750 1213 mque.
1782 1154 1866 1199 Sed

271 1243 353 1272 non
385 1230 488 1271 satis
513 1232 578 1271 est
604 1230 891 1271 coniecturam
917 1227 1058 1270 lenem
1084 1241 1195 1270 esse:
1224 1227 1420 1270 accedere
1446 1230 1614 1284 oportet
1638 1231 1690 1270 ut
1714 1231 1866 1285 aptum

273 1314 446 1343 sensum
488 1299 700 1356 praebeat.
743 1298 825 1342 Sed
866 1313 978 1342 nunc
1020 1299 1312 1342 desideramus
1353 1300 1484 1342 etiam
1527 1297 1753 1342 vinculum
1783 1312 1868 1356 quo

273 1385 384 1414 nova
416 1372 626 1413 sententia
657 1371 788 1426 priori
822 1374 1083 1413 annectatur.
1119 1368 1255 1412 Omne
1288 1369 1392 1412 tulit
1422 1373 1634 1426 punctum
1665 1369 1870 1414 Heinsius
1946 1363 1950 1366 ⁴
2017 1375 2034 1414 l

273 1441 456 1499 legendo
487 1442 594 1485 inde.
627 1440 974 1498 Suprascriptum
1007 1442 1055 1492 is,
1089 1440 1201 1497 quod
1234 1455 1357 1497 saepe
1388 1455 1412 1483 a
1444 1440 1587 1484 sciolis
1619 1454 1748 1498 supra
1772 1442 1871 1484 scri·

273 1514 403 1564 bitur,
438 1514 651 1569 originem
683 1512 800 1555 dedit
835 1512 1013 1556 traditae
1045 1511 1234 1555 lectioni.

335 1647 424 1691 270
546 1647 630 1690 Hic
662 1661 846 1704 regnum
877 1649 968 1690 sine
999 1648 1045 1690 vi
1077 1649 1167 1690 sine
1198 1646 1324 1690 caede
1355 1647 1524 1701 reqebat.

274 1718 484 1762 Abhorret
526 1719 578 1761 ab
619 1732 700 1760 usu
744 1717 954 1760 Ovidiano
995 1719 1079 1760 ista
1109 1717 1249 1775 figura
1280 1717 1584 1775 etymologica.
1615 1717 1776 1762 Verum
1805 1719 1870 1761 in·

275 1791 397 1832 venit
427 1789 653 1832 Heinsius:
688 1789 856 1831 tenebat.

338 1915 426 1958 293
453 1929 512 1972 sq.
562 1915 698 1958 Miror
739 1914 996 1957 Ehwaldum
1040 1919 1222 1965 „tantum
1254 1928 1348 1957 acer
1379 1913 1498 1957 erat’'
1539 1919 1762 1971 tamquam
1791 1926 1869 1971 pro

280 1991 384 2038 „tam
417 2000 511 2029 acer
542 1985 661 2028 erat’'
696 1985 860 2028 dictum
894 1985 1116 2028 defendere
1146 1984 1288 2027 allatis
1319 1984 1574 2041 quibusdam
1606 1998 1657 2028 ex
1689 1984 1870 2029 Horatio

276 2056 497 2113 exemplis.
540 2057 596 2099 Et
626 2056 690 2099 fac
722 2058 913 2112 potuisse
946 2055 1152 2099 Ovidium
1184 2056 1254 2099 hic
1286 2060 1439 2098 tantum
1471 2069 1629 2112 ponere
1658 2069 1737 2112 pro
1767 2060 1872 2107 ιαηι,

277 2142 481 2184 quorsum
512 2127 622 2170 illud
655 2126 918 2170 referamus?
951 2127 1059 2170 Tam
1090 2141 1185 2170 acer
1217 2141 1344 2183 quam
1375 2159 1384 2169 .
1406 2160 1415 2170 .
1435 2159 1445 2169 .
1475 2125 1598 2183 quis?
1629 2126 1746 2184 Lege
1771 2139 1872 2170 cum

277 2199 428 2242 Fussio
459 2199 539 2240 iam
571 2203 665 2250 tum,
698 2197 807 2240 nihil
838 2197 1110 2241 desiderabis.

340 2320 427 2363 298
474 2320 539 2363 En
583 2322 742 2363 iterum
784 2333 958 2362 versum
997 2319 1161 2362 librarii
1192 2333 1330 2362 errore
1361 2321 1406 2362 in
1438 2320 1488 2362 M
1521 2320 1755 2371 omissum,
1788 2332 1872 2377 quo

278 2393 411 2433 reciso
443 2392 585 2433 omnia
617 2389 901 2432 collabuntur.
934 2389 1053 2432 Idem
1086 2389 1313 2432 dicendum
1343 2389 1394 2432 de
1426 2404 1510 2432 vss.
1545 2388 1631 2432 315
1649 2403 1709 2446 sq.
1742 2388 1872 2446 Equi-

280 2461 376 2503 dem
408 2464 554 2503 autem
586 2474 685 2502 cum
719 2459 1056 2511 „deterioribus”
1089 2459 1233 2517 legere
1264 2459 1439 2503 malim:

492 2531 575 2583 Qui
603 2531 739 2573 facere
770 2534 983 2581 assuerat,
1017 2532 1179 2586 patriae
1211 2545 1294 2573 non
1325 2530 1510 2587 degener
1536 2531 1659 2582 artis,

492 2599 680 2643 Candida
712 2601 762 2643 de
794 2602 930 2657 nigris
962 2605 1005 2643 et
1036 2601 1087 2643 de
1118 2601 1364 2643 cadentibus
1395 2606 1487 2643 atra

281 2685 408 2726 quam
454 2685 553 2713 cum
597 2670 902 2721 „melioribus”
947 2672 1115 2714 inverso
1147 2685 1351 2714 versuum
1385 2670 1556 2721 ordine,
1591 2671 1664 2726 qui
1695 2670 1874 2713 minime

282 2740 541 2783 Ovidianum
574 2741 702 2783 refert
734 2755 988 2784 sermonem.

345 2861 432 2903 328
451 2876 511 2916 sq.
561 2861 759 2903 Narravit
803 2861 922 2918 Ceyx
966 2861 1016 2903 de
1059 2860 1221 2904 Chione
1262 2861 1404 2903 fratris
1445 2861 1513 2902 sui
1555 2858 1665 2909 filia,
1709 2858 1874 2914 sibique

282 2931 584 2981 dilectissima,
630 2945 736 2986 quae
779 2932 829 2973 ab
872 2934 980 2974 irata
1022 2931 1160 2973 Diana
1200 2933 1360 2988 sagitta
1399 2934 1464 2972 est
1504 2943 1713 2985 percussa.
1760 2928 1872 2971 Tum

283 3002 386 3043 haec
419 3001 557 3042 addit:
