<?xml version="1.0" encoding="UTF-8"?>
<!DOCTYPE html PUBLIC "-//W3C//DTD XHTML 1.0 Transitional//EN"
    "http://www.w3.org/TR/xhtml1/DTD/xhtml1-transitional.dtd">
<html xmlns="http://www.w3.org/1999/xhtml" xml:lang="en" lang="en">
 <head>
  <title>
</title>
<meta http-equiv="Content-Type" content="text/html;charset=utf-8" />
  <meta name='ocr-system' content='tesseract 3.04.00' />
  <meta name='ocr-capabilities' content='ocr_page ocr_carea ocr_par ocr_line ocrx_word'/>
</head>
<body>
  <div class='ocr_page' id='page_1' title='image "./dehoratiopota00hartuoft_0427.png"; bbox 0 0 2034 3334; ppageno 0'>
   <div class='ocr_carea' id='block_1_1' title="bbox 0 0 99 978">
    <p class='ocr_par' dir='ltr' id='par_1_1' title="bbox 0 0 99 978">
     <span class='ocr_line' id='line_1_1' title="bbox 0 0 99 978; baseline 0 0"><span class='ocrx_word' id='word_1_1' title='bbox 0 0 99 978; x_wconf 95' lang='lat' dir='ltr'> </span> 
     </span>
    </p>
   </div>
   <div class='ocr_carea' id='block_1_2' title="bbox 948 414 1003 453">
    <p class='ocr_par' dir='ltr' id='par_1_2' title="bbox 948 414 1003 453">
     <span class='ocr_line' id='line_1_2' title="bbox 948 414 1003 453; baseline 0.018 -1"><span class='ocrx_word' id='word_1_2' title='bbox 948 414 1003 453; x_wconf 83' lang='lat'>43</span> 
     </span>
    </p>
   </div>
   <div class='ocr_carea' id='block_1_3' title="bbox 193 537 1755 742">
    <p class='ocr_par' dir='ltr' id='par_1_3' title="bbox 193 537 1755 742">
     <span class='ocr_line' id='line_1_3' title="bbox 198 537 1753 597; baseline -0.005 -16"><span class='ocrx_word' id='word_1_3' title='bbox 198 543 271 591; x_wconf 91' lang='lat' dir='ltr'>„ut</span> <span class='ocrx_word' id='word_1_4' title='bbox 326 543 500 581; x_wconf 88' lang='lat' dir='ltr'>brevem</span> <span class='ocrx_word' id='word_1_5' title='bbox 558 541 674 580; x_wconf 89' lang='lat' dir='ltr'>viam</span> <span class='ocrx_word' id='word_1_6' title='bbox 722 540 1049 597; x_wconf 70' lang='lat' dir='ltr'>demonstraret,</span> <span class='ocrx_word' id='word_1_7' title='bbox 1098 549 1183 577; x_wconf 92' lang='lat' dir='ltr'>non</span> <span class='ocrx_word' id='word_1_8' title='bbox 1230 549 1322 577; x_wconf 90' lang='lat' dir='ltr'>eas</span> <span class='ocrx_word' id='word_1_9' title='bbox 1369 538 1442 575; x_wconf 89' lang='lat' dir='ltr'>sed</span> <span class='ocrx_word' id='word_1_10' title='bbox 1489 537 1753 574; x_wconf 77' lang='lat' dir='ltr'>transeas</span> 
     </span>
     <span class='ocr_line' id='line_1_4' title="bbox 193 611 1755 659; baseline -0.005 -2"><span class='ocrx_word' id='word_1_11' title='bbox 193 618 344 657; x_wconf 83' lang='lat' dir='ltr'>dixit.”</span> <span class='ocrx_word' id='word_1_12' title='bbox 389 618 480 656; x_wconf 93' lang='lat' dir='ltr'>Hoc</span> <span class='ocrx_word' id='word_1_13' title='bbox 521 627 622 655; x_wconf 85' lang='lat' dir='ltr'>vero</span> <span class='ocrx_word' id='word_1_14' title='bbox 665 626 739 655; x_wconf 88' lang='lat' dir='ltr'>cur</span> <span class='ocrx_word' id='word_1_15' title='bbox 779 616 918 655; x_wconf 83' lang='lat' dir='ltr'>facere</span> <span class='ocrx_word' id='word_1_16' title='bbox 959 616 1129 654; x_wconf 88' lang='lat' dir='ltr'>recuset</span> <span class='ocrx_word' id='word_1_17' title='bbox 1168 625 1252 654; x_wconf 92' lang='lat' dir='ltr'>non</span> <span class='ocrx_word' id='word_1_18' title='bbox 1294 614 1423 653; x_wconf 89' lang='lat' dir='ltr'>habet</span> <span class='ocrx_word' id='word_1_19' title='bbox 1460 612 1676 659; x_wconf 82' lang='lat' dir='ltr'>ChremeS,</span> <span class='ocrx_word' id='word_1_20' title='bbox 1711 611 1755 648; x_wconf 85' lang='lat' dir='ltr'>et</span> 
     </span>
     <span class='ocr_line' id='line_1_5' title="bbox 193 688 1752 742; baseline -0.004 -10"><span class='ocrx_word' id='word_1_21' title='bbox 193 694 365 732; x_wconf 90' lang='lat' dir='ltr'>iubente</span> <span class='ocrx_word' id='word_1_22' title='bbox 405 692 615 742; x_wconf 88' lang='lat' dir='ltr'>Pythiade</span> <span class='ocrx_word' id='word_1_23' title='bbox 656 692 806 731; x_wconf 88' lang='lat' dir='ltr'>Dorias</span> <span class='ocrx_word' id='word_1_24' title='bbox 848 691 1003 731; x_wconf 88' lang='lat' dir='ltr'>ancilla</span> <span class='ocrx_word' id='word_1_25' title='bbox 1045 701 1143 730; x_wconf 91' lang='lat' dir='ltr'>cum</span> <span class='ocrx_word' id='word_1_26' title='bbox 1186 701 1235 729; x_wconf 93' lang='lat' dir='ltr'>eo</span> <span class='ocrx_word' id='word_1_27' title='bbox 1277 690 1366 729; x_wconf 88' lang='lat' dir='ltr'>abit</span> <span class='ocrx_word' id='word_1_28' title='bbox 1405 689 1523 728; x_wconf 87' lang='lat' dir='ltr'>viam</span> <span class='ocrx_word' id='word_1_29' title='bbox 1566 688 1604 726; x_wconf 92' lang='lat' dir='ltr'>ei</span> <span class='ocrx_word' id='word_1_30' title='bbox 1635 697 1752 726; x_wconf 92' lang='lat' dir='ltr'>mon-</span> 
     </span>
    </p>
   </div>
   <div class='ocr_carea' id='block_1_4' title="bbox 192 770 393 809">
    <p class='ocr_par' dir='ltr' id='par_1_4' title="bbox 192 770 393 809">
     <span class='ocr_line' id='line_1_6' title="bbox 192 770 393 809; baseline -0.005 0"><span class='ocrx_word' id='word_1_31' title='bbox 192 770 393 809; x_wconf 88' lang='lat' dir='ltr'>stratura.</span> 
     </span>
    </p>
   </div>
   <div class='ocr_carea' id='block_1_5' title="bbox 733 989 1219 1030">
    <p class='ocr_par' dir='ltr' id='par_1_5' title="bbox 733 989 1219 1030">
     <span class='ocr_line' id='line_1_7' title="bbox 733 989 1219 1030; baseline -0.002 -1"><span class='ocrx_word' id='word_1_32' title='bbox 733 990 878 1030; x_wconf 74' lang='lat' dir='ltr'>Aeros</span> <span class='ocrx_word' id='word_1_33' title='bbox 910 990 973 1029; x_wconf 88' lang='lat' dir='ltr'>III</span> <span class='ocrx_word' id='word_1_34' title='bbox 1004 990 1148 1029; x_wconf 78' lang='lat' dir='ltr'>SGENA</span> <span class='ocrx_word' id='word_1_35' title='bbox 1179 989 1219 1028; x_wconf 88' lang='lat'>4.</span> 
     </span>
    </p>
   </div>
   <div class='ocr_carea' id='block_1_6' title="bbox 191 1121 1755 2082">
    <p class='ocr_par' dir='ltr' id='par_1_6' title="bbox 193 1121 1755 1472">
     <span class='ocr_line' id='line_1_8' title="bbox 252 1121 1754 1173; baseline -0.003 -10"><span class='ocrx_word' id='word_1_36' title='bbox 252 1124 372 1163; x_wconf 90' lang='lat' dir='ltr'>Nova</span> <span class='ocrx_word' id='word_1_37' title='bbox 411 1124 481 1163; x_wconf 92' lang='lat' dir='ltr'>hic</span> <span class='ocrx_word' id='word_1_38' title='bbox 522 1125 565 1163; x_wconf 90' lang='lat' dir='ltr'>in</span> <span class='ocrx_word' id='word_1_39' title='bbox 606 1134 782 1163; x_wconf 84' lang='lat' dir='ltr'>scenam</span> <span class='ocrx_word' id='word_1_40' title='bbox 823 1124 963 1173; x_wconf 78' lang='lat' dir='ltr'>prodit</span> <span class='ocrx_word' id='word_1_41' title='bbox 1004 1133 1197 1172; x_wconf 87' lang='lat' dir='ltr'>persona,</span> <span class='ocrx_word' id='word_1_42' title='bbox 1242 1133 1372 1171; x_wconf 90' lang='lat' dir='ltr'>quam</span> <span class='ocrx_word' id='word_1_43' title='bbox 1404 1122 1631 1161; x_wconf 75' lang='lat' dir='ltr'>Terentius</span> <span class='ocrx_word' id='word_1_44' title='bbox 1662 1121 1754 1169; x_wconf 89' lang='lat' dir='ltr'>ipse</span> 
     </span>
     <span class='ocr_line' id='line_1_9' title="bbox 193 1198 1754 1248; baseline -0.002 -10"><span class='ocrx_word' id='word_1_45' title='bbox 193 1199 355 1238; x_wconf 87' lang='lat' dir='ltr'>addidit</span> <span class='ocrx_word' id='word_1_46' title='bbox 395 1200 489 1245; x_wconf 87' lang='lat' dir='ltr'>(hoc</span> <span class='ocrx_word' id='word_1_47' title='bbox 530 1200 645 1238; x_wconf 89' lang='lat' dir='ltr'>enim</span> <span class='ocrx_word' id='word_1_48' title='bbox 687 1210 765 1238; x_wconf 92' lang='lat' dir='ltr'>nos</span> <span class='ocrx_word' id='word_1_49' title='bbox 806 1200 930 1238; x_wconf 89' lang='lat' dir='ltr'>docet</span> <span class='ocrx_word' id='word_1_50' title='bbox 971 1199 1236 1248; x_wconf 82' lang='lat' dir='ltr'>Scholiasta),</span> <span class='ocrx_word' id='word_1_51' title='bbox 1281 1209 1363 1247; x_wconf 88' lang='lat' dir='ltr'>quo</span> <span class='ocrx_word' id='word_1_52' title='bbox 1404 1198 1517 1237; x_wconf 85' lang='lat' dir='ltr'>facto</span> <span class='ocrx_word' id='word_1_53' title='bbox 1559 1208 1610 1236; x_wconf 90' lang='lat' dir='ltr'>ea</span> <span class='ocrx_word' id='word_1_54' title='bbox 1646 1207 1754 1245; x_wconf 87' lang='lat' dir='ltr'>quae</span> 
     </span>
     <span class='ocr_line' id='line_1_10' title="bbox 193 1273 1755 1324; baseline -0.001 -11"><span class='ocrx_word' id='word_1_55' title='bbox 193 1276 431 1323; x_wconf 86' lang='lat' dir='ltr'>sequuntur</span> <span class='ocrx_word' id='word_1_56' title='bbox 466 1276 603 1315; x_wconf 89' lang='lat' dir='ltr'>multo</span> <span class='ocrx_word' id='word_1_57' title='bbox 635 1274 744 1314; x_wconf 91' lang='lat' dir='ltr'>fiunt</span> <span class='ocrx_word' id='word_1_58' title='bbox 775 1275 991 1324; x_wconf 87' lang='lat' dir='ltr'>lepidiora.</span> <span class='ocrx_word' id='word_1_59' title='bbox 1025 1274 1214 1323; x_wconf 91' lang='lat' dir='ltr'>Antipho</span> <span class='ocrx_word' id='word_1_60' title='bbox 1246 1274 1324 1323; x_wconf 88' lang='lat' dir='ltr'>est,</span> <span class='ocrx_word' id='word_1_61' title='bbox 1359 1274 1431 1322; x_wconf 87' lang='lat' dir='ltr'>qui</span> <span class='ocrx_word' id='word_1_62' title='bbox 1463 1283 1562 1311; x_wconf 90' lang='lat' dir='ltr'>cum</span> <span class='ocrx_word' id='word_1_63' title='bbox 1594 1273 1755 1311; x_wconf 85' lang='lat' dir='ltr'>frustra</span> 
     </span>
     <span class='ocr_line' id='line_1_11' title="bbox 193 1348 1754 1400; baseline -0.003 -9"><span class='ocrx_word' id='word_1_64' title='bbox 193 1351 263 1391; x_wconf 92' lang='lat' dir='ltr'>diu</span> <span class='ocrx_word' id='word_1_65' title='bbox 306 1351 541 1391; x_wconf 85' lang='lat' dir='ltr'>Chaeream</span> <span class='ocrx_word' id='word_1_66' title='bbox 574 1351 879 1400; x_wconf 84' lang='lat' dir='ltr'>expectaverit,</span> <span class='ocrx_word' id='word_1_67' title='bbox 913 1351 1090 1389; x_wconf 89' lang='lat' dir='ltr'>tandem</span> <span class='ocrx_word' id='word_1_68' title='bbox 1122 1360 1223 1389; x_wconf 90' lang='lat' dir='ltr'>eum</span> <span class='ocrx_word' id='word_1_69' title='bbox 1255 1350 1370 1389; x_wconf 90' lang='lat' dir='ltr'>domi</span> <span class='ocrx_word' id='word_1_70' title='bbox 1403 1350 1581 1398; x_wconf 88' lang='lat' dir='ltr'>quaerit.</span> <span class='ocrx_word' id='word_1_71' title='bbox 1614 1348 1754 1387; x_wconf 90' lang='lat' dir='ltr'>Verba</span> 
     </span>
     <span class='ocr_line' id='line_1_12' title="bbox 193 1427 1089 1472; baseline -0.001 -6"><span class='ocrx_word' id='word_1_72' title='bbox 193 1428 286 1466; x_wconf 92' lang='lat' dir='ltr'>eius</span> <span class='ocrx_word' id='word_1_73' title='bbox 318 1429 362 1467; x_wconf 90' lang='lat' dir='ltr'>et</span> <span class='ocrx_word' id='word_1_74' title='bbox 393 1428 477 1466; x_wconf 90' lang='lat' dir='ltr'>alia</span> <span class='ocrx_word' id='word_1_75' title='bbox 508 1428 611 1466; x_wconf 84' lang='lat' dir='ltr'>sunt</span> <span class='ocrx_word' id='word_1_76' title='bbox 642 1428 685 1466; x_wconf 91' lang='lat' dir='ltr'>et</span> <span class='ocrx_word' id='word_1_77' title='bbox 716 1427 822 1466; x_wconf 89' lang='lat' dir='ltr'>haec</span> <span class='ocrx_word' id='word_1_78' title='bbox 854 1429 930 1472; x_wconf 91' lang='lat' dir='ltr'>(vs.</span> <span class='ocrx_word' id='word_1_79' title='bbox 966 1427 1089 1472; x_wconf 83' lang='lat'>545):</span> 
     </span>
    </p>

    <p class='ocr_par' dir='ltr' id='par_1_7' title="bbox 191 1501 1754 1703">
     <span class='ocr_line' id='line_1_13' title="bbox 353 1501 1754 1552; baseline -0.002 -9"><span class='ocrx_word' id='word_1_80' title='bbox 353 1504 484 1552; x_wconf 89' lang='lat' dir='ltr'>quue</span> <span class='ocrx_word' id='word_1_81' title='bbox 502 1504 607 1543; x_wconf 90' lang='lat' dir='ltr'>adeo</span> <span class='ocrx_word' id='word_1_82' title='bbox 623 1503 777 1552; x_wconf 87' lang='lat' dir='ltr'>visam,</span> <span class='ocrx_word' id='word_1_83' title='bbox 798 1503 836 1541; x_wconf 89' lang='lat' dir='ltr'>si</span> <span class='ocrx_word' id='word_1_84' title='bbox 853 1503 1024 1542; x_wconf 89' lang='lat' dir='ltr'>domist.</span> <span class='ocrx_word' id='word_1_85' title='bbox 1045 1502 1252 1552; x_wconf 80' lang='lat' dir='ltr'>Quisnam</span> <span class='ocrx_word' id='word_1_86' title='bbox 1269 1502 1368 1541; x_wconf 89' lang='lat' dir='ltr'>hinc</span> <span class='ocrx_word' id='word_1_87' title='bbox 1385 1502 1436 1540; x_wconf 89' lang='lat' dir='ltr'>ab</span> <span class='ocrx_word' id='word_1_88' title='bbox 1455 1501 1614 1540; x_wconf 87' lang='lat' dir='ltr'>Thaide</span> <span class='ocrx_word' id='word_1_89' title='bbox 1632 1502 1754 1540; x_wconf 81' lang='lat' dir='ltr'>exit?</span> 
     </span>
     <span class='ocr_line' id='line_1_14' title="bbox 191 1579 434 1619; baseline 0 -1"><span class='ocrx_word' id='word_1_90' title='bbox 191 1579 434 1619; x_wconf 88' lang='lat' dir='ltr'>Bentleius:</span> 
     </span>
     <span class='ocr_line' id='line_1_15' title="bbox 459 1654 1175 1703; baseline -0.003 -9"><span class='ocrx_word' id='word_1_91' title='bbox 459 1655 540 1694; x_wconf 85' lang='lat' dir='ltr'>Sed</span> <span class='ocrx_word' id='word_1_92' title='bbox 572 1655 772 1703; x_wconf 89' lang='lat' dir='ltr'>quisnam</span> <span class='ocrx_word' id='word_1_93' title='bbox 805 1665 830 1694; x_wconf 92' lang='lat' dir='ltr'>a</span> <span class='ocrx_word' id='word_1_94' title='bbox 860 1654 1020 1693; x_wconf 86' lang='lat' dir='ltr'>Thaide</span> <span class='ocrx_word' id='word_1_95' title='bbox 1053 1654 1175 1693; x_wconf 79' lang='lat' dir='ltr'>exit?</span> 
     </span>
    </p>

    <p class='ocr_par' dir='ltr' id='par_1_8' title="bbox 193 1729 1754 2082">
     <span class='ocr_line' id='line_1_16' title="bbox 251 1729 1752 1779; baseline -0.001 -10"><span class='ocrx_word' id='word_1_96' title='bbox 251 1731 585 1779; x_wconf 88' lang='lat' dir='ltr'>Elegantissima</span> <span class='ocrx_word' id='word_1_97' title='bbox 615 1731 722 1770; x_wconf 86' lang='lat' dir='ltr'>haec</span> <span class='ocrx_word' id='word_1_98' title='bbox 753 1731 820 1769; x_wconf 91' lang='lat' dir='ltr'>est</span> <span class='ocrx_word' id='word_1_99' title='bbox 851 1731 1096 1769; x_wconf 84' lang='lat' dir='ltr'>coniectura</span> <span class='ocrx_word' id='word_1_100' title='bbox 1127 1731 1170 1769; x_wconf 93' lang='lat' dir='ltr'>et</span> <span class='ocrx_word' id='word_1_101' title='bbox 1201 1730 1315 1768; x_wconf 91' lang='lat' dir='ltr'>haud</span> <span class='ocrx_word' id='word_1_102' title='bbox 1347 1730 1471 1768; x_wconf 89' lang='lat' dir='ltr'>dubie</span> <span class='ocrx_word' id='word_1_103' title='bbox 1498 1729 1752 1777; x_wconf 85' lang='lat' dir='ltr'>recipienda.</span> 
     </span>
     <span class='ocr_line' id='line_1_17' title="bbox 193 1805 1754 1856; baseline -0.001 -11"><span class='ocrx_word' id='word_1_104' title='bbox 193 1806 295 1856; x_wconf 85' lang='lat' dir='ltr'>Quis</span> <span class='ocrx_word' id='word_1_105' title='bbox 351 1806 465 1845; x_wconf 92' lang='lat' dir='ltr'>enim</span> <span class='ocrx_word' id='word_1_106' title='bbox 516 1806 768 1855; x_wconf 88' lang='lat' dir='ltr'>languidum</span> <span class='ocrx_word' id='word_1_107' title='bbox 814 1806 930 1845; x_wconf 89' lang='lat' dir='ltr'>istud</span> <span class='ocrx_word' id='word_1_108' title='bbox 976 1806 1105 1844; x_wconf 90' lang='lat' dir='ltr'>hinc</span> <span class='ocrx_word' id='word_1_109' title='bbox 1151 1806 1212 1844; x_wconf 91' lang='lat' dir='ltr'>ab</span> <span class='ocrx_word' id='word_1_110' title='bbox 1259 1805 1468 1844; x_wconf 86' lang='lat' dir='ltr'>Thaide</span> <span class='ocrx_word' id='word_1_111' title='bbox 1514 1805 1636 1855; x_wconf 85' lang='lat' dir='ltr'>ferat,</span> <span class='ocrx_word' id='word_1_112' title='bbox 1685 1805 1754 1844; x_wconf 91' lang='lat' dir='ltr'>vel</span> 
     </span>
     <span class='ocr_line' id='line_1_18' title="bbox 193 1881 1754 1931; baseline 0 -12"><span class='ocrx_word' id='word_1_113' title='bbox 193 1881 474 1920; x_wconf 89' lang='lat' dir='ltr'>durissimum</span> <span class='ocrx_word' id='word_1_114' title='bbox 500 1883 603 1921; x_wconf 91' lang='lat' dir='ltr'>illud</span> <span class='ocrx_word' id='word_1_115' title='bbox 630 1883 902 1931; x_wconf 84' lang='lat' dir='ltr'>asyndeton?</span> <span class='ocrx_word' id='word_1_116' title='bbox 928 1882 981 1921; x_wconf 88' lang='lat' dir='ltr'>Et</span> <span class='ocrx_word' id='word_1_117' title='bbox 1007 1883 1074 1921; x_wconf 91' lang='lat' dir='ltr'>est</span> <span class='ocrx_word' id='word_1_118' title='bbox 1102 1882 1306 1921; x_wconf 88' lang='lat' dir='ltr'>correctio</span> <span class='ocrx_word' id='word_1_119' title='bbox 1328 1881 1564 1920; x_wconf 89' lang='lat' dir='ltr'>lenissima.</span> <span class='ocrx_word' id='word_1_120' title='bbox 1583 1881 1754 1920; x_wconf 88' lang='lat' dir='ltr'>Etenim</span> 
     </span>
     <span class='ocr_line' id='line_1_19' title="bbox 193 1956 1751 2007; baseline 0.001 -13"><span class='ocrx_word' id='word_1_121' title='bbox 193 1957 291 2004; x_wconf 91' lang='lat' dir='ltr'>post</span> <span class='ocrx_word' id='word_1_122' title='bbox 315 1956 464 1995; x_wconf 89' lang='lat' dir='ltr'>literas</span> <span class='ocrx_word' id='word_1_123' title='bbox 490 1958 541 1996; x_wconf 90' lang='lat' dir='ltr'>st</span> <span class='ocrx_word' id='word_1_124' title='bbox 567 1957 611 1996; x_wconf 89' lang='lat' dir='ltr'>in</span> <span class='ocrx_word' id='word_1_125' title='bbox 637 1957 846 1996; x_wconf 87' lang='lat' dir='ltr'>domist</span> <span class='ocrx_word' id='word_1_126' title='bbox 872 1957 1037 1996; x_wconf 89' lang='lat' dir='ltr'>omissa</span> <span class='ocrx_word' id='word_1_127' title='bbox 1063 1958 1130 1996; x_wconf 93' lang='lat' dir='ltr'>est</span> <span class='ocrx_word' id='word_1_128' title='bbox 1157 1968 1183 1996; x_wconf 90' lang='lat' dir='ltr'>a</span> <span class='ocrx_word' id='word_1_129' title='bbox 1208 1957 1380 1996; x_wconf 84' lang='lat' dir='ltr'>librario</span> <span class='ocrx_word' id='word_1_130' title='bbox 1407 1968 1495 1996; x_wconf 81' lang='lat' dir='ltr'>vox</span> <span class='ocrx_word' id='word_1_131' title='bbox 1521 1958 1615 1996; x_wconf 88' lang='lat' dir='ltr'>sed</span> <span class='ocrx_word' id='word_1_132' title='bbox 1644 1958 1751 2007; x_wconf 86' lang='lat' dir='ltr'>(set),</span> 
     </span>
     <span class='ocr_line' id='line_1_20' title="bbox 194 2031 1410 2082; baseline 0 -11"><span class='ocrx_word' id='word_1_133' title='bbox 194 2031 345 2071; x_wconf 90' lang='lat' dir='ltr'>deinde</span> <span class='ocrx_word' id='word_1_134' title='bbox 377 2032 576 2072; x_wconf 88' lang='lat' dir='ltr'>adverbio</span> <span class='ocrx_word' id='word_1_135' title='bbox 608 2033 738 2072; x_wconf 88' lang='lat' dir='ltr'>hinc</span> <span class='ocrx_word' id='word_1_136' title='bbox 767 2043 921 2072; x_wconf 89' lang='lat' dir='ltr'>versus</span> <span class='ocrx_word' id='word_1_137' title='bbox 952 2034 1168 2081; x_wconf 88' lang='lat' dir='ltr'>utcunque</span> <span class='ocrx_word' id='word_1_138' title='bbox 1200 2033 1410 2082; x_wconf 82' lang='lat' dir='ltr'>expletus.</span> 
     </span>
    </p>
   </div>
   <div class='ocr_carea' id='block_1_7' title="bbox 733 2311 1218 2351">
    <p class='ocr_par' dir='ltr' id='par_1_9' title="bbox 733 2311 1218 2351">
     <span class='ocr_line' id='line_1_21' title="bbox 733 2311 1218 2351; baseline 0.004 -2"><span class='ocrx_word' id='word_1_139' title='bbox 733 2311 878 2351; x_wconf 77' lang='lat' dir='ltr'>Acrus</span> <span class='ocrx_word' id='word_1_140' title='bbox 910 2312 972 2350; x_wconf 89' lang='lat' dir='ltr'>III</span> <span class='ocrx_word' id='word_1_141' title='bbox 1005 2312 1148 2351; x_wconf 76' lang='lat' dir='ltr'>ScENA</span> <span class='ocrx_word' id='word_1_142' title='bbox 1180 2314 1218 2351; x_wconf 81' lang='lat'>5.</span> 
     </span>
    </p>
   </div>
   <div class='ocr_carea' id='block_1_8' title="bbox 194 2435 1754 3015">
    <p class='ocr_par' dir='ltr' id='par_1_10' title="bbox 194 2435 1754 2711">
     <span class='ocr_line' id='line_1_22' title="bbox 255 2435 1752 2487; baseline 0.002 -14"><span class='ocrx_word' id='word_1_143' title='bbox 255 2435 390 2484; x_wconf 85' lang='lat' dir='ltr'>Quem</span> <span class='ocrx_word' id='word_1_144' title='bbox 421 2435 610 2483; x_wconf 90' lang='lat' dir='ltr'>Antipho</span> <span class='ocrx_word' id='word_1_145' title='bbox 643 2435 978 2474; x_wconf 86' lang='lat' dir='ltr'>admirabundus</span> <span class='ocrx_word' id='word_1_146' title='bbox 1009 2446 1035 2474; x_wconf 91' lang='lat' dir='ltr'>a</span> <span class='ocrx_word' id='word_1_147' title='bbox 1065 2436 1225 2475; x_wconf 88' lang='lat' dir='ltr'>Thaide</span> <span class='ocrx_word' id='word_1_148' title='bbox 1258 2436 1375 2475; x_wconf 80' lang='lat' dir='ltr'>exire</span> <span class='ocrx_word' id='word_1_149' title='bbox 1402 2437 1580 2487; x_wconf 86' lang='lat' dir='ltr'>viderat,</span> <span class='ocrx_word' id='word_1_150' title='bbox 1610 2448 1752 2485; x_wconf 89' lang='lat' dir='ltr'>quem-</span> 
     </span>
     <span class='ocr_line' id='line_1_23' title="bbox 194 2510 1754 2566; baseline 0.002 -17"><span class='ocrx_word' id='word_1_151' title='bbox 194 2521 275 2566; x_wconf 68' lang='lat' dir='ltr'>que</span> <span class='ocrx_word' id='word_1_152' title='bbox 307 2511 395 2550; x_wconf 89' lang='lat' dir='ltr'>iam</span> <span class='ocrx_word' id='word_1_153' title='bbox 427 2521 449 2549; x_wconf 92' lang='lat' dir='ltr'>e</span> <span class='ocrx_word' id='word_1_154' title='bbox 481 2510 658 2549; x_wconf 89' lang='lat' dir='ltr'>latibulo</span> <span class='ocrx_word' id='word_1_155' title='bbox 690 2511 945 2561; x_wconf 80' lang='lat' dir='ltr'>speculatur,</span> <span class='ocrx_word' id='word_1_156' title='bbox 981 2511 1169 2551; x_wconf 84' lang='lat' dir='ltr'>Chaerea</span> <span class='ocrx_word' id='word_1_157' title='bbox 1196 2514 1274 2562; x_wconf 91' lang='lat' dir='ltr'>est,</span> <span class='ocrx_word' id='word_1_158' title='bbox 1304 2513 1479 2551; x_wconf 90' lang='lat' dir='ltr'>indutus</span> <span class='ocrx_word' id='word_1_159' title='bbox 1506 2513 1754 2552; x_wconf 88' lang='lat' dir='ltr'>etiamnunc</span> 
     </span>
     <span class='ocr_line' id='line_1_24' title="bbox 194 2586 1753 2638; baseline 0.001 -13"><span class='ocrx_word' id='word_1_160' title='bbox 194 2586 387 2625; x_wconf 88' lang='lat' dir='ltr'>Eunuchi</span> <span class='ocrx_word' id='word_1_161' title='bbox 418 2586 624 2625; x_wconf 87' lang='lat' dir='ltr'>vestibus.</span> <span class='ocrx_word' id='word_1_162' title='bbox 658 2586 853 2625; x_wconf 89' lang='lat' dir='ltr'>Primum</span> <span class='ocrx_word' id='word_1_163' title='bbox 885 2587 1041 2626; x_wconf 83' lang='lat' dir='ltr'>anxius</span> <span class='ocrx_word' id='word_1_164' title='bbox 1073 2587 1258 2637; x_wconf 86' lang='lat' dir='ltr'>respicit,</span> <span class='ocrx_word' id='word_1_165' title='bbox 1293 2588 1455 2638; x_wconf 89' lang='lat' dir='ltr'>deinde,</span> <span class='ocrx_word' id='word_1_166' title='bbox 1484 2588 1556 2627; x_wconf 91' lang='lat' dir='ltr'>ubi</span> <span class='ocrx_word' id='word_1_167' title='bbox 1582 2599 1608 2627; x_wconf 91' lang='lat' dir='ltr'>a</span> <span class='ocrx_word' id='word_1_168' title='bbox 1633 2590 1753 2637; x_wconf 88' lang='lat' dir='ltr'>tergo</span> 
     </span>
     <span class='ocr_line' id='line_1_25' title="bbox 195 2661 1285 2711; baseline 0.001 -11"><span class='ocrx_word' id='word_1_169' title='bbox 195 2662 290 2700; x_wconf 91' lang='lat' dir='ltr'>tuta</span> <span class='ocrx_word' id='word_1_170' title='bbox 320 2661 439 2700; x_wconf 84' lang='lat' dir='ltr'>videt</span> <span class='ocrx_word' id='word_1_171' title='bbox 470 2661 627 2710; x_wconf 89' lang='lat' dir='ltr'>omnia,</span> <span class='ocrx_word' id='word_1_172' title='bbox 662 2661 816 2710; x_wconf 86' lang='lat' dir='ltr'>gaudio</span> <span class='ocrx_word' id='word_1_173' title='bbox 848 2662 1092 2700; x_wconf 80' lang='lat' dir='ltr'>exclamare</span> <span class='ocrx_word' id='word_1_174' title='bbox 1124 2662 1285 2711; x_wconf 87' lang='lat' dir='ltr'>incipit.</span> 
     </span>
    </p>

    <p class='ocr_par' dir='ltr' id='par_1_11' title="bbox 195 2736 1754 2851">
     <span class='ocr_line' id='line_1_26' title="bbox 253 2736 1754 2786; baseline 0.002 -11"><span class='ocrx_word' id='word_1_175' title='bbox 253 2747 317 2775; x_wconf 89' lang='lat' dir='ltr'>vs.</span> <span class='ocrx_word' id='word_1_176' title='bbox 362 2737 460 2775; x_wconf 84' lang='lat'>549.</span> <span class='ocrx_word' id='word_1_177' title='bbox 503 2736 668 2775; x_wconf 87' lang='lat' dir='ltr'>Nemo</span> <span class='ocrx_word' id='word_1_178' title='bbox 710 2737 943 2776; x_wconf 91' lang='lat' dir='ltr'>homost.</span> <span class='ocrx_word' id='word_1_179' title='bbox 988 2737 1094 2786; x_wconf 82' lang='lat' dir='ltr'>Quid</span> <span class='ocrx_word' id='word_1_180' title='bbox 1136 2738 1218 2776; x_wconf 89' lang='lat' dir='ltr'>sibi</span> <span class='ocrx_word' id='word_1_181' title='bbox 1259 2738 1344 2777; x_wconf 87' lang='lat' dir='ltr'>ista</span> <span class='ocrx_word' id='word_1_182' title='bbox 1384 2738 1612 2778; x_wconf 87' lang='lat' dir='ltr'>verborum</span> <span class='ocrx_word' id='word_1_183' title='bbox 1648 2739 1754 2778; x_wconf 87' lang='lat' dir='ltr'>velit</span> 
     </span>
     <span class='ocr_line' id='line_1_27' title="bbox 195 2807 684 2851; baseline 0 -1"><span class='ocrx_word' id='word_1_184' title='bbox 195 2812 368 2851; x_wconf 87' lang='lat' dir='ltr'>ubertas</span> <span class='ocrx_word' id='word_1_185' title='bbox 400 2812 500 2850; x_wconf 89' lang='lat' dir='ltr'>alibi</span> <span class='ocrx_word' id='word_1_186' title='bbox 531 2807 684 2851; x_wconf 89' lang='lat' dir='ltr'>dicam.</span> 
     </span>
    </p>

    <p class='ocr_par' dir='ltr' id='par_1_12' title="bbox 196 2886 1753 3015">
     <span class='ocr_line' id='line_1_28' title="bbox 254 2886 1753 2937; baseline 0.003 -12"><span class='ocrx_word' id='word_1_187' title='bbox 254 2886 426 2937; x_wconf 85' lang='lat' dir='ltr'>Deinde,</span> <span class='ocrx_word' id='word_1_188' title='bbox 454 2897 622 2926; x_wconf 90' lang='lat' dir='ltr'>memor</span> <span class='ocrx_word' id='word_1_189' title='bbox 649 2887 782 2926; x_wconf 90' lang='lat' dir='ltr'>etiam</span> <span class='ocrx_word' id='word_1_190' title='bbox 809 2897 939 2936; x_wconf 90' lang='lat' dir='ltr'>quam</span> <span class='ocrx_word' id='word_1_191' title='bbox 966 2888 1269 2937; x_wconf 89' lang='lat' dir='ltr'>intempestive</span> <span class='ocrx_word' id='word_1_192' title='bbox 1295 2890 1422 2929; x_wconf 90' lang='lat' dir='ltr'>modo</span> <span class='ocrx_word' id='word_1_193' title='bbox 1448 2900 1494 2928; x_wconf 86' lang='lat' dir='ltr'>se</span> <span class='ocrx_word' id='word_1_194' title='bbox 1511 2892 1753 2930; x_wconf 85' lang='lat' dir='ltr'>remoratus</span> 
     </span>
     <span class='ocr_line' id='line_1_29' title="bbox 196 2961 1671 3015; baseline 0 -11"><span class='ocrx_word' id='word_1_195' title='bbox 196 2961 254 3004; x_wconf 77' lang='lat' dir='ltr'>Sit</span> <span class='ocrx_word' id='word_1_196' title='bbox 285 2972 419 3006; x_wconf 82' lang='lat' dir='ltr'>senex</span> <span class='ocrx_word' id='word_1_197' title='bbox 450 2962 521 3001; x_wconf 89' lang='lat' dir='ltr'>ille</span> <span class='ocrx_word' id='word_1_198' title='bbox 553 2962 867 3015; x_wconf 87' lang='lat' dir='ltr'>Achidemides,</span> <span class='ocrx_word' id='word_1_199' title='bbox 901 2973 1049 3005; x_wconf 85' lang='lat' dir='ltr'>secum</span> <span class='ocrx_word' id='word_1_200' title='bbox 1081 2963 1271 3015; x_wconf 87' lang='lat' dir='ltr'>queritur</span> <span class='ocrx_word' id='word_1_201' title='bbox 1303 2967 1380 3012; x_wconf 75' lang='lat' dir='ltr'>(vs,</span> <span class='ocrx_word' id='word_1_202' title='bbox 1415 2966 1499 3006; x_wconf 82' lang='lat'>553</span> <span class='ocrx_word' id='word_1_203' title='bbox 1532 2968 1671 3015; x_wconf 86' lang='lat' dir='ltr'>sqq.):</span> 
     </span>
    </p>
   </div>
  </div>
 </body>
</html>
