<?xml version="1.0" encoding="UTF-8"?>
<!DOCTYPE html PUBLIC "-//W3C//DTD XHTML 1.0 Transitional//EN"
    "http://www.w3.org/TR/xhtml1/DTD/xhtml1-transitional.dtd">
<html xmlns="http://www.w3.org/1999/xhtml" xml:lang="en" lang="en">
 <head>
  <title>
</title>
<meta http-equiv="Content-Type" content="text/html;charset=utf-8" />
  <meta name='ocr-system' content='tesseract 3.04.00' />
  <meta name='ocr-capabilities' content='ocr_page ocr_carea ocr_par ocr_line ocrx_word'/>
</head>
<body>
  <div class='ocr_page' id='page_1' title='image "./dehoratiopota00hartuoft_0202.png"; bbox 0 0 2034 3334; ppageno 0'>
   <div class='ocr_carea' id='block_1_1' title="bbox 1018 337 1102 379">
    <p class='ocr_par' dir='ltr' id='par_1_1' title="bbox 1018 337 1102 379">
     <span class='ocr_line' id='line_1_1' title="bbox 1018 337 1102 379; baseline 0.012 -1"><span class='ocrx_word' id='word_1_1' title='bbox 1018 337 1102 379; x_wconf 88' lang='grc'>194</span> 
     </span>
    </p>
   </div>
   <div class='ocr_carea' id='block_1_2' title="bbox 305 460 1811 1057">
    <p class='ocr_par' dir='ltr' id='par_1_2' title="bbox 305 460 1811 1057">
     <span class='ocr_line' id='line_1_2' title="bbox 365 460 1809 520; baseline 0.003 -16"><span class='ocrx_word' id='word_1_2' title='bbox 365 460 460 504; x_wconf 88' lang='lat' dir='ltr'>Hoc</span> <span class='ocrx_word' id='word_1_3' title='bbox 505 464 582 516; x_wconf 85' lang='lat' dir='ltr'>est,</span> <span class='ocrx_word' id='word_1_4' title='bbox 627 461 672 503; x_wconf 88' lang='lat' dir='ltr'>ni</span> <span class='ocrx_word' id='word_1_5' title='bbox 713 460 848 516; x_wconf 89' lang='lat' dir='ltr'>fallor,</span> <span class='ocrx_word' id='word_1_6' title='bbox 890 461 975 504; x_wconf 89' lang='lat' dir='ltr'>iam</span> <span class='ocrx_word' id='word_1_7' title='bbox 1016 473 1125 518; x_wconf 91' lang='lat' dir='ltr'>puer</span> <span class='ocrx_word' id='word_1_8' title='bbox 1164 464 1252 505; x_wconf 89' lang='lat' dir='ltr'>tam</span> <span class='ocrx_word' id='word_1_9' title='bbox 1283 461 1465 506; x_wconf 80' lang='lat' dir='ltr'>libenter</span> <span class='ocrx_word' id='word_1_10' title='bbox 1494 465 1641 520; x_wconf 70' lang='lat' dir='ltr'>poetas</span> <span class='ocrx_word' id='word_1_11' title='bbox 1672 466 1809 508; x_wconf 77' lang='lat' dir='ltr'>aetate</span> 
     </span>
     <span class='ocr_line' id='line_1_3' title="bbox 305 538 1810 596; baseline 0.001 -14"><span class='ocrx_word' id='word_1_12' title='bbox 305 540 487 582; x_wconf 83' lang='lat' dir='ltr'>maiores</span> <span class='ocrx_word' id='word_1_13' title='bbox 534 538 726 595; x_wconf 81' lang='lat' dir='ltr'>legebam</span> <span class='ocrx_word' id='word_1_14' title='bbox 770 539 1061 595; x_wconf 80' lang='lat' dir='ltr'>aequalesque</span> <span class='ocrx_word' id='word_1_15' title='bbox 1101 539 1340 595; x_wconf 82' lang='lat' dir='ltr'>audiebam,</span> <span class='ocrx_word' id='word_1_16' title='bbox 1371 543 1421 583; x_wconf 89' lang='lat' dir='ltr'>ut</span> <span class='ocrx_word' id='word_1_17' title='bbox 1452 540 1666 596; x_wconf 86' lang='lat' dir='ltr'>quidquid</span> <span class='ocrx_word' id='word_1_18' title='bbox 1695 543 1810 584; x_wconf 86' lang='lat' dir='ltr'>esset</span> 
     </span>
     <span class='ocr_line' id='line_1_4' title="bbox 306 614 1810 673; baseline 0.003 -16"><span class='ocrx_word' id='word_1_19' title='bbox 306 628 512 658; x_wconf 85' lang='lat' dir='ltr'>versuum</span> <span class='ocrx_word' id='word_1_20' title='bbox 541 616 745 658; x_wconf 89' lang='lat' dir='ltr'>memoria</span> <span class='ocrx_word' id='word_1_21' title='bbox 766 618 968 660; x_wconf 87' lang='lat' dir='ltr'>tenerem.</span> <span class='ocrx_word' id='word_1_22' title='bbox 986 614 1340 673; x_wconf 83' lang='lat' dir='ltr'>Quotiescunque</span> <span class='ocrx_word' id='word_1_23' title='bbox 1355 629 1454 673; x_wconf 87' lang='lat' dir='ltr'>ergo</span> <span class='ocrx_word' id='word_1_24' title='bbox 1471 617 1578 659; x_wconf 91' lang='lat' dir='ltr'>mihi</span> <span class='ocrx_word' id='word_1_25' title='bbox 1594 617 1810 673; x_wconf 80' lang='lat' dir='ltr'>eleganter</span> 
     </span>
     <span class='ocr_line' id='line_1_5' title="bbox 306 692 1807 749; baseline 0.002 -14"><span class='ocrx_word' id='word_1_26' title='bbox 306 692 468 749; x_wconf 90' lang='lat' dir='ltr'>aliquid</span> <span class='ocrx_word' id='word_1_27' title='bbox 517 692 744 735; x_wconf 86' lang='lat' dir='ltr'>dicendum</span> <span class='ocrx_word' id='word_1_28' title='bbox 787 696 878 736; x_wconf 86' lang='lat' dir='ltr'>erat</span> <span class='ocrx_word' id='word_1_29' title='bbox 919 693 1061 736; x_wconf 86' lang='lat' dir='ltr'>statim</span> <span class='ocrx_word' id='word_1_30' title='bbox 1096 692 1274 736; x_wconf 87' lang='lat' dir='ltr'>aderant</span> <span class='ocrx_word' id='word_1_31' title='bbox 1306 692 1514 736; x_wconf 85' lang='lat' dir='ltr'>vocabula</span> <span class='ocrx_word' id='word_1_32' title='bbox 1548 694 1807 738; x_wconf 82' lang='lat' dir='ltr'>hexametris</span> 
     </span>
     <span class='ocr_line' id='line_1_6' title="bbox 306 769 1811 827; baseline 0.002 -15"><span class='ocrx_word' id='word_1_33' title='bbox 306 770 668 826; x_wconf 85' lang='lat' dir='ltr'>pentametrisque</span> <span class='ocrx_word' id='word_1_34' title='bbox 715 771 948 827; x_wconf 85' lang='lat' dir='ltr'>aptissima,</span> <span class='ocrx_word' id='word_1_35' title='bbox 997 771 1060 813; x_wconf 87' lang='lat' dir='ltr'>sic</span> <span class='ocrx_word' id='word_1_36' title='bbox 1101 773 1252 827; x_wconf 88' lang='lat' dir='ltr'>sponte</span> <span class='ocrx_word' id='word_1_37' title='bbox 1293 774 1336 814; x_wconf 88' lang='lat' dir='ltr'>et</span> <span class='ocrx_word' id='word_1_38' title='bbox 1366 771 1459 814; x_wconf 89' lang='lat' dir='ltr'>sine</span> <span class='ocrx_word' id='word_1_39' title='bbox 1490 770 1578 814; x_wconf 91' lang='lat' dir='ltr'>ullo</span> <span class='ocrx_word' id='word_1_40' title='bbox 1608 769 1754 814; x_wconf 85' lang='lat' dir='ltr'>labore</span> <span class='ocrx_word' id='word_1_41' title='bbox 1785 783 1811 815; x_wconf 87' lang='lat' dir='ltr'>e</span> 
     </span>
     <span class='ocr_line' id='line_1_7' title="bbox 307 845 1810 904; baseline 0.001 -15"><span class='ocrx_word' id='word_1_42' title='bbox 307 847 529 889; x_wconf 81' lang='lat' dir='ltr'>sententiis</span> <span class='ocrx_word' id='word_1_43' title='bbox 574 847 682 889; x_wconf 90' lang='lat' dir='ltr'>meis</span> <span class='ocrx_word' id='word_1_44' title='bbox 729 859 880 890; x_wconf 85' lang='lat' dir='ltr'>versus</span> <span class='ocrx_word' id='word_1_45' title='bbox 925 845 1096 889; x_wconf 87' lang='lat' dir='ltr'>fiebant.</span> <span class='ocrx_word' id='word_1_46' title='bbox 1142 845 1214 889; x_wconf 87' lang='lat' dir='ltr'>Nil</span> <span class='ocrx_word' id='word_1_47' title='bbox 1261 849 1479 904; x_wconf 86' lang='lat' dir='ltr'>praeterea</span> <span class='ocrx_word' id='word_1_48' title='bbox 1519 846 1572 889; x_wconf 89' lang='lat' dir='ltr'>ad</span> <span class='ocrx_word' id='word_1_49' title='bbox 1613 847 1736 890; x_wconf 82' lang='lat' dir='ltr'>hanc.</span> <span class='ocrx_word' id='word_1_50' title='bbox 1756 846 1810 891; x_wconf 85' lang='lat' dir='ltr'>de</span> 
     </span>
     <span class='ocr_line' id='line_1_8' title="bbox 307 921 1810 979; baseline 0.001 -14"><span class='ocrx_word' id='word_1_51' title='bbox 307 921 451 965; x_wconf 88' lang='lat' dir='ltr'>Ovidii</span> <span class='ocrx_word' id='word_1_52' title='bbox 491 923 727 965; x_wconf 82' lang='lat' dir='ltr'>imitatione</span> <span class='ocrx_word' id='word_1_53' title='bbox 769 922 1006 966; x_wconf 84' lang='lat' dir='ltr'>Horatiana</span> <span class='ocrx_word' id='word_1_54' title='bbox 1049 923 1340 979; x_wconf 89' lang='lat' dir='ltr'>quaestionem</span> <span class='ocrx_word' id='word_1_55' title='bbox 1374 922 1654 966; x_wconf 87' lang='lat' dir='ltr'>dirimendam</span> <span class='ocrx_word' id='word_1_56' title='bbox 1671 923 1810 967; x_wconf 83' lang='lat' dir='ltr'>afferi·</span> 
     </span>
     <span class='ocr_line' id='line_1_9' title="bbox 306 999 1072 1057; baseline -0.001 -14"><span class='ocrx_word' id='word_1_57' title='bbox 306 1013 405 1043; x_wconf 86' lang='lat' dir='ltr'>mus</span> <span class='ocrx_word' id='word_1_58' title='bbox 436 1004 603 1057; x_wconf 88' lang='lat' dir='ltr'>praeter</span> <span class='ocrx_word' id='word_1_59' title='bbox 633 1000 906 1043; x_wconf 82' lang='lat' dir='ltr'>notissimum</span> <span class='ocrx_word' id='word_1_60' title='bbox 938 999 1072 1043; x_wconf 86' lang='lat' dir='ltr'>illud:</span> 
     </span>
    </p>
   </div>
   <div class='ocr_carea' id='block_1_3' title="bbox 483 1107 1604 1152">
    <p class='ocr_par' dir='ltr' id='par_1_3' title="bbox 483 1107 1604 1152">
     <span class='ocr_line' id='line_1_10' title="bbox 483 1107 1604 1152; baseline -0.001 0"><span class='ocrx_word' id='word_1_61' title='bbox 483 1108 540 1152; x_wconf 85' lang='lat' dir='ltr'>Et</span> <span class='ocrx_word' id='word_1_62' title='bbox 570 1109 711 1152; x_wconf 86' lang='lat' dir='ltr'>tenuit</span> <span class='ocrx_word' id='word_1_63' title='bbox 742 1113 910 1152; x_wconf 89' lang='lat' dir='ltr'>nostras</span> <span class='ocrx_word' id='word_1_64' title='bbox 942 1121 1199 1152; x_wconf 86' lang='lat' dir='ltr'>numerosus</span> <span class='ocrx_word' id='word_1_65' title='bbox 1229 1107 1435 1152; x_wconf 85' lang='lat' dir='ltr'>Horatius</span> <span class='ocrx_word' id='word_1_66' title='bbox 1468 1121 1604 1152; x_wconf 88' lang='lat' dir='ltr'>aures.</span> 
     </span>
    </p>
   </div>
   <div class='ocr_carea' id='block_1_4' title="bbox 304 1225 1809 1742">
    <p class='ocr_par' dir='ltr' id='par_1_4' title="bbox 304 1225 1809 1742">
     <span class='ocr_line' id='line_1_11' title="bbox 365 1225 1809 1284; baseline 0 -15"><span class='ocrx_word' id='word_1_67' title='bbox 365 1226 479 1283; x_wconf 85' lang='lat' dir='ltr'>Ergo</span> <span class='ocrx_word' id='word_1_68' title='bbox 523 1226 755 1270; x_wconf 89' lang='lat' dir='ltr'>Horatium</span> <span class='ocrx_word' id='word_1_69' title='bbox 799 1240 974 1284; x_wconf 90' lang='lat' dir='ltr'>quoque</span> <span class='ocrx_word' id='word_1_70' title='bbox 1015 1227 1181 1270; x_wconf 87' lang='lat' dir='ltr'>audivit</span> <span class='ocrx_word' id='word_1_71' title='bbox 1211 1240 1318 1284; x_wconf 88' lang='lat' dir='ltr'>puer</span> <span class='ocrx_word' id='word_1_72' title='bbox 1349 1226 1543 1283; x_wconf 86' lang='lat' dir='ltr'>Ovidius,</span> <span class='ocrx_word' id='word_1_73' title='bbox 1573 1226 1705 1270; x_wconf 87' lang='lat' dir='ltr'>latina</span> <span class='ocrx_word' id='word_1_74' title='bbox 1736 1225 1809 1269; x_wconf 85' lang='lat' dir='ltr'>illa</span> 
     </span>
     <span class='ocr_line' id='line_1_12' title="bbox 306 1303 1808 1360; baseline 0 -14"><span class='ocrx_word' id='word_1_75' title='bbox 306 1304 545 1346; x_wconf 87' lang='lat' dir='ltr'>carminum</span> <span class='ocrx_word' id='word_1_76' title='bbox 595 1303 854 1347; x_wconf 81' lang='lat' dir='ltr'>Graecorum</span> <span class='ocrx_word' id='word_1_77' title='bbox 897 1305 1079 1347; x_wconf 86' lang='lat' dir='ltr'>imitatio</span> <span class='ocrx_word' id='word_1_78' title='bbox 1123 1316 1248 1347; x_wconf 87' lang='lat' dir='ltr'>aures</span> <span class='ocrx_word' id='word_1_79' title='bbox 1279 1304 1372 1347; x_wconf 83' lang='lat' dir='ltr'>eius</span> <span class='ocrx_word' id='word_1_80' title='bbox 1405 1303 1651 1360; x_wconf 82' lang='lat' dir='ltr'>permulsit3</span> <span class='ocrx_word' id='word_1_81' title='bbox 1684 1315 1808 1346; x_wconf 84' lang='lat' dir='ltr'>voca-</span> 
     </span>
     <span class='ocr_line' id='line_1_13' title="bbox 305 1380 1809 1437; baseline 0.001 -15"><span class='ocrx_word' id='word_1_82' title='bbox 305 1380 407 1423; x_wconf 91' lang='lat' dir='ltr'>bula</span> <span class='ocrx_word' id='word_1_83' title='bbox 449 1384 499 1423; x_wconf 86' lang='lat' dir='ltr'>ut</span> <span class='ocrx_word' id='word_1_84' title='bbox 539 1385 660 1424; x_wconf 90' lang='lat' dir='ltr'>erant</span> <span class='ocrx_word' id='word_1_85' title='bbox 699 1380 752 1423; x_wconf 93' lang='lat' dir='ltr'>ab</span> <span class='ocrx_word' id='word_1_86' title='bbox 793 1380 971 1424; x_wconf 85' lang='lat' dir='ltr'>Horatio</span> <span class='ocrx_word' id='word_1_87' title='bbox 1003 1381 1237 1437; x_wconf 85' lang='lat' dir='ltr'>composita</span> <span class='ocrx_word' id='word_1_88' title='bbox 1268 1381 1558 1437; x_wconf 87' lang='lat' dir='ltr'>dispositaque</span> <span class='ocrx_word' id='word_1_89' title='bbox 1587 1381 1633 1423; x_wconf 91' lang='lat' dir='ltr'>in</span> <span class='ocrx_word' id='word_1_90' title='bbox 1666 1382 1809 1423; x_wconf 88' lang='lat' dir='ltr'>mente</span> 
     </span>
     <span class='ocr_line' id='line_1_14' title="bbox 305 1456 1808 1513; baseline 0 -14"><span class='ocrx_word' id='word_1_91' title='bbox 305 1457 398 1500; x_wconf 87' lang='lat' dir='ltr'>eius</span> <span class='ocrx_word' id='word_1_92' title='bbox 430 1457 708 1500; x_wconf 87' lang='lat' dir='ltr'>inhaeserunt</span> <span class='ocrx_word' id='word_1_93' title='bbox 739 1462 781 1500; x_wconf 87' lang='lat' dir='ltr'>et</span> <span class='ocrx_word' id='word_1_94' title='bbox 811 1457 991 1500; x_wconf 85' lang='lat' dir='ltr'>fortasse</span> <span class='ocrx_word' id='word_1_95' title='bbox 1022 1457 1238 1500; x_wconf 89' lang='lat' dir='ltr'>interdum</span> <span class='ocrx_word' id='word_1_96' title='bbox 1271 1458 1306 1500; x_wconf 86' lang='lat' dir='ltr'>ei</span> <span class='ocrx_word' id='word_1_97' title='bbox 1338 1457 1390 1500; x_wconf 90' lang='lat' dir='ltr'>de</span> <span class='ocrx_word' id='word_1_98' title='bbox 1416 1456 1596 1500; x_wconf 87' lang='lat' dir='ltr'>Horatio</span> <span class='ocrx_word' id='word_1_99' title='bbox 1623 1469 1678 1500; x_wconf 90' lang='lat' dir='ltr'>ne</span> <span class='ocrx_word' id='word_1_100' title='bbox 1694 1457 1808 1513; x_wconf 87' lang='lat' dir='ltr'>cogi-</span> 
     </span>
     <span class='ocr_line' id='line_1_15' title="bbox 305 1532 1806 1589; baseline 0 -13"><span class='ocrx_word' id='word_1_101' title='bbox 305 1534 414 1576; x_wconf 86' lang='lat' dir='ltr'>tanti</span> <span class='ocrx_word' id='word_1_102' title='bbox 461 1534 635 1589; x_wconf 92' lang='lat' dir='ltr'>quidem</span> <span class='ocrx_word' id='word_1_103' title='bbox 681 1534 945 1577; x_wconf 84' lang='lat' dir='ltr'>exciderunt.</span> <span class='ocrx_word' id='word_1_104' title='bbox 992 1533 1103 1576; x_wconf 87' lang='lat' dir='ltr'>Nam</span> <span class='ocrx_word' id='word_1_105' title='bbox 1145 1532 1349 1576; x_wconf 88' lang='lat' dir='ltr'>Ovidium</span> <span class='ocrx_word' id='word_1_106' title='bbox 1391 1537 1433 1576; x_wconf 88' lang='lat' dir='ltr'>et</span> <span class='ocrx_word' id='word_1_107' title='bbox 1472 1533 1647 1576; x_wconf 87' lang='lat' dir='ltr'>aliunde</span> <span class='ocrx_word' id='word_1_108' title='bbox 1676 1537 1806 1576; x_wconf 83' lang='lat' dir='ltr'>etex</span> 
     </span>
     <span class='ocr_line' id='line_1_16' title="bbox 304 1608 1806 1666; baseline 0.001 -15"><span class='ocrx_word' id='word_1_109' title='bbox 304 1608 483 1652; x_wconf 88' lang='lat' dir='ltr'>Horatio</span> <span class='ocrx_word' id='word_1_110' title='bbox 515 1610 665 1653; x_wconf 87' lang='lat' dir='ltr'>sedulo</span> <span class='ocrx_word' id='word_1_111' title='bbox 698 1611 915 1653; x_wconf 89' lang='lat' dir='ltr'>materiem</span> <span class='ocrx_word' id='word_1_112' title='bbox 949 1610 1216 1666; x_wconf 85' lang='lat' dir='ltr'>colligentem</span> <span class='ocrx_word' id='word_1_113' title='bbox 1248 1609 1410 1666; x_wconf 88' lang='lat' dir='ltr'>fingere</span> <span class='ocrx_word' id='word_1_114' title='bbox 1440 1614 1482 1652; x_wconf 90' lang='lat' dir='ltr'>et</span> <span class='ocrx_word' id='word_1_115' title='bbox 1514 1622 1630 1652; x_wconf 87' lang='lat' dir='ltr'>nunc</span> <span class='ocrx_word' id='word_1_116' title='bbox 1656 1608 1806 1652; x_wconf 86' lang='lat' dir='ltr'>absur-</span> 
     </span>
     <span class='ocr_line' id='line_1_17' title="bbox 306 1685 1408 1742; baseline 0 -14"><span class='ocrx_word' id='word_1_117' title='bbox 306 1685 532 1728; x_wconf 87' lang='lat' dir='ltr'>dissimum</span> <span class='ocrx_word' id='word_1_118' title='bbox 564 1687 669 1729; x_wconf 91' lang='lat' dir='ltr'>mihi</span> <span class='ocrx_word' id='word_1_119' title='bbox 701 1687 871 1730; x_wconf 88' lang='lat' dir='ltr'>videtur</span> <span class='ocrx_word' id='word_1_120' title='bbox 902 1690 945 1729; x_wconf 89' lang='lat' dir='ltr'>et</span> <span class='ocrx_word' id='word_1_121' title='bbox 976 1699 1143 1742; x_wconf 87' lang='lat' dir='ltr'>semper</span> <span class='ocrx_word' id='word_1_122' title='bbox 1180 1686 1408 1729; x_wconf 85' lang='lat' dir='ltr'>videbitur.</span> 
     </span>
    </p>
   </div>
   <div class='ocr_carea' id='block_1_5' title="bbox 1967 0 2034 3334">
    <p class='ocr_par' dir='ltr' id='par_1_5' title="bbox 1967 0 2034 3334">
     <span class='ocr_line' id='line_1_18' title="bbox 1967 0 2034 3334; baseline 0 0"><span class='ocrx_word' id='word_1_123' title='bbox 1967 0 2034 3334; x_wconf 95' lang='lat' dir='ltr'> </span> 
     </span>
    </p>
   </div>
  </div>
 </body>
</html>
