2034 3334
1014 354 1097 396 186

355 479 475 522 Nihil
507 492 608 536 ergo
642 492 722 523 nos
753 478 926 523 eredere
957 478 1081 536 cogit
1101 477 1412 522 Horatianum:

721 587 850 632 Farre
880 589 951 646 pio
984 591 1026 632 et
1059 588 1237 632 saliente
1267 589 1377 632 mica

300 698 353 742 ab
386 697 541 743 Ovidio
574 711 827 755 expressum
858 711 963 742 esse.
997 697 1057 742 cf.
1086 701 1316 755 praeterea,
1342 701 1392 742 ut
1418 711 1549 755 quam
1565 697 1807 742 communis

299 775 369 818 hic
400 775 538 831 poetis
569 775 716 818 latinis
747 774 876 819 fuerit
906 775 1030 818 locus
1059 775 1219 830 videas,
1250 773 1521 832 pseudo-Tib.
1553 774 1630 830 IV,
1659 774 1698 830 1,
1726 774 1807 819 14:

483 883 708 942 Parvaque
739 884 943 928 caelestes
974 883 1162 941 placavit
1194 884 1315 927 mica.

362 995 418 1040 Et
458 996 663 1052 quoniam
704 995 837 1039 semel
872 994 1031 1038 Tibulli
1061 998 1103 1038 et
1131 994 1343 1052 Lygdami
1374 994 1503 1037 inieci
1534 994 1809 1050 mentionem,

301 1073 432 1116 huius
479 1085 559 1130 ope
603 1072 722 1116 illius
769 1085 943 1115 versum
986 1071 1213 1115 emendare
1231 1072 1235 1077 ’
1253 1070 1451 1115 conabor.
1482 1069 1660 1127 Legitur
1689 1070 1807 1116 enim

300 1149 390 1192 Tib.
421 1148 478 1205 II,
509 1150 549 1204 5,
583 1149 667 1191 102
700 1162 787 1205 sq.:

482 1257 655 1314 Ingeret
684 1257 754 1300 hic
785 1261 912 1314 potus
944 1258 1114 1300 iuvenis
1148 1257 1371 1300 maledieta
1402 1257 1571 1314 puellae

540 1333 772 1376 Postmodo
805 1346 916 1390 quae
948 1334 1060 1376 votis
1090 1334 1209 1376 irrita
1240 1333 1353 1376 fac-ta
1380 1333 1499 1376 velit.

363 1435 478 1487 Quid
525 1435 735 1479 vocabulo
784 1436 934 1478 votis
978 1435 1219 1478 faciamus?
1259 1435 1425 1492 Nempe
1456 1436 1517 1478 ita
1547 1435 1808 1492 accipiamus

302 1516 352 1556 ut
392 1513 563 1556 iuvenis
604 1514 832 1569 precari
863 1512 1042 1555 dicatur.
1075 1512 1171 1567 Sed,
1203 1513 1241 1555 si
1274 1512 1381 1569 quid
1410 1512 1547 1567 video,
1580 1510 1810 1568 subinepta

301 1590 363 1633 sio
410 1590 604 1632 nascitur
650 1590 882 1632 sententia:
931 1602 1058 1632 nemo
1102 1590 1215 1632 enim
1247 1603 1272 1631 a
1303 1589 1384 1631 diis
1417 1586 1731 1631 immortalibus
1763 1586 1808 1630 τὸ

301 1665 493 1708 ἀδύνατον
523 1669 734 1722 precatur,
762 1678 887 1708 nemo
919 1665 1016 1708 illos
1047 1665 1158 1708 facta
1185 1665 1343 1708 infecta
1370 1664 1613 1707 reddituros
1630 1676 1808 1721 exspec-

302 1747 392 1786 tare
433 1746 580 1798 potest.
625 1741 874 1798 Legendum
907 1755 1008 1798 ergo
1040 1755 1117 1798 pro
1151 1742 1304 1784 votis
1335 1754 1488 1785 censeo
1522 1741 1726 1796 ventis,
1757 1743 1808 1784 ut

303 1819 420 1862 venti
466 1819 664 1862 dicantur
709 1818 932 1862 maledicta
978 1818 1050 1860 illa
1091 1831 1237 1861 secum
1279 1818 1400 1861 ferre.
1445 1816 1504 1860 cf.
1535 1816 1670 1874 Lygd.
1702 1816 1806 1869 (Tib.

304 1896 383 1950 111,
415 1896 453 1948 6,
487 1896 582 1950 50):

869 1972 1055 2028 periuria
1087 1972 1198 2015 ridet
1228 1976 1451 2015 amantum

600 2049 794 2105 Iuppiter
826 2052 868 2092 et
898 2052 1051 2092 ventos
1081 2050 1201 2092 irrita
1231 2049 1343 2092 ferre
1377 2048 1508 2092 iubet.

364 2159 419 2202 Et
451 2159 646 2202 Catullus
681 2159 749 2213 30,
784 2160 810 2201 9
842 2173 929 2215 sq.:

424 2261 542 2303 Idem
574 2274 691 2303 nuno
723 2260 903 2303 retrahis
934 2263 974 2303 te
1005 2273 1054 2302 ac
1085 2263 1162 2302 tua
1194 2260 1306 2302 diota
1343 2260 1487 2302 omnia
1517 2259 1714 2315 factaque

423 2336 587 2379 Ventos
618 2337 740 2379 irrita
769 2337 879 2380 ferre
911 2350 960 2379 ac
992 2336 1173 2379 nebulas
1205 2337 1340 2379 aerias
1374 2336 1492 2378 sinis.

365 2446 494 2488 Haud
537 2446 665 2489 dubie
708 2446 880 2502 quidem
926 2446 1080 2489 melius
1112 2446 1316 2488 dicuntur
1347 2445 1464 2488 venti
1498 2445 1609 2487 diota
1640 2444 1814 2488 irrita

302 2515 457 2566 ferre
490 2537 618 2578 quam
650 2523 821 2565 irrita
852 2522 905 2564 fa
921 2535 1070 2576 cere,
1097 2522 1172 2565 sed
1191 2525 1334 2565 tamen
1354 2535 1494 2578 neque
1509 2522 1590 2565 hoc
1607 2523 1811 2566 vitiosum

364 2666 538 2721 Legitur
566 2666 679 2722 apud
712 2665 938 2708 Horatium
971 2665 1065 2720 (III,
1101 2666 1169 2720 22,
1203 2666 1245 2719 2)
1277 2665 1330 2708 de
1360 2663 1521 2707 Diana:

664 2774 781 2825 Quae
811 2775 1052 2817 laborantes
1088 2777 1209 2817 utero
1240 2774 1405 2831 puellas

662 2852 741 2893 Ter
773 2857 922 2895 vocata
955 2852 1078 2895 audis
