2034 3334
180 1254 183 1257 ⁴
234 1244 467 1284 observari.

991 435 1048 475 44

355 560 436 600 Sed
469 559 746 600 neminemne
779 560 998 601 curiosum
1030 559 1291 601 intervenire
1322 569 1436 600 nunc
1465 551 1575 600 mihi

355 635 434 686 Qui
465 646 537 676 me
568 637 775 685 sequatur
804 645 973 686 quoquo
1005 646 1116 686 eam,
1149 635 1373 688 rogitando
1403 635 1625 687 obtundat,
1648 635 1803 687 enicet,

355 711 462 762 Quid
489 711 676 762 gestiam
704 696 780 752 aut
805 711 912 762 quid
932 711 1075 752 laetus
1099 711 1199 763 sim,
1227 721 1311 762 quo
1330 721 1522 763 pergam,
1539 711 1654 753 unde
1668 721 1803 753 emer-
1827 699 1833 702 ’

1365 790 1496 839 [gam,
1529 787 1602 828 ubi
1631 787 1744 828 siem

354 863 574 903 Vestitum
601 863 716 904 hunc
745 866 911 914 nactus,
941 864 1041 913 quid
1068 863 1177 904 mihi
1203 873 1422 915 quaeram,
1440 873 1574 904 sanus
1589 863 1676 904 sim
1691 873 1804 905 anne

1487 938 1742 987 [insaniami

235 1015 315 1055 Hic
363 1026 463 1056 eum
505 1015 737 1065 alloquitur
777 1015 980 1066 Antipho,
1024 1017 1165 1067 atque,
1210 1015 1251 1056 id
1293 1015 1404 1065 quod
1445 1017 1562 1056 recte
1602 1015 1805 1057 observat

191 1113 198 1119 ·
234 1091 478 1132 Scholiasta
538 1092 627 1138 (sed
688 1092 822 1132 verba
877 1092 971 1132 eius
1025 1093 1130 1132 sunt
1185 1093 1411 1142 corrupta),
1463 1091 1603 1132 facete
1657 1091 1805 1133 omnia

233 1167 449 1208 Chaereae
475 1169 607 1208 verba
633 1167 801 1219 repetit,
829 1169 879 1208 ut
904 1168 1015 1209 sciat
1041 1167 1113 1208 ille
1139 1178 1187 1208 se
1213 1168 1466 1208 iamdudum
1488 1167 1541 1208 ab
1557 1167 1804 1219 Antiphone

292 1319 454 1360 Nactus
496 1331 596 1370 ergo
634 1320 706 1370 qui
738 1320 887 1360 audiat
917 1322 1135 1371 rogetque,
1169 1319 1222 1360 ab
1254 1319 1377 1360 initio
1409 1319 1463 1360 ad
1493 1318 1626 1360 finem
1656 1320 1806 1361 narrat

233 1395 424 1436 Chaerea
465 1407 679 1446 quaenam
721 1396 803 1436 sibi
845 1397 890 1437 in
930 1395 1107 1436 Thaidis
1135 1390 1326 1436 'aedibus
1367 1395 1570 1446 obtigerit
1602 1394 1801 1446 felicitas,

232 1472 463 1522 omniaque
504 1473 870 1523 quemadmodum
911 1474 1036 1523 gesta
1071 1474 1175 1512 sunt
1205 1473 1404 1513 accurate
1438 1469 1654 1512 describit.
1687 1470 1804 1522 Quae

233 1548 302 1588 hic
344 1550 538 1599 repetere
580 1548 680 1598 quid
716 1549 856 1599 opus?
886 1548 973 1588 Res
1004 1548 1121 1588 enim
1154 1548 1248 1598 ipsa
1277 1547 1467 1597 loquitur
1497 1548 1542 1587 et
1571 1548 1725 1597 sponte
1754 1557 1804 1588 se

232 1625 358 1665 offert
398 1625 437 1665 ei
479 1625 551 1674 qui
592 1623 741 1688 seme&
773 1624 938 1675 legerit.
982 1625 1064 1665 Sed
1106 1634 1242 1674 pauca
1282 1623 1380 1664 inde
1411 1623 1456 1663 in
1486 1622 1680 1663 medium
1711 1633 1802 1674 pro·

231 1701 472 1740 trahamus.
690 1674 715 1720 ι

291 1787 356 1816 vs.
390 1777 476 1816 569
509 1787 600 1826 sqq.

350 1852 453 1892 Erat
485 1853 659 1903 quidam
693 1853 927 1903 eunuchus,
961 1863 1091 1902 quem
1116 1853 1343 1910 'mercatus
1374 1852 1516 1892 fuerat
1546 1853 1680 1893 frater
1735 1842 1738 1849 ’

1619 1926 1801 1978 [Thaidi,

351 2005 496 2054 Neque
528 2005 566 2045 is
597 2005 806 2046 deductus
837 2005 971 2045 etiam
1003 2006 1099 2045 tum
1131 2004 1184 2044 ad
1216 2014 1337 2053 eam;
1371 2004 1624 2044 submonuit
1652 2013 1726 2044 me

1575 2079 1803 2128 [Parmeno

351 2157 413 2196 Ibi
445 2168 610 2207 servus,
645 2158 755 2207 quod
788 2167 866 2207 ego
898 2156 1070 2206 arripui.

233 2233 340 2272 Male
375 2244 446 2272 me
478 2234 608 2273 habet
640 2243 703 2272 vs.
738 2234 821 2273 571
857 2233 935 2272 ibi
967 2233 1037 2273 vel
1068 2233 1212 2289 potius
1244 2233 1364 2272 locus
1395 2232 1467 2272 ubi
1498 2230 1690 2281 positum
1721 2233 1802 2272 est.

233 2309 313 2353 (An
346 2309 455 2348 forte
487 2309 609 2348 eius
641 2319 700 2348 sc.
733 2309 1028 2355 Phaedriae?).

297 2384 454 2433 „Thais
487 2384 556 2423 ubi
588 2395 659 2424 me
691 2395 767 2434 pro
798 2384 1003 2424 Eunucho
1035 2384 1243 2434 accepit,’'

352 2459 638 2499 Commendat
668 2460 896 2509 virginem.
930 2460 1011 2503 An.
1046 2459 1186 2510 Quoi?
1218 2458 1384 2499 tibine?
1418 2456 1487 2498 Ch.
1521 2457 1637 2497 Mihi.

1233 2535 1331 2582 [An.
1366 2533 1483 2574 Satis
1513 2534 1608 2573 tuto
1639 2534 1800 2573 tamen.

238 2611 370 2660 „Quid
397 2611 468 2650 hic
493 2611 597 2651 facit
625 2613 871 2651 tamen?’'
899 2614 1023 2662 rogat
1049 2611 1303 2661 Scholiasta,
1332 2612 1375 2650 et
1400 2604 1596 2657 subiicit:
1629 2610 1802 2659 „utrum

233 2687 334 2725 hoc:
379 2686 459 2726 etsi
492 2687 701 2726 meretrix
733 2689 882 2727 tamen
914 2687 1023 2727 satis
1054 2688 1149 2727 tuto
1181 2686 1303 2736 agit?
1334 2686 1425 2725 An:
1458 2685 1541 2725 etsi
1572 2684 1799 2734 Chaereae,

234 2762 342 2800 satis
385 2763 478 2800 tuto
522 2763 681 2811 tamen,
727 2762 827 2810 quia
868 2763 1013 2802 nullus
1054 2762 1229 2801 accedet
1270 2760 1382 2800 alius
1392 2761 1441 2800 ?’'
1484 2760 1594 2799 Illud
1633 2758 1800 2802 malim.

234 2837 403 2885 Belgice
431 2838 494 2876 sic
520 2838 608 2877 fere
635 2839 891 2877 vertendum
918 2840 967 2877 ut
994 2837 1173 2878 ridentis
1199 2836 1459 2886 Antiphonis
1475 2846 1563 2875 vox
1579 2835 1799 2875 audiatur:

237 2912 341 2961 „Nu,
376 2912 449 2951 dat
480 2923 572 2951 was
604 2913 686 2951 dan
719 2913 818 2952 toch
851 2924 955 2953 voor
986 2914 1093 2952 haar
1123 2913 1232 2952 doen
1263 2922 1349 2961 nog
1373 2912 1415 2951 al
1441 2909 1708 2959 voorzichtig
1732 2920 1799 2960 ge·

233 2987 459 3027 handeld.”
495 2988 579 3029 Cf.:
615 2989 714 3029 huic
746 2989 927 3029 mandes
958 2988 1099 3041 siquid
1130 2989 1246 3030 recte
1278 2988 1477 3030 curatum
1511 2985 1631 3029 velis.
