2034 3334
997 201 1083 244 123

243 330 316 374 sed
350 331 500 386 utique
532 331 634 371 sunt
663 326 888 370 retinendi.
921 326 1222 370 Nax-rationem
1257 325 1307 368 de
1339 325 1654 382 aegrotantium
1687 323 1840 367 dolori-

245 403 324 446 bus
371 401 546 458 egregie
591 397 798 442 claudunt
844 400 887 440 et
933 411 1050 440 more
1097 396 1171 440 illo
1222 395 1430 439 Ovidiano
1479 395 1530 438 de
1577 409 1661 452 quo
1709 408 1837 451 supra

243 476 302 529 (p.
332 470 407 525 44)
435 471 641 521 diximus,
669 468 904 512 dummodo
932 469 1214 511 certissimam
1246 468 1502 524 recipiamus
1534 466 1667 509 Riesii
1696 480 1836 509 emen-

243 544 482 587 dationem:

424 613 707 668 Membraque
729 611 941 666 perdentis
972 610 1152 653 tendunt
1185 609 1238 652 ad
1270 609 1408 652 sidera
1440 608 1547 652 caeli

424 684 509 727 Hic
539 682 653 734 illic,
686 683 763 725 ubi
794 696 910 725 mors
943 680 1240 738 deprenderat,
1274 679 1520 723 exhalantes

241 770 316 813 pro
345 753 571 810 pendentis.
605 752 671 797 Of.
704 754 884 795 initium
917 753 1173 794 narrationis
1203 765 1286 794 vss.
1321 750 1409 793 528
1427 765 1487 807 sq.

423 825 641 880 Principio
674 823 824 866 caelum
856 824 993 879 spissa
1024 822 1207 879 caligine
1240 825 1374 864 terras

423 896 598 939 Pressit.

306 1032 392 1076 612
435 1031 548 1077 Cum
581 1031 759 1075 Heinsio
791 1030 1047 1088 legendum:

423 1103 634 1147 Natarum
666 1105 942 1158 matrumque
973 1103 1137 1144 animae
1168 1101 1460 1156 iuvenumque
1491 1114 1741 1156 senumque.

243 1176 406 1219 Eodem
437 1175 548 1218 redit
581 1174 692 1231 quod
722 1173 954 1217 Ehwaldus
985 1171 1174 1215 Pollium
1203 1176 1375 1215 secutus
1405 1170 1559 1226 ediditJ:

423 1246 700 1302 Matrumque
731 1258 1006 1300 nuruumque
1038 1245 1205 1286 animae
1236 1244 1529 1298 iuvenumque
1558 1256 1793 1298 senumque

243 1318 317 1361 sed
349 1317 547 1374 displicet
577 1316 653 1359 illa
683 1315 860 1359 voculae
893 1330 966 1371 que
995 1316 1040 1357 in
1067 1314 1204 1368 priore
1234 1317 1354 1370 parte
1387 1327 1534 1357 versus
1566 1313 1804 1370 productio.

306 1463 391 1506 635
432 1478 521 1520 sqq.
579 1463 674 1507 Non
729 1477 987 1520 magnopere
1042 1463 1162 1505 obsto
1210 1463 1439 1518 quominus
1486 1475 1585 1504 cum
1631 1459 1836 1503 Ehwaldo

243 1535 464 1593 legamus:

645 1606 755 1647 Ante
787 1604 930 1647 oculos
962 1603 1109 1647 eadem
1142 1604 1250 1646 mihi
1282 1616 1462 1659 quercus
1494 1602 1638 1645 adesse

423 1676 481 1718 Et
511 1677 642 1719 ramis
671 1675 850 1719 totidem
883 1675 1149 1731 totidemque
1180 1673 1382 1717 animalia
1413 1675 1544 1717 ramis

425 1747 553 1789 Ferre
583 1748 671 1789 suis
703 1748 794 1789 visa
825 1750 901 1790 est.

244 1817 404 1860 Tamen
444 1816 519 1859 ille
558 1817 772 1860 ablativus
804 1817 1025 1873 qualitatis
1056 1817 1179 1859 ramis
1210 1816 1369 1859 totidem
1400 1817 1674 1860 obscuritatis
1705 1815 1834 1858 habet

243 1887 405 1943 aliquid
432 1901 539 1943 quae
566 1902 695 1930 suum
722 1890 911 1943 requirat
934 1889 1283 1944 grammaticum.
1311 1887 1460 1943 Ipsum
1489 1886 1695 1931 Ovidium
1712 1886 1831 1929 nobis

246 1957 417 2000 exhibet
447 1957 578 2000 codex
609 1970 652 1999 ετ

425 2027 480 2069 Et
511 2042 640 2069 ramos
672 2027 853 2070 totidem
886 2042 922 2070 e.
940 2042 979 2083 q.
999 2042 1030 2069 s.

309 2170 392 2215 741
437 2171 714 2228 Madvigium
746 2176 916 2214 secutus
948 2171 1179 2214 Ehwaldus
1212 2171 1344 2214 edidit

428 2241 633 2284 Exclamo
664 2241 777 2284 male
808 2244 966 2285 victor:
1002 2242 1166 2292 „adest‚
1199 2241 1335 2293 mala,
1368 2242 1492 2284 fictus
1524 2241 1735 2285 adulter''.

245 2313 326 2355 Sed
352 2326 488 2368 neque
516 2326 626 2354 nunc
653 2312 755 2353 male
780 2312 905 2354 vietor
932 2326 1054 2355 suam
1081 2313 1162 2354 sibi
1187 2314 1233 2354 in
1261 2314 1471 2355 sententia
1498 2313 1658 2355 obtinet
1676 2312 1833 2364 sedem,

247 2388 289 2425 et
320 2383 666 2439 ingratissimum
698 2386 763 2425 est
793 2383 895 2424 male
914 2407 969 2414 —
986 2383 1105 2424 mala.
1150 2382 1261 2435 Quid
1293 2385 1350 2426 sit
1379 2383 1612 2440 leg-endum
1643 2385 1833 2427 incertis-

245 2455 429 2504 simum,
462 2453 559 2496 vide
590 2452 786 2495 Ehwaldi
815 2453 1102 2509 Appendicem
1133 2454 1337 2496 criticam.

309 2587 394 2632 763
436 2587 552 2631 Male
584 2588 636 2630 ab
669 2587 797 2631 exilio
829 2592 1038 2631 retractus
1071 2592 1134 2631 est
1166 2589 1216 2632 ab
1249 2588 1455 2631 Ehwaldo
1489 2603 1636 2632 versus

426 2657 599 2702 Scilicet
631 2657 745 2701 alma
776 2658 950 2701 Themis
983 2673 1057 2702 nec
1090 2658 1195 2702 talia
1225 2658 1384 2715 linquit
1413 2659 1554 2703 inulta

247 2730 322 2785 qui
353 2733 415 2772 est
446 2731 492 2771 in
523 2728 612 2772 cod.
645 2729 695 2771 M
727 2742 751 2771 a
781 2743 840 2771 m.
877 2728 917 2771 3.

310 2872 395 2917 769
428 2871 590 2929 Copula
620 2873 856 2915 detrahitur
887 2874 1084 2925 canibus,
1119 2888 1222 2930 quas
1254 2874 1330 2917 illa
1361 2880 1584 2931 sequentes

431 2943 596 3000 Effugit
627 2947 669 2986 et
701 2947 873 2986 centum
904 2959 986 2988 non
1018 2946 1189 3001 segnior
1220 2944 1322 2988 alite
1352 2945 1477 2989 ludit.
