2034 3334
2 97 9 104 »
0 0 23 70 ΛΕΜ

635 1034 856 1084 CAPUT
902 1033 949 1083 N
952 1033 1160 1084 ONUM.

211 1398 339 1440 Nunc
370 1398 474 1440 mihi
506 1411 605 1440 cum
637 1397 858 1454 Zingerleo
890 1410 957 1440 res
989 1401 1064 1452 est,
1095 1399 1188 1440 viro
1216 1398 1476 1451 doctissimo,
1494 1396 1546 1438 de
1563 1409 1648 1451 quo

154 1474 258 1529 quid
305 1474 441 1516 dicam
486 1476 642 1529 nescio,
683 1475 742 1516 ita
773 1476 964 1529 magisne
997 1487 1095 1516 cum
1127 1487 1176 1516 eo
1210 1474 1389 1516 sentiam
1422 1486 1477 1515 an
1512 1471 1564 1514 ab
1598 1484 1647 1514 eo

153 1550 399 1592 dissentiam
443 1549 602 1592 dubius
644 1563 751 1592 sum.
789 1549 883 1591 Hoc
917 1562 1016 1605 ergo
1048 1550 1233 1605 primum
1267 1550 1360 1591 dico
1395 1549 1469 1590 vix
1501 1561 1647 1603 quem-

154 1639 283 1683 quam
330 1626 434 1668 mihi
479 1626 552 1668 illo
601 1626 752 1668 melius
800 1626 851 1668 de
897 1627 1032 1682 poetis
1073 1626 1217 1668 latinis
1259 1626 1455 1668 meritum
1491 1624 1647 1667 videri:

151 1702 387 1744 incredibili
419 1704 532 1744 enim
565 1702 709 1744 labore
736 1702 1061 1757 admirabilique
1088 1703 1315 1758 sagacitate
1343 1701 1649 1744 demonstravit

153 1779 469 1834 angustissimis
499 1777 633 1820 fuisse
667 1779 1031 1833 circumscriptam
1063 1777 1223 1820 finibus
1256 1776 1326 1825 τὴν
1357 1779 1431 1818 τῶν
1450 1775 1648 1827 Ῥωμαίων

152 1855 316 1901 ποιητῶν
348 1851 505 1904 τέχνην,
540 1854 592 1895 de
623 1854 774 1895 iisdem
807 1853 935 1896 rebus
969 1866 1116 1896 omnes
1148 1854 1301 1896 iisdem
1328 1854 1391 1895 uti
1419 1852 1650 1902 vocabulis,

153 1933 289 1972 certas
320 1928 579 1984 stabilesque
616 1942 708 1971 esse
738 1929 972 1985 permultas
1004 1930 1312 1972 vocabulorum
1344 1930 1648 1984 copulationes,

153 2017 358 2047 versuum
405 2005 737 2058 terminationes,
771 2006 973 2047 orationis
1005 2005 1218 2059 flosculos,
1251 2006 1472 2060 imagines,
1505 2005 1649 2046 omnia

154 2080 338 2135 denique
382 2080 686 2122 huiuscemodi.
730 2081 873 2135 Atque
914 2081 993 2122 hoc
1033 2081 1206 2135 quidem
1241 2093 1391 2122 verum
1425 2092 1517 2122 esse
1551 2080 1648 2134 quis

152 2169 239 2198 non
285 2156 466 2198 libenter
510 2157 798 2198 assentiatur?
845 2157 1004 2199 Tamen
1049 2157 1270 2212 Zingerleo
1313 2169 1420 2212 opus
1461 2156 1543 2198 fuit
1575 2157 1650 2211 qui

153 2233 317 2287 primus
364 2232 488 2274 certis
530 2232 838 2274 demonstraret
879 2234 1153 2287 argumentis.
1186 2232 1423 2287 Permagna
1457 2244 1556 2287 ergo
1587 2231 1650 2272 illi

152 2308 305 2362 gratia:
355 2320 471 2349 nunc
518 2308 632 2349 enim
678 2307 730 2350 de
776 2309 978 2350 universa
1027 2307 1316 2350 Romanorum
1360 2308 1478 2362 poesi
1510 2307 1646 2349 multo

154 2384 311 2426 rectius
338 2396 466 2438 quam
498 2386 621 2424 antea
651 2383 842 2425 iudicare
873 2396 1116 2438 possumus.
1151 2382 1265 2433 Quid
1297 2383 1412 2438 quod
1431 2383 1649 2425 hodiernis

153 2460 280 2501 etiam
312 2459 459 2513 poetis,
490 2459 632 2513 iisque
665 2459 738 2513 qui
773 2459 825 2500 de
857 2458 1164 2501 recentioribus
1198 2458 1391 2500 scribunt
1407 2458 1540 2500 literis
1557 2471 1649 2514 per-

156 2534 337 2576 multum
372 2533 571 2589 prodesse
602 2537 741 2589 potest
772 2533 981 2589 Zingerlei
1014 2534 1252 2576 observatio
1285 2547 1437 2589 magna
1465 2534 1651 2576 stabilita

157 2611 357 2652 doctrina.
390 2609 590 2664 Plerique
621 2610 734 2651 enim
762 2610 820 2651 ita
844 2610 1045 2663 iudicant,
1065 2611 1111 2651 in
1130 2611 1281 2665 quavis
1298 2614 1386 2652 arte
1402 2611 1461 2652 ita
1478 2611 1648 2652 demum

157 2687 259 2728 novi
294 2686 455 2741 aliquid
487 2686 692 2728 exsistere
723 2698 847 2740 posse
879 2686 915 2727 si
947 2689 1124 2728 externa
1157 2687 1250 2728 eius
1283 2687 1443 2741 species
1474 2699 1649 2741 prorsus

156 2764 428 2814 immutetur3
471 2766 598 2817 atque
640 2763 701 2804 sic
738 2775 783 2804 se
814 2775 901 2804 rem
936 2762 1091 2804 habere
1120 2763 1317 2804 nonnulli
1348 2762 1529 2805 artifices
1560 2766 1645 2804 tam

157 2837 333 2880 firmiter
364 2837 445 2880 sibi
475 2837 730 2893 persuadent
761 2841 819 2892 ut,
850 2850 903 2880 ne
936 2838 1169 2893 quidquam
1203 2851 1227 2879 a
1258 2837 1472 2893 prioribus
1502 2851 1646 2893 sump-
