2034 3334
585 812 899 886 CAPUT
951 811 1391 884 TERTIUM.

262 1077 337 1116 Vir
364 1078 642 1117 doctissimus
669 1077 746 1116 Gru.
769 1077 1047 1125 Weinberger
1069 1076 1113 1115 in
1130 1077 1444 1125 dissertatione,
1465 1086 1572 1124 quae
1589 1075 1768 1124 legitur:

202 1153 377 1193 Wiener
418 1154 595 1192 Studien
640 1153 752 1192 1892
793 1163 833 1202 p.
875 1153 958 1191 120
994 1162 1100 1202 sqq„
1141 1153 1191 1191 de
1223 1152 1276 1190 iis
1307 1152 1563 1201 praesertim
1595 1151 1770 1190 scholiis

202 1229 471 1269 Terentianis
503 1230 604 1279 agit,
639 1211 747 1278 quae
779 1229 831 1268 ad
864 1230 1059 1268 actorum
1091 1229 1264 1277 gestum
1295 1228 1522 1278 pertinent,
1553 1227 1767 1275 conqueri-

201 1307 355 1354 turque
386 1306 496 1354 quod
529 1316 614 1344 non
645 1305 753 1344 satis
785 1304 894 1344 ratio
927 1305 1135 1343 habeatur
1166 1304 1390 1353 Lessingii,
1419 1304 1627 1352 praeclari
1653 1303 1769 1342 illius

201 1381 253 1421 de
293 1392 339 1421 re
380 1382 549 1420 scenica
591 1381 756 1430 iudiciS,
801 1381 872 1429 qui
914 1381 1100 1419 summis
1140 1381 1215 1419 illa
1252 1380 1415 1419 scholia
1447 1379 1652 1419 extulerit
1681 1379 1768 1418 lau-

181 1457 337 1507 dibus,
381 1457 473 1506 ipse
514 1459 663 1496 tamen
704 1457 836 1495 nimis
882 1456 1152 1505 „Donatum”
1194 1456 1370 1495 laudare
1414 1456 1549 1494 cavet.
1593 1454 1653 1493 De
1687 1464 1770 1502 qua

200 1533 494 1582 Weinbergeri
525 1533 827 1572 dissertatione
858 1534 1088 1581 postquam
1115 1532 1226 1571 dixit
1252 1531 1462 1580 quaedam
1490 1531 1769 1570 doctissimus

200 1611 272 1651 ille
313 1611 362 1650 R.
407 1610 648 1660 Sabbadini,
693 1620 821 1658 quem
862 1610 992 1648 toties
1033 1609 1121 1648 iam
1164 1609 1338 1648 honoris
1370 1618 1501 1647 causa
1531 1607 1766 1657 nominavi,

200 1687 306 1726 haec
337 1686 476 1726 addit:
513 1686 646 1736 „Utut
679 1687 757 1735 est,
787 1685 922 1724 deerit
948 1685 1158 1724 eiusmodi
1185 1684 1555 1733 disquiSItionibus
1582 1684 1767 1723 solidum

198 1763 530 1803 fundamentum
561 1762 767 1811 quamdiu
799 1762 1040 1802 carebimus
1072 1762 1334 1801 scholiorum
1361 1762 1547 1800 editione
1574 1761 1764 1800 critica.”

200 1841 253 1880 Et
292 1840 455 1880 multos
495 1840 584 1879 iam
624 1840 741 1879 viros
783 1840 931 1879 doctos
973 1839 1185 1878 eiusmodi
1228 1838 1386 1886 aliquid
1419 1838 1564 1878 audivi
1596 1840 1765 1877 conten-

200 1917 362 1966 denteS,
396 1916 471 1954 sed
504 1926 585 1964 quo
617 1915 760 1964 plures
793 1915 918 1954 audio
946 1925 994 1953 eo
1021 1914 1155 1954 miror
1181 1915 1334 1963 magis.
1365 1914 1471 1963 Quid
1499 1914 1647 1953 enim?
1673 1914 1767 1953 Non

198 1991 437 2041 poterimus
478 1991 529 2030 de
570 1991 831 2030 scholiorum
873 1991 1127 2039 argumento
1170 2000 1269 2029 cum
1301 1990 1442 2038 aliquo
1473 1990 1616 2028 fructu
1648 1990 1765 2028 insti-

199 2069 319 2107 tuere
361 2066 671 2116 quaestionem,
715 2075 927 2114 exponere
969 2066 1091 2104 nobis
1133 2075 1218 2104 non
1258 2065 1403 2104 licebit
1435 2076 1648 2113 quaenam
1679 2066 1767 2104 fere

199 2153 269 2182 res
310 2143 355 2181 in
386 2142 439 2181 iis
471 2143 722 2191 tractentur,
756 2141 1020 2190 probabilem
1053 2141 1104 2180 de
1137 2151 1285 2180 eorum
1318 2141 1481 2189 origine
1513 2142 1641 2189 atque
1673 2151 1766 2180 auc-

199 2218 364 2257 toribus
404 2217 592 2267 proferre
633 2217 908 2266 sententiam,
953 2216 1134 2264 denique
1175 2216 1356 2264 singulis
1394 2227 1543 2255 eorum
1574 2217 1768 2265 partibus

200 2304 329 2333 suum
361 2294 552 2333 statuere
582 2293 782 2342 pretium,
813 2292 912 2340 quia
938 2292 1171 2342 nemodum
1198 2292 1241 2330 in
1269 2293 1579 2331 commentario
1607 2293 1768 2332 edendo

201 2369 416 2409 codicibus
459 2379 514 2407 ex
545 2369 651 2418 artis
683 2369 855 2407 criticae
887 2362 1126 2417 praeceptis
1158 2378 1263 2406 usus
1296 2369 1394 2407 est?
1425 2368 1534 2407 Male
1566 2378 1665 2417 ergo
1697 2379 1766 2407 no-

200 2446 369 2484 biscum
416 2445 580 2494 agitur:
629 2454 836 2492 perquam
883 2444 999 2482 enim
1045 2443 1281 2482 verisimile
1329 2445 1395 2482 est
1436 2444 1584 2482 nostra
1625 2445 1768 2483 aetate

202 2519 413 2560 eiusmodi
455 2519 688 2558 editionem
730 2519 774 2557 in
815 2518 956 2557 lucem
988 2528 1074 2557 non
1104 2518 1382 2567 prodituram.
1416 2518 1527 2558 Nam
1560 2520 1631 2567 qui
1662 2519 1766 2558 olim

202 2595 325 2634 illum
355 2594 548 2633 laborem
582 2593 773 2643 aggressi
803 2595 918 2643 sunt,
947 2594 1062 2632 diem
1090 2604 1343 2642 supremum
1370 2594 1566 2633 obierunt
1592 2605 1765 2642 omnes;

203 2671 299 2709 illos
342 2671 413 2718 qui
454 2671 629 2720 secutus
671 2671 738 2708 est
779 2680 804 2708 a
844 2669 1060 2718 proposito
1102 2670 1289 2722 destitit;
1330 2670 1510 2718 denique
1541 2671 1613 2718 qui
1643 2671 1767 2710 unice

203 2746 374 2794 negotio
415 2756 491 2794 par
533 2746 625 2784 erat
666 2746 793 2793 atque
835 2745 1024 2795 idoneUS,
1065 2745 1269 2793 quoniam
1299 2745 1443 2794 plures
1475 2756 1605 2794 quam
1638 2747 1768 2786 ceteri

203 2831 355 2860 omnes
383 2821 548 2861 codices
574 2830 708 2859 manu
734 2821 938 2870 versavit,
968 2821 1190 2868 artemque
1222 2820 1623 2870 palaeographicam
1649 2832 1764 2870 prae-

180 2886 317 2938 'clare
355 2896 493 2947 callet,
527 2896 670 2947 ipsum
703 2896 1008 2937 Sabbadinium
1040 2897 1144 2948 dico,
1178 2897 1230 2936 de
1262 2897 1422 2937 edendo
1455 2898 1766 2939 commentario
