2034 3334
943 229 1029 273 143

191 353 262 396 Sic
293 354 343 396 M
374 352 572 404 absurde,
605 367 740 409 neque
773 356 872 395 sunt
902 352 1098 395 meliores
1131 351 1315 394 aliorum
1342 351 1537 394 codicum
1562 351 1777 394 lectiones.

191 423 312 477 Quod
343 423 574 467 Ehwaldus
606 424 787 466 coniecit
818 424 970 478 Lydum
1002 424 1133 464 nimis
1167 425 1231 464 est
1263 422 1510 474 κακόφωνον,
1545 421 1780 478 elegantior

192 494 264 538 sed
296 496 426 537 nimis
453 494 591 537 audax
616 498 680 536 est
705 493 856 536 Kornii
883 496 1123 536 coniectura
1150 493 1354 548 Pkryqiae
1380 492 1451 534 sed
1477 491 1598 534 nullo
1626 492 1780 534 nomine

189 566 285 622 iugi
323 565 394 607 hic
436 578 562 621 opus:
606 564 675 607 vel
717 566 776 606 sic
820 569 995 620 apparet
1027 563 1231 606 Tmolum
1263 562 1507 619 significari.
1542 563 1692 605 Nescio
1726 577 1778 604 an

189 638 233 678 et
263 636 332 678 hic
363 635 534 678 Heinsii
565 635 726 679 codices
759 649 908 678 verum
942 636 1175 678 servarint:
1207 634 1363 676 montis.

250 781 336 824 144
351 795 413 838 sq.
445 781 569 824 Nunc
601 795 767 838 quoque
798 781 878 823 iam
909 782 1066 824 veteris
1099 783 1296 837 percepto
1328 781 1491 822 semine
1524 793 1655 822 venae

445 851 560 895 Arva
591 853 746 909 rigent.

184 922 347 980 Ecquid
390 921 495 964 tam?
537 922 596 964 Ut
627 923 708 965 hoc
740 921 872 964 dicat:
915 936 967 964 ex
997 921 1074 964 illo
1107 920 1251 964 Midae
1285 920 1517 971 miraculo,
1550 919 1663 976 quod
1696 924 1775 961 tam

185 993 315 1051 longo
347 997 538 1050 tempore
570 997 667 1036 ante
698 994 864 1043 evenit,
898 1007 1010 1035 nunc
1042 1006 1207 1048 quoque
1238 995 1372 1034 restat
1404 990 1580 1047 aliquid.

205 1124 208 1126 ’
253 1129 338 1172 153
356 1143 416 1185 sq.
450 1129 539 1171 Pan
570 1129 630 1171 ibi
663 1128 767 1170 dum
799 1129 956 1171 teneris
987 1129 1117 1170 iactat
1147 1141 1222 1169 sua
1254 1128 1441 1169 carmina
1473 1126 1677 1183 nymphis

445 1199 502 1242 Et
531 1199 626 1242 leve
657 1203 795 1242 cerata
827 1198 1076 1241 modulatur
1107 1197 1345 1241 harundine
1378 1212 1567 1240 carmen.

189 1270 378 1314 Hoccine
405 1271 612 1313 feramus:
640 1269 820 1311 carmina
839 1294 892 1300 -
911 1284 1078 1320 carmen,
1107 1282 1159 1310 an
1188 1268 1339 1311 Ovidio
1367 1282 1538 1324 prorsus
1553 1267 1777 1324 indignam

188 1343 317 1384 istam
360 1355 607 1384 censeamus
649 1338 976 1396 repetitionem?
1018 1339 1230 1395 Equidem
1263 1353 1361 1381 cum
1394 1338 1599 1395 Bentleyo
1631 1337 1777 1393 legam

189 1427 363 1463 munera,
406 1411 542 1468 quod,
585 1413 621 1453 si
663 1411 843 1454 Ovidius
873 1412 1067 1466 scripsit,
1100 1424 1183 1452 non
1217 1411 1358 1465 potuit
1390 1424 1475 1452 non
1505 1408 1777 1451 librariorum

111 1519 115 1521 Α
191 1486 235 1525 et
265 1481 494 1526 sciolorum
528 1481 655 1538 culpa
684 1483 728 1524 in
761 1482 938 1523 carmina
969 1481 1097 1523 abire.

254 1626 336 1670 167
444 1627 772 1682 Instrictamque
802 1625 946 1683 lyram
977 1626 1164 1682 gemmis
1196 1629 1237 1667 et
1271 1624 1469 1667 dentibus
1501 1624 1629 1666 Indis

189 1697 258 1741 Sic
289 1698 477 1741 codicem
505 1698 554 1740 M
581 1701 751 1741 secutus
778 1697 910 1740 edidit
936 1696 1168 1739 Ehwaldus
1195 1699 1237 1738 et
1264 1696 1368 1738 ebur
1392 1695 1502 1737 illud
1529 1694 1581 1736 ad
1605 1696 1775 1751 iugum,

187 1783 382 1826 gemmas
414 1769 466 1811 acl
497 1769 590 1816 τοὺς
623 1768 832 1815 κόλλοπας
866 1768 1006 1810 refert.
1044 1767 1159 1809 Mihi
1189 1766 1265 1809 illa
1297 1765 1593 1809 tantummodo
1625 1765 1777 1807 decoris

188 1855 308 1881 causa
350 1839 470 1896 lyrae
511 1839 608 1882 addi
649 1841 838 1895 potuisse
880 1838 1093 1882 videntur.
1137 1837 1192 1880 Et
1225 1839 1319 1893 quis
1351 1842 1566 1893 praeterea
1597 1835 1775 1892 pulchro

188 1912 271 1953 isto
303 1910 573 1963 vin-stringendi
606 1910 733 1952 verbo
766 1924 868 1951 usus
900 1907 993 1951 est?
1027 1908 1222 1951 Gemmis
1254 1911 1297 1950 et
1329 1908 1451 1950 ebore
1483 1906 1580 1963 lyra
1607 1919 1777 1948 exorna-

187 1984 260 2022 tur
289 1979 358 2023 vel
388 1981 630 2022 instruitur.
664 1979 824 2022 Verum
856 1983 919 2021 est
951 1993 1052 2034 ergo
1085 1982 1159 2021 aut
1191 1978 1303 2034 quod
1336 1987 1362 2019 λ
1395 1981 1437 2019 et
1465 1977 1515 2019 M
1542 1990 1566 2018 a
1592 1975 1776 2018 secunda

188 2065 319 2093 manu
351 2051 508 2092 habent
539 2050 797 2100 instructum,
831 2053 903 2091 aut
936 2049 1049 2104 quod
1075 2053 1138 2091 est
1164 2050 1209 2090 in
1237 2061 1277 2090 s:
1306 2047 1548 2088 distinctam.
1582 2046 1663 2088 Sed
1695 2045 1775 2087 hoc

188 2120 486 2164 verisimilius:
519 2124 582 2162 est
615 2121 729 2162 enim
760 2119 876 2161 istud
908 2119 1137 2160 distinctam
1168 2119 1441 2173 aptissimum
1474 2121 1516 2158 et
1548 2115 1775 2171 elegantis-

187 2192 347 2233 simum
379 2195 422 2234 et
453 2195 593 2233 totum
624 2190 741 2232 istud
770 2189 994 2231 instrictam
1025 2193 1175 2231 natum
1206 2202 1294 2230 esse
1327 2201 1378 2229 ex
1410 2186 1638 2228 distinctam
1671 2199 1771 2227 cum

187 2275 316 2317 supra
347 2262 503 2317 scripto
534 2260 768 2302 instructam
799 2259 1030 2302 admodum
1062 2262 1127 2301 est
1159 2256 1409 2301 verisimile.

253 2403 338 2446 180
354 2417 414 2459 sq.
447 2402 524 2444 llle
555 2402 729 2457 quidem
761 2399 896 2443 celare
928 2401 1045 2455 cupit
1078 2399 1265 2454 turpique
1286 2398 1442 2451 pudore

444 2472 653 2528 Tempora
684 2472 908 2526 purpureis
939 2473 1121 2524 temptat
1152 2468 1294 2511 velare
1326 2469 1459 2509 tiaris.

187 2543 304 2586 Haec
335 2556 502 2598 semper
533 2543 624 2584 visa
655 2544 755 2583 sunt
785 2544 996 2595 corrupta.
1030 2538 1259 2581 Ehwaldus
1292 2551 1314 2580 e
1347 2537 1500 2593 Magni
1532 2537 1771 2578 coniectura

186 2613 321 2656 edidit
362 2613 569 2668 turpisque
605 2612 775 2665 pudore,
808 2614 858 2651 ut
886 2610 1016 2662 pudor
1046 2612 1177 2650 esset:
1214 2607 1309 2658 „die
1344 2605 1665 2660 Entstellung''.
1698 2605 1772 2646 Er-

114 2711 117 2714 ·
186 2698 295 2740 gone
335 2683 465 2737 turpis
500 2683 677 2736 pudore,
723 2678 935 2730 „haeslich
969 2679 1101 2720 durch
1133 2678 1199 2720 die
1231 2673 1566 2732 Entstellung'’?
1599 2675 1768 2730 Inepta,

186 2753 348 2804 hercle,
381 2753 624 2809 loquacitas.
660 2752 748 2792 Aut
780 2764 879 2792 cum
909 2748 1087 2790 Heinsio
1119 2747 1350 2803 legendum
1385 2750 1472 2788 est:

442 2822 519 2864 Ille
552 2821 724 2877 quidem
755 2819 885 2869 celat,
917 2820 1115 2873 turpique
1149 2820 1320 2860 onerata
1351 2815 1514 2871 pudore

187 2897 263 2935 aut
303 2892 465 2947 aliquid
501 2892 602 2933 huic
644 2890 818 2933 lectioni
859 2902 988 2944 quam
1030 2886 1316 2929 simillimum.
1351 2885 1473 2928 Nihil
1505 2886 1619 2927 enim
1652 2883 1771 2926 aliud

188 2962 272 3003 huc
302 2962 493 3016 quadrat.
