2034 3334
1039 393 1096 434 80

280 518 434 559 dicet.”
457 519 668 560 Phaedria
693 522 842 560 autem
868 520 1122 562 exclamans
1147 521 1175 565 h
1188 532 1268 562 em
1284 521 1501 573 significat
1516 533 1564 564 se
1580 522 1849 575 impudentia

278 596 485 645 postulati
515 596 797 637 vehementer
826 597 1086 647 perculsum.

337 672 574 712 Consilium
606 683 707 722 ergo
738 673 979 714 Gnathonis
1005 674 1086 714 hoc
1112 676 1201 714 est:
1234 675 1355 725 „Noli
1380 675 1589 726 impedire
1613 676 1847 727 quominus

277 749 423 788 fatuus
468 750 552 790 iste
592 750 720 790 miles
761 750 843 790 sibi
884 751 1033 791 rivalis
1075 761 1171 791 esse
1210 753 1313 791 tuus
1354 754 1399 792 et
1439 762 1465 792 a
1505 752 1667 794 Thaide
1706 753 1846 795 amari

275 825 484 865 videatur.
517 826 571 865 Et
601 826 741 866 amico
773 837 822 866 eo
853 827 997 868 utere:
1030 827 1267 867 utilissima
1295 810 1374 868 tibi
1405 828 1499 868 eius
1529 828 1724 870 amicitia
1747 839 1845 870 esse

275 902 430 950 potest.
473 901 568 941 Non
609 903 678 943 est
713 902 824 951 quod
857 913 957 942 eum
989 905 1183 943 metuas:
1216 903 1365 954 pellas,
1398 904 1470 944 ubi
1501 904 1634 944 velis.
1666 905 1844 945 interim

0 953 311 1070 {oylaaenflff
352 979 478 1018 tuum
520 978 775 1018 exhauseris
816 979 1044 1032 peculium,
1088 972 1362 1030 suppeditare
1403 980 1482 1020 tibi
1522 980 1594 1020 ille
1630 982 1843 1030 quantum

273 1064 380 1102 opus
412 1056 479 1094 est
510 1055 689 1104 poterit;
727 1057 1002 1105 „praeterea”
1036 1057 1098 1095 ait
1128 1067 1192 1096 vs.
1232 1057 1341 1096 1081

782 1132 863 1172 hoc
894 1133 1028 1173 etiam
1059 1133 1171 1182 quod
1203 1144 1282 1183 ego
1312 1132 1382 1173 vel
1413 1133 1603 1182 primum
1633 1135 1750 1188 puto,

390 1207 559 1257 Accipit
588 1207 719 1248 homo
750 1219 879 1248 nemo
910 1209 1068 1249 melius
1098 1219 1274 1258 prorsus
1305 1219 1443 1259 neque
1473 1210 1696 1259 prolixius.

134 1282 608 1357 ύΜΗοῐῃο
474 1285 631 1324 1101110”
663 1285 767 1325 (11011
798 1287 901 1326 nota
932 1285 1162 1326 verborum
1194 1286 1479 1326 abundantia:
1507 1287 1698 1336 loquitur
1722 1287 1840 1328 enim

0 1292 194 1416 sat„
270 1358 322 1398 de
353 1370 398 1399 re
429 1370 539 1409 quae
439 1360 1207 1436 Q
975 1372 1195 1414 perswasa.

0 1451 129 1509 om„
149 1443 270 1481 ‚ugia
328 1435 517 1475 Probant
562 1437 655 1476 eius
702 1438 930 1477 consilium
977 1438 1187 1478 Phaedria
1232 1438 1462 1488 fraterque.
1510 1438 1621 1478 Tum
1667 1437 1839 1479 Gnatho

0 1484 399 1577 &3:31084
431 1515 534 1560 sq.:)

0 1596 299 1669 ruffum-w-
387 1586 518 1627 Recte
549 1588 715 1637 facitis;
745 1600 882 1629 unum
910 1591 1043 1630 etiam
1069 1591 1149 1631 hoc
1177 1601 1254 1631 vos
1280 1602 1366 1641 oro,
1395 1592 1444 1631 ut
1469 1602 1541 1631 me
1567 1592 1612 1631 in
1638 1593 1837 1633 vostram

7 1677 88 1714 ad
108 1664 288 1711 cti-225
1584 1669 1776 1718 [gregem

385 1739 640 1789 Recipiatis:
674 1741 783 1780 satis
814 1741 885 1781 diu
918 1742 1006 1781 iam
1038 1742 1118 1782 hoc
1149 1753 1308 1782 saxum
1340 1754 1480 1782 vorso.

265 1815 506 1855 Scholiasta
531 1818 676 1865 rogat:
708 1817 976 1865 „militemne
1002 1828 1160 1857 saxum
1186 1818 1289 1858 dicit
1299 1819 1348 1858 ?”
1375 1819 1469 1858 Non
1497 1818 1644 1858 credo:
1662 1829 1832 1871 prover-

263 1891 432 1931 bialiter
464 1893 579 1931 enim
615 1893 722 1942 „hoc
753 1903 911 1932 saxum
942 1895 1099 1934 νο180”
1131 1895 1295 1934 (110111111
1322 1895 1492 1934 videtur
1517 1906 1616 1944 pro:
1643 1895 1746 1936 huic
1770 1895 1833 1936 rei

263 1978 438 2018 operam
470 1968 535 2021 do,
569 1979 724 2026 nempe
755 1972 804 2008 ut
835 1971 975 2009 certos
1007 1971 1288 2019 assiduosque
1319 1971 1502 2010 habeam
1535 1971 1734 2058 homines
1758 1971 1833 2020 qui

264 2053 334 2082 me
368 2043 500 2083 alant.

324 2120 408 2158 Suo
440 2121 567 2159 modo
599 2121 762 2169 gratias
793 2122 883 2171 agit
914 2122 1084 2162 Gnatho
1115 2133 1179 2162 VS.
1219 2124 1354 2163 1086:

746 2198 809 2237 At'
827 2199 913 2247 'ego
944 2209 1020 2248 pro
1052 2199 1148 2248 isto,
1183 2199 1393 2238 Phaedria
1423 2200 1467 2238 et
1497 2200 1546 2238 tu
1579 2198 1771 2239 Chaerea

378 2271 504 2311 Hunc
536 2273 846 2313 comedendum
879 2276 923 2313 et
954 2274 1210 2314 ebibendum
1241 2274 1364 2314 vobis
1394 2275 1583 2323 propino.

260 2346 313 2384 Et
353 2346 542 2387 Chaerea
583 2349 750 2388 dicente
796 2349 1009 2399 „Placet,”
1052 2350 1262 2389 Phaedria
1303 2350 1420 2389 addit
1455 2350 1608 2390 verba:
1645 2350 1828 2401 „dignus

261 2424 368 2472 est‚”
417 2425 469 2463 ad
516 2436 625 2473 quae
671 2426 937 2475 lepidissime
980 2426 1220 2466 Scholiasta
1261 2428 1462 2466 annotat:
1511 2426 1654 2476 „Haec
1695 2427 1828 2468 verba

259 2499 413 2538 ultima
453 2500 567 2549 longi
610 2502 823 2541 sermonis
866 2502 1077 2542 eiusmodi
1119 2504 1221 2541 sunt
1262 2505 1310 2541 ut
1351 2502 1477 2542 miles
1510 2503 1616 2542 haec
1647 2502 1826 2543 audiens

259 2574 481 2614 laudatum
514 2588 560 2615 se
593 2588 688 2617 esse
721 2580 764 2617 et
796 2579 1078 2628 approbatum
1111 2578 1379 2618 existimet.''

317 2651 425 2689 Tum
459 2652 627 2691 Gnatho
660 2654 712 2692 ad
745 2654 931 2693 militem
964 2665 1197 2694 conversus
1225 2655 1392 2700 (1088):
1425 2655 1627 2704 „Thraso,
1656 2654 1728 2694 ubi
1754 2654 1823 2694 vis

257 2727 436 2765 accede’'
455 2729 527 2767 ait.
543 2730 719 2778 Egregie
736 2731 965 2769 verborum
987 2731 1077 2770 ubi
1103 2731 1190 2769 vis
1211 2732 1492 2769 venustatum
1509 2730 1824 2770 demonstravit

258 2802 496 2842 Scholiasta
510 2806 753 2844 annotando
765 2817 772 2843 :
791 2836 808 2854 „
817 2805 1059 2845 Honorifice
1071 2807 1245 2845 revocat
1257 2806 1498 2877 ablegatam
1511 2816 1610 2845 cum
1622 2806 1820 2846 iniuria.”

317 2878 422 2926 Quid
451 2889 548 2917 cum
578 2879 786 2919 Phaedria
813 2880 1085 2930 Chaereaque
1112 2882 1281 2921 locutus
1307 2882 1365 2920 sit
1391 2882 1430 2920 ei
1457 2882 1656 2920 denarrat
1681 2881 1820 2930 lepido

256 2954 478 2992 mendacio
512 2956 726 3002 parasitus
760 2957 888 2999 (1089
922 2961 1052 3004 sqq.):

2011 626 2029 797 sven
