2034 3334
909 347 989 388 197

203 475 304 518 boni
347 473 474 516 habet
518 486 604 515 non
651 487 676 515 a
721 475 874 515 natura
918 473 1080 528 accepit
1126 471 1198 513 sed
1243 471 1402 513 sensim
1447 473 1488 512 et
1519 469 1691 512 assiduo

202 551 344 593 labore
375 553 438 593 est
469 553 713 592 assecutus:
743 548 984 591 cuiusmodi
1009 547 1082 590 ille
1107 546 1228 589 labor
1242 546 1371 589 fuerit
1386 558 1521 602 rogas.
1539 544 1691 587 Dicam

204 640 332 684 quam
363 627 691 669 accuratissime.

262 703 455 745 Primum
500 715 599 757 ergo
640 700 845 743 Horatius
887 701 950 742 vir
976 699 1059 742 fuit
1090 699 1319 741 multarum
1353 698 1584 751 literarum,
1617 698 1690 753 qui

203 783 385 822 mentem
437 778 647 821 excoleret
693 781 867 820 strenua
912 779 1130 832 poetarum
1180 774 1438 817 Graecorum
1487 775 1690 828 lectione3

201 868 342 911 neque
381 846 522 897 tamen
553 854 763 909 indigesta
793 855 1036 909 poematum
1067 851 1177 893 mole
1210 864 1255 894 se
1287 850 1411 893 obrui
1442 850 1691 906 patiebatur,

201 931 275 974 sed
322 931 537 987 neglectis,
586 943 694 986 quos
741 929 922 972 deterior
963 932 1076 971 aetas
1119 928 1228 982 tulit,
1271 927 1490 970 Graeculis
1524 927 1690 969 Atticos

199 1010 357 1064 poetas,
403 1007 477 1050 sed
518 1007 764 1062 praesertim
792 1005 1028 1047 Homerum
1061 1008 1102 1047 et
1133 1007 1325 1046 vetustos
1356 1004 1512 1058 lyricos
1545 1016 1690 1059 perpe—

198 1087 297 1126 tuos
327 1083 508 1126 habebat
539 1083 724 1125 comites.
755 1082 856 1124 Illos
885 1081 1182 1136 admirabatur,
1207 1081 1294 1123 illis
1312 1082 1526 1136 magistris
1544 1080 1690 1123 uteba-

199 1163 292 1213 tur3
327 1163 455 1216 atque
485 1159 537 1202 ab
568 1159 755 1201 Homero
786 1158 958 1214 quidem
985 1161 1202 1213 tamquam
1231 1158 1535 1213 supellectilem
1562 1158 1692 1214 poeti-

201 1249 292 1278 cam
324 1237 540 1292 ingentem
577 1236 761 1291 sumpsit
792 1234 1098 1277 vocabulorum
1129 1235 1481 1289 locutionumque
1513 1235 1691 1290 copiam,

202 1325 312 1367 quae
341 1312 470 1354 latine
500 1311 663 1353 reddita
694 1310 891 1353 versibus
921 1310 1159 1353 includeret
1194 1310 1362 1364 lyricis3
1390 1310 1548 1364 lyricos
1575 1311 1689 1352 enim

202 1387 460 1430 Graecorum
506 1389 590 1429 iam
637 1387 882 1430 adolescens
926 1387 1083 1429 imitari
1125 1386 1332 1429 studebat.
1379 1385 1548 1428 Iambos
1590 1399 1690 1442 ergo

202 1464 480 1519 strophasque
511 1466 552 1506 et
581 1464 672 1519 ipse
702 1463 839 1506 facere
866 1462 1110 1514 conabatur,
1137 1476 1224 1504 non
1252 1462 1367 1518 quod
1393 1462 1544 1504 iisdem
1562 1461 1689 1505 rebus

203 1539 360 1595 quibus
415 1540 612 1594 Alcaeus,
664 1539 843 1595 Sappho,
887 1539 1170 1581 Archilochus
1219 1541 1569 1593 commoveretur,
1617 1539 1692 1581 sed

202 1617 303 1672 quia
333 1616 503 1658 illorum
533 1628 736 1658 numeros
767 1614 949 1663 ἐναύλους
979 1615 1169 1658 habebat.
1203 1614 1297 1666 Quo
1330 1619 1471 1658 autem
1499 1615 1694 1658 laborant

201 1693 304 1735 vitio
351 1705 498 1736 omnes
546 1694 620 1748 qui
666 1693 900 1748 imitantur,
940 1693 1013 1735 illo
1057 1705 1197 1748 neque
1238 1692 1443 1735 Horatius
1484 1694 1691 1736 immunis

201 1781 293 1811 esse
338 1770 498 1824 potuit,
546 1769 680 1811 multa
726 1770 839 1811 enim
883 1769 995 1824 apud
1039 1782 1137 1811 eum
1169 1770 1440 1824 reperiuntur
1472 1772 1689 1824 tamquam

201 1827 843 1900 complemefflmerorum,
885 1845 1019 1887 multa
1059 1846 1214 1899 inania,
1257 1845 1389 1886 multa
1422 1857 1542 1900 quae,
1578 1845 1692 1900 quod

202 1919 254 1961 ad
286 1921 538 1962 sententiam
569 1921 730 1975 attinet,
761 1933 857 1962 cum
893 1922 1043 1963 ceteris
1071 1921 1309 1962 carminum
1336 1920 1528 1976 partibus
1548 1920 1691 1976 aliquo

202 1996 328 2038 modo
375 1999 546 2038 certant.
588 1996 661 2038 Nil
702 2000 841 2039 tamen
885 1997 954 2038 hic
994 1996 1200 2039 habemus
1232 2010 1310 2038 cur
1339 1998 1524 2052 graviter
1554 1996 1691 2039 Hora-

201 2073 309 2114 tium
338 2073 720 2128 reprehendamus:
750 2072 1049 2115 difficillimum
1069 2073 1181 2114 enim
1199 2075 1262 2114 est
1278 2073 1359 2114 hoc
1376 2074 1509 2114 vitare
1526 2073 1692 2126 vitium,

203 2148 317 2204 quod
359 2161 445 2190 non
487 2147 539 2190 ab
580 2149 665 2191 illis
706 2149 806 2191 solis
839 2150 914 2203 qui
945 2149 1050 2190 alios
1080 2149 1301 2190 imitantur
1333 2149 1541 2190 committi
1574 2149 1692 2203 solet,

202 2224 276 2266 sed
322 2225 447 2266 etiam
494 2223 546 2266 ab
587 2225 641 2266 iis
685 2225 760 2279 qui
802 2237 857 2266 ex
899 2224 982 2265 alio
1025 2237 1218 2266 sermone
1259 2225 1305 2264 in
1337 2225 1520 2279 patrium
1554 2224 1692 2266 aliena

202 2301 389 2341 carmina
434 2303 616 2342 vertunt.
663 2299 783 2342 Dabo
830 2300 1098 2342 luculentum
1146 2300 1501 2354 notissimumque
1548 2312 1690 2342 exem-

201 2375 342 2430 plum:
376 2374 581 2429 Catullus,
607 2376 732 2417 cuius
757 2377 963 2430 poeticam
993 2375 1234 2417 facultatem
1251 2375 1513 2418 admiramur
1529 2389 1691 2432 omnes,

202 2451 305 2493 dum
336 2450 594 2507 Sapphicum
626 2451 735 2493 illud

633 2569 650 2588 s
740 2564 761 2585 s
914 2569 928 2590 Ιι
1084 2574 1086 2579 ,

554 2597 743 2652 φαίνεταί
771 2614 836 2650 μοι
867 2603 977 2648 κῆνος
1007 2596 1086 2646 ’ἶσος
1119 2598 1249 2642 θέωσιν

555 2673 683 2726 ἔμμεν
711 2673 804 2728 ὤνηρ

202 2834 365 2875 vertere
397 2832 491 2875 vult
522 2833 584 2875 sic
615 2833 799 2875 orditur:
