2034 3334
920 323 975 364 41

753 452 794 492 et
826 449 902 504 illi,
933 462 1043 505 quos
1074 448 1153 490 tibi
1185 447 1368 490 demseri
1378 449 1405 495 t,

497 528 697 583 Apponet
730 539 877 569 annos.

255 638 363 680 Tum
398 637 541 680 subito
575 637 777 679 omnibus
811 637 953 679 missis
987 634 1242 692 ambagibus
1275 635 1481 690 omnique
1512 633 1705 690 neglecto

201 718 450 758 ornamento

1033 790 1118 831 iam
1150 792 1348 845 proterva

553 867 711 910 Fronte
743 869 858 923 petet
888 865 1044 922 Lalage
1076 866 1293 908 maritum.

256 984 390 1027 Vides
451 998 580 1040 quam
629 985 685 1026 sit
740 983 940 1026 omnibus
987 984 1179 1026 numeris
1226 982 1471 1025 absolutum
1521 995 1706 1036 carmen,

197 1074 328 1117 quam
374 1061 499 1117 plene
546 1064 669 1104 sonet
718 1061 812 1104 eius
849 1061 1055 1103 clausula.
1089 1060 1217 1103 Haud
1251 1061 1310 1102 ita
1342 1061 1483 1102 visum
1516 1059 1710 1115 Horatio,

197 1138 265 1181 vel
310 1139 455 1194 potius
495 1152 628 1194 prava
671 1138 829 1181 ductus
873 1138 1098 1194 diligentia
1139 1138 1200 1179 ita
1231 1150 1277 1180 se
1309 1150 1399 1180 rem
1431 1136 1587 1180 habere
1619 1150 1703 1179 non

199 1215 343 1258 sensit.
392 1214 490 1257 Non
532 1215 680 1258 deesse
722 1227 848 1271 posse
890 1214 1070 1257 credidit
1100 1214 1271 1256 illarum
1305 1214 1564 1256 mentionem
1599 1227 1707 1269 quas

199 1295 323 1334 antea
370 1292 522 1334 amarit
568 1292 745 1347 amicus,
792 1291 866 1334 sed
908 1304 995 1333 non
1038 1295 1157 1333 tanto
1201 1291 1352 1333 ardore
1397 1293 1558 1346 quanto
1590 1303 1708 1332 nunc

200 1367 387 1424 Lalagen
421 1368 579 1424 diligat.
610 1368 801 1411 Pholoen
833 1381 933 1424 ergo
964 1369 1169 1423 nominat,
1203 1366 1469 1420 Chloridem3
1504 1367 1557 1409 ad
1588 1366 1705 1409 illam

199 1449 342 1489 autem
383 1446 460 1489 ubi
501 1450 757 1502 perventum
801 1449 865 1489 est
898 1446 1044 1488 haeret
1075 1458 1217 1501 neque
1248 1444 1376 1487 habet
1409 1458 1496 1501 quo
1529 1457 1576 1487 se
1608 1457 1709 1486 con-

200 1526 358 1577 vertat3
406 1524 582 1566 viatoris
629 1523 782 1566 similis
830 1526 892 1566 est
933 1524 1008 1579 qui
1051 1523 1219 1579 vesperi
1251 1535 1380 1578 prope
1413 1522 1704 1565 deversorium

198 1601 356 1643 amissa
387 1601 538 1643 semita
569 1601 760 1643 incertus
793 1603 905 1642 errat
937 1603 979 1642 et
1010 1599 1091 1642 sub
1121 1599 1219 1642 divo
1236 1602 1469 1655 pernoctat.
1487 1598 1706 1642 Nitentem

199 1677 314 1720 enim
327 1676 539 1720 Chloridis
556 1677 787 1720 humerum
805 1680 1020 1733 comparat
1037 1678 1225 1733 primum
1246 1689 1344 1719 cum
1362 1676 1478 1731 luna,
1495 1676 1708 1719 deinde...

201 1765 298 1796 cum
343 1753 464 1810 Gyge
505 1767 737 1809 puerorum
777 1754 1100 1797 formosissimo.
1142 1753 1232 1795 Iam
1267 1753 1348 1795 hoc
1376 1753 1480 1796 satis
1511 1754 1707 1809 ineptum

204 1829 318 1886 quod
366 1832 695 1887 comparationis
741 1844 870 1874 causa
913 1831 1043 1874 simul
1074 1831 1178 1874 luna
1211 1833 1253 1873 et
1283 1843 1392 1886 puer
1421 1829 1579 1885 aliquis
1611 1830 1710 1872 affe-

204 1910 383 1960 runtur3
430 1908 619 1964 ineptius
665 1911 807 1951 tamen
853 1908 958 1950 mihi
1001 1907 1174 1950 videtur
1215 1907 1331 1963 quod
1373 1910 1589 1963 postremo
1621 1910 1709 1949 tota

206 1981 377 2025 additur
406 1984 579 2040 stropha
611 1983 744 2041 Gygis
776 1983 978 2027 laudibus
1004 1984 1174 2040 repleta.
1203 1983 1274 2027 Sic
1303 1983 1419 2039 quod
1436 1995 1530 2026 esse
1544 1986 1709 2039 poterat

207 2071 375 2101 carmen
423 2059 734 2116 lepidissimum
779 2060 832 2103 ab
872 2062 966 2117 ipso
1007 2064 1132 2117 poeta
1163 2060 1417 2117 languidum
1449 2060 1611 2103 factum
1645 2063 1710 2103 est

206 2135 422 2191 taediique
454 2136 642 2192 plenum.

264 2211 343 2266 III,
377 2212 442 2254 18.
490 2212 686 2256 Faunum
728 2217 948 2270 pastorum
991 2214 1118 2256 deum
1160 2214 1275 2255 ruris
1307 2215 1471 2255 amator
1500 2211 1709 2255 Horatius

205 2287 440 2343 alloquitur
486 2289 674 2332 carmine
723 2290 837 2345 quod
885 2290 1241 2333 venustissimum
1284 2301 1377 2331 esse
1418 2289 1640 2344 potuisset,
1673 2290 1709 2331 si

205 2363 344 2406 tribus
377 2366 604 2406 contentus
633 2364 786 2408 fuisset
817 2366 1027 2421 strophis3
1061 2378 1180 2408 nunc
1210 2378 1340 2407 unam
1369 2365 1496 2407 etiam
1514 2364 1708 2408 addendo

205 2441 349 2483 omnia
393 2440 587 2496 perdidit.
637 2440 689 2482 In
737 2454 823 2496 qua
867 2441 1079 2497 permulta
1120 2453 1213 2483 esse
1257 2440 1566 2483 absurdissima
1597 2444 1710 2484 reete

207 2516 452 2559 observavit
503 2516 848 2573 Peerlkampius:
898 2530 1074 2560 securae
1122 2518 1290 2573 quietis,
1340 2517 1480 2573 qualis
1525 2516 1709 2560 Saturno

205 2596 410 2648 regnante
456 2592 553 2648 fuit,
601 2593 845 2648 exemplum
893 2593 1068 2636 affertur
1115 2607 1202 2635 non
1250 2606 1389 2649 agnus
1430 2594 1543 2636 inter
1584 2594 1710 2650 lupos

207 2669 371 2724 placide
411 2670 608 2725 gramina
649 2681 838 2725 carpens,
881 2669 956 2712 sed
998 2670 1128 2725 lupus
1160 2670 1273 2712 inter
1303 2670 1546 2713 audaces
1577 2684 1711 2727 agnos

207 2757 353 2788 errans
386 2747 541 2801 (neque
573 2749 716 2788 tamen
749 2745 949 2788 timidus:
983 2746 1045 2788 sic
1072 2746 1186 2788 enim
1213 2748 1467 2789 sententiam
1486 2747 1710 2803 cogitando

213 2822 409 2878 supplere
451 2823 604 2878 possis,
647 2835 734 2864 non
766 2822 924 2876 aliter);
957 2822 1165 2878 agricolae
1206 2823 1397 2866 invisa
1429 2836 1523 2867 esse
1554 2822 1711 2866 dicitur
