2034 3334
1024 366 1106 407 128

273 497 485 547 scriptum
511 507 587 546 pro
614 498 814 536 autem.
843 495 954 535 Nam
982 495 1227 535 rectissime
1244 495 1375 536 habet
1401 495 1842 549 adverbialiter,
1891 486 1895 491 ’

273 574 325 613 de
367 583 449 622 quo
490 572 821 613 Westerhovius
856 571 1083 612 dubitavit.
1116 571 1210 611 Hoc
1241 571 1357 612 enim
1389 571 1472 612 sibi
1502 572 1599 613 vult
1627 582 1716 614 vox
1745 571 1843 614 illa:

277 650 396 700 „Non
437 649 628 699 urgenda
667 649 800 688 verba
834 649 959 688 sunt:
992 647 1152 688 locutio
1183 647 1300 687 enim
1332 648 1439 688 haec
1469 650 1538 689 est
1568 659 1592 688 e
1622 647 1846 691 communi

272 736 472 766 sermone
504 725 776 765 hominum.”

335 803 401 842 18.
451 801 590 852 Quin
646 803 704 841 tu
751 811 856 840 uno
902 801 1072 841 verbo
1119 801 1221 848 dic]
1273 800 1398 850 „Una
1441 801 1661 844 sententia
1703 801 1755 842 ut
1798 798 1844 842 in

271 878 499 928 Adelphis:

719 965 869 994 meum
902 954 1006 994 illud
1037 953 1220 993 verbum
1250 953 1374 1004 facio,
1408 953 1519 1003 quod
1550 955 1612 1005 tu,
1644 953 1783 1004 Μὶοἰο,

359 1031 475 1071 Bene
493 1041 543 1071 ac
559 1030 778 1081 sapienter
794 1030 905 1070 dixti
922 1030 1107 1070 dudum:
1125 1029 1282 1070 vitium
1301 1040 1532 1070 commune
1549 1029 1746 1071 omnium
1762 1030 1842 1082 eet,
1904 1057 1908 1061 -

360 1106 478 1157 Quod
510 1107 697 1146 nimium
729 1107 782 1146 ad
814 1116 908 1146 rem
940 1106 985 1145 in
1016 1107 1193 1146 senecta
1225 1106 1382 1146 attenti
1413 1116 1580 1147 sumus.

270 1183 382 1223 Nam
428 1183 544 1223 male
592 1183 796 1233 intelligit
837 1182 910 1232 qui
951 1183 1077 1232 putat
1109 1182 1421 1222 assimules
1451 1181 1683 1223 verbum
1713 1181 1843 1233 signi-

268 1258 440 1299 ficare.”
489 1259 699 1309 corrupta
744 1259 966 1309 postrema
1011 1260 1115 1299 sunt
1155 1259 1284 1308 atque
1326 1259 1389 1298 sic
1429 1258 1519 1299 fere
1550 1258 1841 1299 emendanda:

272 1346 402 1384 „nam
428 1336 543 1375 male
571 1335 776 1385 intelligit
801 1335 874 1384 qui
899 1336 1025 1385 putat
1051 1335 1350 1374 assimiles
1366 1335 1548 1375 verbum
1565 1331 1857 1385 singnificatiss’⁴

268 1411 361 1451 Hoc
403 1413 520 1451 enim
562 1412 680 1451 vult:
717 1412 973 1462 „verbum
1006 1411 1076 1451 hic
1108 1413 1176 1451 est
1206 1410 1520 1460 sententia;
1552 1411 1699 1460 itaque
1729 1410 1843 1461 inep-

267 1487 383 1527 tiunt
429 1489 501 1537 qui
544 1488 810 1528 contendunt
850 1487 1041 1536 aliquam
1074 1487 1337 1527 intercedere
1368 1487 1583 1527 rationem
1614 1486 1728 1527 inter
1762 1486 1846 1527 hoc

269 1575 373 1604 uno
405 1565 575 1604 verbo
608 1566 737 1614 atque
764 1564 868 1604 illud
896 1564 1215 1613 assimileS‚
1245 1574 1328 1612 quo
1354 1573 1460 1604 mox
1486 1563 1607 1603 Simo
1632 1565 1712 1611 (vs.
1743 1564 1843 1611 141)

267 1651 426 1680 usurus
468 1642 578 1680 est.'’
621 1641 731 1680 Nam
773 1639 908 1679 fuisse
946 1640 1018 1689 qui
1050 1640 1094 1679 in
1126 1639 1380 1689 explicando
1410 1649 1516 1679 uno
1547 1638 1719 1680 verbo
1747 1640 1843 1680 tam

267 1718 410 1767 inepte
443 1717 675 1756 delirarent
706 1717 955 1766 proximum
983 1717 1107 1756 docet
1133 1715 1340 1766 scholion,
1368 1715 1441 1755 ubi
1467 1715 1510 1755 id
1525 1716 1670 1766 ipsum
1686 1715 1844 1756 dicitur

267 1793 378 1842 quod
410 1795 558 1833 nostro
591 1794 925 1833 condemnatur:
959 1793 1041 1832 ita
1071 1793 1305 1839 faciam]
1343 1792 1462 1842 „Hoc
1490 1793 1570 1842 est,
1598 1801 1685 1832 uno
1709 1791 1843 1832 verbo

266 1869 430 1918 dicam;
480 1871 523 1909 et
569 1870 681 1918 quod
727 1870 908 1909 verbum
957 1869 1173 1919 promittit
1220 1868 1278 1908 ibi
1323 1868 1449 1908 dicit:
1492 1868 1646 1908 Nunc
1684 1868 1842 1908 tuum

266 1945 529 1985 officium
562 1946 670 1996 est,
705 1946 805 1986 has
836 1946 974 1985 bene
1005 1947 1064 1985 ut
1095 1945 1393 1985 assimiles
1425 1944 1702 1995 nuptias.'’

326 2022 395 2061 37.
435 2022 632 2061 Eorum
681 2022 918 2071 obsequi
949 2022 1180 2068 studiis]
1229 2021 1405 2071 „Talem
1437 2031 1533 2060 esse
1564 2019 1842 2070 Pamphilum

265 2097 443 2136 adiuvat
484 2099 791 2146 argumentum
823 2098 1005 2148 fabulae,
1039 2098 1171 2137 simul
1204 2099 1248 2137 et
1279 2097 1558 2137 Charinum.’'
1591 2096 1696 2137 Mire
1726 2096 1845 2137 dicta

264 2173 393 2220 haec;
428 2175 628 2222 corrupta
658 2176 808 2214 tamen
839 2184 925 2214 non
951 2175 1164 2213 videntur.
1192 2174 1285 2213 Hoc
1311 2173 1428 2213 enim
1454 2173 1549 2212 vult
1575 2172 1840 2213 Scholiasta:

270 2249 397 2297 „Mite
430 2249 534 2288 illud
566 2251 610 2289 et
642 2250 834 2290 clemens
860 2250 1076 2299 Pamphili
1103 2250 1325 2299 ingenium
1351 2250 1494 2288 totum
1521 2248 1692 2289 fabulae
1717 2258 1840 2299 argu·

264 2326 464 2364 mentum
497 2326 635 2365 reddit
667 2326 927 2374 verisimile;
961 2326 1093 2365 simul
1125 2325 1229 2364 illud
1261 2325 1450 2374 proderit
1480 2323 1688 2365 Charino:
1713 2323 1841 2365 facile

265 2401 380 2439 enim
414 2401 526 2440 inter
558 2402 665 2440 duos
698 2402 878 2441 iuvenes
909 2402 1006 2441 rixa
1037 2401 1138 2441 oriri
1170 2401 1395 2450 potuisset,
1428 2400 1513 2440 nisi
1544 2400 1655 2440 alter
1688 2409 1840 2441 eorum

265 2478 357 2515 tam
390 2478 648 2516 mansuetus
679 2477 847 2516 fuisset.

324 2553 393 2591 42.
438 2553 690 2600 Interea]
738 2554 936 2603 „Interea
977 2555 1057 2603 est,
1097 2564 1194 2592 cum
1228 2553 1358 2592 habet
1389 2553 1646 2592 instantiam
1677 2552 1837 2603 superi-

264 2639 387 2667 orum
421 2630 659 2668 actorum.”
693 2629 848 2678 Ecquis
880 2630 986 2668 haec
1014 2629 1248 2678 intelligit?
1274 2630 1343 2669 An
1369 2629 1476 2668 haec
1503 2630 1571 2668 est
1596 2629 1836 2669 sententia:

265 2704 487 2743 interea
519 2707 614 2744 tum
646 2706 819 2754 ponitur
851 2715 950 2744 cum
982 2715 1095 2745 nova
1125 2715 1171 2744 re
1203 2705 1348 2744 oblata
1379 2705 1463 2754 ille,
1497 2705 1570 2754 qui
1595 2705 1726 2744 antea
1739 2703 1835 2755 fuit,

263 2790 406 2818 rerum
435 2780 640 2819 decursus
668 2782 809 2821 subito
837 2781 1019 2830 sistitur,
1050 2791 1238 2829 moxque
1266 2781 1310 2819 in
1338 2780 1603 2820 contrarium
1619 2779 1838 2820 vertitur?

323 2857 392 2893 44.
442 2855 671 2904 „Chrysis”
717 2858 778 2895 sic
820 2858 908 2896 fere
942 2858 1183 2897 Scholiasta
1214 2857 1403 2905 loquitur
1437 2856 1664 2906 „omnibus
1694 2855 1836 2895 modis

263 2933 327 2968 ost
362 2933 580 2979 purganda
614 2933 957 2982 excusandaque,
988 2933 1192 2981 quoniam
1222 2932 1469 2981 Glycerium
1497 2941 1717 2980 nunquam
1743 2929 1837 2970 fieri
