2034 3334
933 397 1014 435 145

194 522 246 562 de
286 522 460 561 homine
502 521 577 560 sed
612 522 838 569 tamquam
870 521 920 559 de
952 521 1112 569 pecude
1143 520 1270 568 loqui,
1304 529 1413 567 quae
1446 519 1682 558 calcaribus
1714 521 1758 558 et

182 597 443 636 -verberibus
484 597 542 635 sit
583 596 863 645 admonenda,
906 596 1244 645 prudentissima
1275 596 1343 634 est
1377 594 1586 644 „Donati”
1618 595 1757 634 obser-

195 674 325 723 vatio,
360 673 435 712 sed
466 673 587 711 illam
619 673 935 710 commentator
960 671 1280 720 philosophicus
1305 672 1398 710 tam
1423 670 1552 719 longa
1577 670 1761 709 involvit

195 749 247 788 de
277 749 477 787 sensibus
509 748 810 797 disputatione,
843 749 894 786 ut
923 748 1012 787 fere
1042 748 1134 786 tota
1164 747 1311 786 lateat.

259 825 325 864 15.
358 824 543 864 Auditur
573 824 853 873 parturientis
885 823 1070 872 Glycerii
1101 823 1298 862 eiulatio:

432 900 539 938 Iuno
571 899 743 949 Lucina,
777 899 840 938 ser
872 900 1018 948 opem!
1053 908 1180 937 serva
1210 909 1281 937 me
1313 898 1500 937 obsecro.

195 975 463 1014 Annotatur:
497 985 664 1014 serva
694 985 776 1013 me
808 975 1056 1020 obsecro]
1095 974 1213 1023 „Hoc
1244 975 1369 1012 extra
1394 974 1528 1012 etiam
1555 974 1666 1012 hanc
1691 983 1759 1022 po—

196 1051 403 1090 testatem
444 1050 597 1089 Iunoni
638 1050 929 1089 attribuitur.''
971 1049 1111 1088 Verba
1151 1059 1282 1088 sensu
1319 1059 1443 1088 cassa
1473 1049 1586 1088 haud
1618 1049 1762 1098 inepte

196 1126 400 1165 emendes
431 1136 506 1174 pro
539 1125 711 1164 etiam
753 1125 893 1164 hanc
923 1125 1101 1173 legendo
1134 1126 1394 1164 ceteram.

260 1202 326 1241 18.
359 1201 576 1240 Parturire
603 1211 650 1240 se
676 1199 837 1249 fingere
864 1200 1111 1249 Glycerium
1136 1200 1244 1239 Davi
1270 1201 1439 1239 monitu
1464 1210 1600 1239 senex
1626 1199 1760 1248 suspi-

197 1278 330 1315 catur.
374 1277 534 1315 Laetus
575 1286 687 1326 ergo,
721 1276 832 1324 quod
863 1276 978 1314 hunc
1008 1276 1154 1315 dolum
1185 1276 1230 1314 in
1260 1277 1454 1324 tempore
1486 1275 1760 1324 intellexerit,

200 1351 371 1391 Davum
403 1351 584 1390 ludibrio
616 1351 746 1390 habet
778 1352 843 1390 et:

906 1427 1001 1466 Non
1031 1429 1102 1466 sat
1133 1427 1357 1466 commode

434 1503 584 1542 Divisa
614 1504 716 1542 sunt
746 1503 1012 1551 temporibus
1043 1503 1133 1552 tibi,
1166 1503 1296 1552 Dave,
1329 1503 1448 1542 haec.

199 1579 258 1617 At
288 1578 370 1628 ille,
404 1578 481 1617 vix
511 1578 643 1617 verba
674 1578 766 1617 eius
798 1578 976 1617 audiens
1007 1578 1216 1617 mihin?
1247 1579 1381 1625 rogat.

259 1654 326 1693 Ad
368 1664 500 1702 quam
531 1663 684 1692 vocem
716 1655 968 1692 annotatur:
1006 1653 1183 1702 „Adhuc
1213 1654 1359 1693 Davus
1391 1664 1477 1693 non
1507 1655 1686 1703 percipit
1723 1656 1766 1693 et

198 1731 306 1769 bene
347 1730 470 1778 quasi
511 1730 637 1779 dicat,
682 1740 779 1769 cum
822 1730 893 1768 ille
924 1730 1123 1777 loquatur
1154 1730 1252 1768 illae
1284 1731 1457 1778 agant.”
1491 1730 1691 1769 Scholion
1722 1730 1766 1769 et

200 1806 448 1855 corruptum
494 1806 538 1844 et
577 1805 795 1844 mutilum.
839 1805 953 1844 Olim
994 1805 1075 1844 hoc
1114 1805 1203 1844 fere
1244 1806 1454 1854 scriptum
1493 1806 1598 1845 fuit:
1640 1806 1764 1854 quasi

200 1881 336 1920 dicat:
372 1891 499 1930 „cum
529 1880 600 1919 ille
632 1881 842 1930 loquatur,
876 1881 950 1920 illa
981 1882 1082 1930 agat
1109 1882 1288 1927 (interea
1312 1883 1464 1930 sponte
1491 1892 1640 1921 meum
1668 1892 1761 1921 con-

200 1956 347 1995 silium
378 1955 652 2004 perficitur).”
687 1956 766 2005 Qui
797 1957 914 1995 enim
945 1958 996 1996 de
1029 1957 1210 1997 alicuius
1236 1958 1299 1996 rei
1326 1957 1447 1997 exitu
1473 1968 1650 1997 securus
1682 1959 1761 2008 est,

201 2042 301 2071 cum
342 2031 394 2070 ab
436 2031 520 2070 alio
555 2031 864 2082 interpellatur,
899 2033 952 2071 ad
983 2033 1106 2072 illum
1138 2034 1335 2072 animum
1366 2043 1452 2072 non
1483 2011 1670 2072 advertit
1701 2044 1762 2073 se—

201 2117 384 2155 cumque
416 2106 598 2155 cogitat:
630 2107 828 2156 „loquere
854 2108 994 2158 modo,
1023 2108 1188 2147 interea
1213 2108 1263 2147 fit
1289 2109 1400 2157 quod
1428 2119 1505 2157 ego
1522 2109 1764 2148 volebam.”

260 2257 336 2308 111,
380 2258 419 2307 2,
465 2258 504 2296 2.
548 2257 679 2306 Signa
718 2267 814 2296 esse
856 2259 909 2297 ad
944 2258 1146 2305 salutem]
1184 2259 1331 2308 „deest
1361 2259 1661 2299 haerentia
1691 2261 1767 2298 aut

202 2332 600 2381 pertinentia.'’
632 2332 794 2371 Vocem
825 2333 1125 2372 haerentia
1156 2336 1402 2383 corruptam
1433 2345 1528 2374 esse
1560 2335 1765 2384 suspicor.

266 2408 318 2446 12
350 2418 441 2456 sqq.
475 2408 556 2446 His
586 2407 729 2448 verbis
762 2409 879 2447 Simo
911 2409 955 2447 in
985 2409 1154 2448 Davum
1186 2409 1426 2448 invehitur:

383 2484 415 2523 O
442 2483 572 2534 Dave,
602 2484 693 2522 itan
720 2485 971 2523 contemnor
987 2485 1063 2523 abs
1080 2486 1123 2523 te
1135 2485 1155 2523 ⁵?
1172 2485 1248 2523 aut
1264 2484 1380 2524 itane
1397 2486 1573 2525 tandem
1590 2485 1768 2524 idoneus

382 2559 475 2597 Tibi
501 2559 648 2597 videor
674 2569 782 2608 esse,
812 2569 941 2607 quem
966 2561 1059 2598 tam
1085 2561 1231 2608 aperte
1257 2560 1404 2599 fallere
1431 2560 1611 2609 incipias
1627 2561 1768 2600 dolis?

382 2634 546 2673 Saltem
577 2636 788 2683 accurate,
822 2636 871 2673 ut
901 2634 1039 2674 metui
1069 2635 1216 2674 videar
1248 2636 1362 2674 certe
1394 2636 1431 2674 si
1463 2636 1726 2676 resciverim.

204 2710 270 2747 Ad
311 2710 367 2748 ut
407 2731 463 2736 -—
505 2709 843 2748 resciverim
885 2711 1138 2749 annotatur:
1185 2712 1329 2760 „...et
1364 2712 1511 2750 utrum
1541 2722 1617 2760 pro
1651 2722 1769 2750 cum

205 2784 543 2823 resciverim
581 2795 636 2823 an
662 2784 762 2832 quia
793 2785 977 2823 stultum
1010 2795 1080 2823 me
1111 2786 1238 2834 putas
1249 2786 1298 2824 ?'’
1331 2786 1489 2824 Scholii
1520 2788 1596 2825 aut
1626 2788 1770 2826 mutili

206 2861 282 2899 aut
311 2859 443 2898 nimis
476 2861 656 2898 coartati
682 2860 788 2898 haec
815 2861 882 2898 est
907 2860 1146 2899 sententia:
1181 2862 1350 2911 „utrum
1377 2861 1468 2899 vim
1485 2863 1770 2911 temporalem

208 2937 353 2981 (cum)
396 2935 525 2973 habet
567 2934 635 2984 si,
680 2945 734 2974 an
777 2945 827 2973 ea
857 2946 1023 2983 quoque
1055 2945 1158 2974 voce
1191 2936 1457 2985 significatur
1487 2948 1770 2987 permagnam

1593 3007 1628 3036 10
