<?xml version="1.0" encoding="UTF-8"?>
<!DOCTYPE html PUBLIC "-//W3C//DTD XHTML 1.0 Transitional//EN"
    "http://www.w3.org/TR/xhtml1/DTD/xhtml1-transitional.dtd">
<html xmlns="http://www.w3.org/1999/xhtml" xml:lang="en" lang="en">
 <head>
  <title>
</title>
<meta http-equiv="Content-Type" content="text/html;charset=utf-8" />
  <meta name='ocr-system' content='tesseract 3.04.00' />
  <meta name='ocr-capabilities' content='ocr_page ocr_carea ocr_par ocr_line ocrx_word'/>
</head>
<body>
  <div class='ocr_page' id='page_1' title='image "./dehoratiopota00hartuoft_0033.png"; bbox 0 0 2034 3334; ppageno 0'>
   <div class='ocr_carea' id='block_1_1' title="bbox 902 359 958 399">
    <p class='ocr_par' dir='ltr' id='par_1_1' title="bbox 902 359 958 399">
     <span class='ocr_line' id='line_1_1' title="bbox 902 359 958 399; baseline 0 0"><span class='ocrx_word' id='word_1_1' title='bbox 902 359 958 399; x_wconf 81' lang='lat'>25</span> 
     </span>
    </p>
   </div>
   <div class='ocr_carea' id='block_1_2' title="bbox 175 480 1686 2372">
    <p class='ocr_par' dir='ltr' id='par_1_2' title="bbox 175 480 1685 1685">
     <span class='ocr_line' id='line_1_2' title="bbox 175 480 1683 539; baseline -0.002 -14"><span class='ocrx_word' id='word_1_2' title='bbox 175 483 422 526; x_wconf 88' lang='lat' dir='ltr'>liberius</span> <span class='ocrx_word' id='word_1_3' title='bbox 453 484 728 538; x_wconf 89' lang='lat' dir='ltr'>scripturum,</span> <span class='ocrx_word' id='word_1_4' title='bbox 764 483 809 524; x_wconf 92' lang='lat' dir='ltr'>in</span> <span class='ocrx_word' id='word_1_5' title='bbox 839 496 936 539; x_wconf 92' lang='lat' dir='ltr'>quo,</span> <span class='ocrx_word' id='word_1_6' title='bbox 969 485 1018 524; x_wconf 89' lang='lat' dir='ltr'>ut</span> <span class='ocrx_word' id='word_1_7' title='bbox 1049 481 1142 524; x_wconf 90' lang='lat' dir='ltr'>fieri</span> <span class='ocrx_word' id='word_1_8' title='bbox 1174 481 1282 524; x_wconf 88' lang='lat' dir='ltr'>solet</span> <span class='ocrx_word' id='word_1_9' title='bbox 1308 482 1352 523; x_wconf 89' lang='lat' dir='ltr'>in</span> <span class='ocrx_word' id='word_1_10' title='bbox 1371 480 1683 536; x_wconf 89' lang='lat' dir='ltr'>Epodis,spur-</span> 
     </span>
     <span class='ocr_line' id='line_1_3' title="bbox 176 558 1683 615; baseline -0.003 -13"><span class='ocrx_word' id='word_1_11' title='bbox 176 573 249 602; x_wconf 87' lang='lat' dir='ltr'>cae</span> <span class='ocrx_word' id='word_1_12' title='bbox 296 573 363 603; x_wconf 88' lang='lat' dir='ltr'>res</span> <span class='ocrx_word' id='word_1_13' title='bbox 410 560 575 615; x_wconf 90' lang='lat' dir='ltr'>spurcis</span> <span class='ocrx_word' id='word_1_14' title='bbox 620 559 839 602; x_wconf 89' lang='lat' dir='ltr'>vocabulis</span> <span class='ocrx_word' id='word_1_15' title='bbox 883 559 1222 612; x_wconf 78' lang='lat' dir='ltr'>nominarentur,</span> <span class='ocrx_word' id='word_1_16' title='bbox 1254 559 1462 600; x_wconf 88' lang='lat' dir='ltr'>iocantem</span> <span class='ocrx_word' id='word_1_17' title='bbox 1496 558 1683 613; x_wconf 85' lang='lat' dir='ltr'>graviter</span> 
     </span>
     <span class='ocr_line' id='line_1_4' title="bbox 177 633 1681 693; baseline -0.003 -14"><span class='ocrx_word' id='word_1_18' title='bbox 177 640 377 679; x_wconf 87' lang='lat' dir='ltr'>sonantes</span> <span class='ocrx_word' id='word_1_19' title='bbox 422 649 572 680; x_wconf 88' lang='lat' dir='ltr'>versus</span> <span class='ocrx_word' id='word_1_20' title='bbox 605 637 878 693; x_wconf 81' lang='lat' dir='ltr'>praemisisse</span> <span class='ocrx_word' id='word_1_21' title='bbox 910 635 1069 692; x_wconf 89' lang='lat' dir='ltr'>quibus</span> <span class='ocrx_word' id='word_1_22' title='bbox 1102 635 1302 678; x_wconf 89' lang='lat' dir='ltr'>Lesbium</span> <span class='ocrx_word' id='word_1_23' title='bbox 1336 636 1555 677; x_wconf 87' lang='lat' dir='ltr'>invocaret</span> <span class='ocrx_word' id='word_1_24' title='bbox 1587 633 1681 675; x_wconf 89' lang='lat' dir='ltr'>bar-</span> 
     </span>
     <span class='ocr_line' id='line_1_5' title="bbox 176 712 1679 769; baseline -0.002 -14"><span class='ocrx_word' id='word_1_25' title='bbox 176 712 306 755; x_wconf 86' lang='lat' dir='ltr'>biton.</span> <span class='ocrx_word' id='word_1_26' title='bbox 352 712 510 769; x_wconf 88' lang='lat' dir='ltr'>Lepida</span> <span class='ocrx_word' id='word_1_27' title='bbox 552 717 628 768; x_wconf 87' lang='lat' dir='ltr'>est,</span> <span class='ocrx_word' id='word_1_28' title='bbox 657 716 704 755; x_wconf 89' lang='lat' dir='ltr'>ut</span> <span class='ocrx_word' id='word_1_29' title='bbox 736 712 913 766; x_wconf 78' lang='lat' dir='ltr'>aiebam,</span> <span class='ocrx_word' id='word_1_30' title='bbox 944 713 1212 754; x_wconf 88' lang='lat' dir='ltr'>coniectura:</span> <span class='ocrx_word' id='word_1_31' title='bbox 1247 724 1391 754; x_wconf 88' lang='lat' dir='ltr'>veram</span> <span class='ocrx_word' id='word_1_32' title='bbox 1427 723 1520 754; x_wconf 89' lang='lat' dir='ltr'>esse</span> <span class='ocrx_word' id='word_1_33' title='bbox 1553 723 1679 752; x_wconf 89' lang='lat' dir='ltr'>nemo</span> 
     </span>
     <span class='ocr_line' id='line_1_6' title="bbox 178 786 1684 843; baseline -0.002 -12"><span class='ocrx_word' id='word_1_34' title='bbox 178 789 300 832; x_wconf 90' lang='lat' dir='ltr'>facile</span> <span class='ocrx_word' id='word_1_35' title='bbox 341 790 505 843; x_wconf 85' lang='lat' dir='ltr'>credet3</span> <span class='ocrx_word' id='word_1_36' title='bbox 550 789 691 832; x_wconf 90' lang='lat' dir='ltr'>verbis</span> <span class='ocrx_word' id='word_1_37' title='bbox 723 790 836 833; x_wconf 91' lang='lat' dir='ltr'>enim</span> <span class='ocrx_word' id='word_1_38' title='bbox 855 789 944 832; x_wconf 91' lang='lat' dir='ltr'>dic</span> <span class='ocrx_word' id='word_1_39' title='bbox 977 788 1262 842; x_wconf 89' lang='lat' dir='ltr'>Latinum,</span> <span class='ocrx_word' id='word_1_40' title='bbox 1293 786 1539 841; x_wconf 90' lang='lat' dir='ltr'>Barbite,</span> <span class='ocrx_word' id='word_1_41' title='bbox 1573 799 1684 828; x_wconf 92' lang='lat' dir='ltr'>car-</span> 
     </span>
     <span class='ocr_line' id='line_1_7' title="bbox 181 863 1683 922; baseline -0.003 -13"><span class='ocrx_word' id='word_1_42' title='bbox 181 879 298 909; x_wconf 91' lang='lat' dir='ltr'>men</span> <span class='ocrx_word' id='word_1_43' title='bbox 345 865 548 909; x_wconf 89' lang='lat' dir='ltr'>Lesbio</span> <span class='ocrx_word' id='word_1_44' title='bbox 596 867 832 922; x_wconf 92' lang='lat' dir='ltr'>primum</span> <span class='ocrx_word' id='word_1_45' title='bbox 883 865 1172 908; x_wconf 90' lang='lat' dir='ltr'>modulate</span> <span class='ocrx_word' id='word_1_46' title='bbox 1220 865 1338 906; x_wconf 92' lang='lat' dir='ltr'>civi</span> <span class='ocrx_word' id='word_1_47' title='bbox 1385 863 1602 917; x_wconf 87' lang='lat' dir='ltr'>Horatius,</span> <span class='ocrx_word' id='word_1_48' title='bbox 1635 866 1683 905; x_wconf 92' lang='lat' dir='ltr'>ut</span> 
     </span>
     <span class='ocr_line' id='line_1_8' title="bbox 180 928 1683 998; baseline -0.003 -13"><span class='ocrx_word' id='word_1_49' title='bbox 180 928 431 997; x_wconf 43' lang='lat' dir='ltr'>soletssuas</span> <span class='ocrx_word' id='word_1_50' title='bbox 462 942 611 985; x_wconf 90' lang='lat' dir='ltr'>laudes</span> <span class='ocrx_word' id='word_1_51' title='bbox 645 941 869 998; x_wconf 89' lang='lat' dir='ltr'>praedicat,</span> <span class='ocrx_word' id='word_1_52' title='bbox 898 942 973 997; x_wconf 92' lang='lat' dir='ltr'>qui</span> <span class='ocrx_word' id='word_1_53' title='bbox 998 942 1165 998; x_wconf 90' lang='lat' dir='ltr'>primus</span> <span class='ocrx_word' id='word_1_54' title='bbox 1193 940 1322 983; x_wconf 89' lang='lat' dir='ltr'>verba</span> <span class='ocrx_word' id='word_1_55' title='bbox 1350 939 1499 982; x_wconf 91' lang='lat' dir='ltr'>Latina</span> <span class='ocrx_word' id='word_1_56' title='bbox 1516 938 1683 982; x_wconf 89' lang='lat' dir='ltr'>Lesbiis</span> 
     </span>
     <span class='ocr_line' id='line_1_9' title="bbox 180 1017 1684 1073; baseline -0.003 -12"><span class='ocrx_word' id='word_1_57' title='bbox 180 1020 372 1061; x_wconf 89' lang='lat' dir='ltr'>numeris</span> <span class='ocrx_word' id='word_1_58' title='bbox 404 1019 685 1061; x_wconf 86' lang='lat' dir='ltr'>exornaverit.</span> <span class='ocrx_word' id='word_1_59' title='bbox 720 1017 802 1061; x_wconf 87' lang='lat' dir='ltr'>Sed</span> <span class='ocrx_word' id='word_1_60' title='bbox 834 1018 932 1061; x_wconf 87' lang='lat' dir='ltr'>licet</span> <span class='ocrx_word' id='word_1_61' title='bbox 959 1017 1254 1073; x_wconf 86' lang='lat' dir='ltr'>Peerlkampio</span> <span class='ocrx_word' id='word_1_62' title='bbox 1283 1030 1368 1059; x_wconf 90' lang='lat' dir='ltr'>non</span> <span class='ocrx_word' id='word_1_63' title='bbox 1385 1017 1684 1071; x_wconf 87' lang='lat' dir='ltr'>assentiamur,</span> 
     </span>
     <span class='ocr_line' id='line_1_10' title="bbox 179 1091 1682 1151; baseline -0.002 -14"><span class='ocrx_word' id='word_1_64' title='bbox 179 1098 321 1137; x_wconf 90' lang='lat' dir='ltr'>tamen</span> <span class='ocrx_word' id='word_1_65' title='bbox 375 1095 531 1151; x_wconf 90' lang='lat' dir='ltr'>aliquis</span> <span class='ocrx_word' id='word_1_66' title='bbox 579 1108 686 1138; x_wconf 89' lang='lat' dir='ltr'>usus</span> <span class='ocrx_word' id='word_1_67' title='bbox 732 1107 826 1138; x_wconf 91' lang='lat' dir='ltr'>esse</span> <span class='ocrx_word' id='word_1_68' title='bbox 872 1098 1010 1150; x_wconf 89' lang='lat' dir='ltr'>potest</span> <span class='ocrx_word' id='word_1_69' title='bbox 1057 1093 1286 1137; x_wconf 90' lang='lat' dir='ltr'>verborum</span> <span class='ocrx_word' id='word_1_70' title='bbox 1337 1105 1447 1148; x_wconf 91' lang='lat' dir='ltr'>quae</span> <span class='ocrx_word' id='word_1_71' title='bbox 1494 1091 1682 1134; x_wconf 88' lang='lat' dir='ltr'>addidit:</span> 
     </span>
     <span class='ocr_line' id='line_1_11' title="bbox 185 1169 1683 1227; baseline -0.002 -14"><span class='ocrx_word' id='word_1_72' title='bbox 185 1170 357 1227; x_wconf 89' lang='lat' dir='ltr'>„Ipsum</span> <span class='ocrx_word' id='word_1_73' title='bbox 406 1185 506 1215; x_wconf 92' lang='lat' dir='ltr'>vero</span> <span class='ocrx_word' id='word_1_74' title='bbox 552 1171 657 1214; x_wconf 93' lang='lat' dir='ltr'>illud</span> <span class='ocrx_word' id='word_1_75' title='bbox 705 1170 970 1214; x_wconf 77' lang='lat' dir='ltr'>Latinum</span> <span class='ocrx_word' id='word_1_76' title='bbox 1016 1183 1235 1213; x_wconf 90' lang='lat' dir='ltr'>carmen</span> <span class='ocrx_word' id='word_1_77' title='bbox 1268 1169 1537 1212; x_wconf 87' lang='lat' dir='ltr'>intercidisse</span> <span class='ocrx_word' id='word_1_78' title='bbox 1567 1172 1683 1225; x_wconf 91' lang='lat' dir='ltr'>puto.</span> 
     </span>
     <span class='ocr_line' id='line_1_12' title="bbox 182 1245 1684 1303; baseline -0.003 -13"><span class='ocrx_word' id='word_1_79' title='bbox 182 1247 288 1302; x_wconf 87' lang='lat' dir='ltr'>Hoc,</span> <span class='ocrx_word' id='word_1_80' title='bbox 319 1247 512 1303; x_wconf 91' lang='lat' dir='ltr'>XXXII,</span> <span class='ocrx_word' id='word_1_81' title='bbox 547 1261 631 1290; x_wconf 91' lang='lat' dir='ltr'>non</span> <span class='ocrx_word' id='word_1_82' title='bbox 666 1251 730 1291; x_wconf 85' lang='lat' dir='ltr'>est</span> <span class='ocrx_word' id='word_1_83' title='bbox 759 1247 881 1290; x_wconf 92' lang='lat' dir='ltr'>illud.</span> <span class='ocrx_word' id='word_1_84' title='bbox 914 1246 1156 1298; x_wconf 85' lang='lat' dir='ltr'>Quominus</span> <span class='ocrx_word' id='word_1_85' title='bbox 1190 1247 1258 1302; x_wconf 88' lang='lat' dir='ltr'>sit,</span> <span class='ocrx_word' id='word_1_86' title='bbox 1290 1246 1357 1289; x_wconf 89' lang='lat' dir='ltr'>vel</span> <span class='ocrx_word' id='word_1_87' title='bbox 1391 1246 1513 1288; x_wconf 90' lang='lat' dir='ltr'>metri</span> <span class='ocrx_word' id='word_1_88' title='bbox 1546 1245 1684 1288; x_wconf 91' lang='lat' dir='ltr'>diver-</span> 
     </span>
     <span class='ocr_line' id='line_1_13' title="bbox 182 1320 1684 1380; baseline -0.002 -14"><span class='ocrx_word' id='word_1_89' title='bbox 182 1325 284 1366; x_wconf 87' lang='lat' dir='ltr'>sitas</span> <span class='ocrx_word' id='word_1_90' title='bbox 317 1327 439 1367; x_wconf 86' lang='lat' dir='ltr'>vetat.</span> <span class='ocrx_word' id='word_1_91' title='bbox 474 1323 695 1375; x_wconf 78' lang='lat' dir='ltr'>Quomodo</span> <span class='ocrx_word' id='word_1_92' title='bbox 730 1325 844 1367; x_wconf 93' lang='lat' dir='ltr'>enim</span> <span class='ocrx_word' id='word_1_93' title='bbox 877 1325 974 1380; x_wconf 89' lang='lat' dir='ltr'>quis</span> <span class='ocrx_word' id='word_1_94' title='bbox 1008 1327 1129 1378; x_wconf 83' lang='lat' dir='ltr'>rogat</span> <span class='ocrx_word' id='word_1_95' title='bbox 1160 1323 1298 1377; x_wconf 81' lang='lat' dir='ltr'>lyram</span> <span class='ocrx_word' id='word_1_96' title='bbox 1331 1323 1493 1377; x_wconf 83' lang='lat' dir='ltr'>Alcaei,</span> <span class='ocrx_word' id='word_1_97' title='bbox 1526 1325 1575 1364; x_wconf 90' lang='lat' dir='ltr'>ut</span> <span class='ocrx_word' id='word_1_98' title='bbox 1602 1320 1684 1364; x_wconf 91' lang='lat' dir='ltr'>sibi</span> 
     </span>
     <span class='ocr_line' id='line_1_14' title="bbox 181 1398 1683 1456; baseline -0.002 -15"><span class='ocrx_word' id='word_1_99' title='bbox 181 1399 320 1442; x_wconf 87' lang='lat' dir='ltr'>faveat</span> <span class='ocrx_word' id='word_1_100' title='bbox 365 1401 410 1442; x_wconf 93' lang='lat' dir='ltr'>in</span> <span class='ocrx_word' id='word_1_101' title='bbox 457 1400 648 1443; x_wconf 90' lang='lat' dir='ltr'>canendo</span> <span class='ocrx_word' id='word_1_102' title='bbox 691 1400 838 1443; x_wconf 89' lang='lat' dir='ltr'>modos</span> <span class='ocrx_word' id='word_1_103' title='bbox 872 1399 1105 1456; x_wconf 82' lang='lat' dir='ltr'>Sapphicos</span> <span class='ocrx_word' id='word_1_104' title='bbox 1118 1398 1168 1441; x_wconf 80' lang='lat'>?&#39;&#39;</span> <span class='ocrx_word' id='word_1_105' title='bbox 1199 1398 1354 1441; x_wconf 88' lang='lat' dir='ltr'>Nonne</span> <span class='ocrx_word' id='word_1_106' title='bbox 1385 1399 1498 1441; x_wconf 89' lang='lat' dir='ltr'>enim</span> <span class='ocrx_word' id='word_1_107' title='bbox 1532 1398 1607 1454; x_wconf 93' lang='lat' dir='ltr'>qui</span> <span class='ocrx_word' id='word_1_108' title='bbox 1638 1398 1683 1438; x_wconf 92' lang='lat' dir='ltr'>in</span> 
     </span>
     <span class='ocr_line' id='line_1_15' title="bbox 181 1475 1685 1533; baseline -0.001 -15"><span class='ocrx_word' id='word_1_109' title='bbox 181 1477 368 1519; x_wconf 80' lang='lat' dir='ltr'>carmine</span> <span class='ocrx_word' id='word_1_110' title='bbox 415 1476 636 1533; x_wconf 89' lang='lat' dir='ltr'>Sapphico,</span> <span class='ocrx_word' id='word_1_111' title='bbox 678 1477 782 1520; x_wconf 92' lang='lat' dir='ltr'>dum</span> <span class='ocrx_word' id='word_1_112' title='bbox 825 1477 877 1520; x_wconf 89' lang='lat' dir='ltr'>de</span> <span class='ocrx_word' id='word_1_113' title='bbox 918 1480 1091 1519; x_wconf 79' lang='lat' dir='ltr'>auctore</span> <span class='ocrx_word' id='word_1_114' title='bbox 1132 1477 1235 1519; x_wconf 86' lang='lat' dir='ltr'>artis</span> <span class='ocrx_word' id='word_1_115' title='bbox 1278 1488 1382 1518; x_wconf 90' lang='lat' dir='ltr'>suae</span> <span class='ocrx_word' id='word_1_116' title='bbox 1425 1475 1544 1531; x_wconf 89' lang='lat' dir='ltr'>loqui</span> <span class='ocrx_word' id='word_1_117' title='bbox 1577 1475 1685 1526; x_wconf 89' lang='lat' dir='ltr'>vult,</span> 
     </span>
     <span class='ocr_line' id='line_1_16' title="bbox 182 1551 1683 1609; baseline -0.001 -14"><span class='ocrx_word' id='word_1_118' title='bbox 182 1552 387 1596; x_wconf 81' lang='lat' dir='ltr'>Alcaeum</span> <span class='ocrx_word' id='word_1_119' title='bbox 420 1554 624 1608; x_wconf 89' lang='lat' dir='ltr'>nominat,</span> <span class='ocrx_word' id='word_1_120' title='bbox 657 1553 708 1596; x_wconf 92' lang='lat' dir='ltr'>de</span> <span class='ocrx_word' id='word_1_121' title='bbox 740 1553 965 1609; x_wconf 90' lang='lat' dir='ltr'>Sapphone</span> <span class='ocrx_word' id='word_1_122' title='bbox 997 1566 1051 1596; x_wconf 91' lang='lat' dir='ltr'>ne</span> <span class='ocrx_word' id='word_1_123' title='bbox 1083 1553 1239 1607; x_wconf 83' lang='lat' dir='ltr'>cogitat</span> <span class='ocrx_word' id='word_1_124' title='bbox 1266 1552 1451 1608; x_wconf 88' lang='lat' dir='ltr'>quidem,</span> <span class='ocrx_word' id='word_1_125' title='bbox 1478 1551 1683 1594; x_wconf 83' lang='lat' dir='ltr'>ridiculae</span> 
     </span>
     <span class='ocr_line' id='line_1_17' title="bbox 184 1629 899 1685; baseline 0.001 -14"><span class='ocrx_word' id='word_1_126' title='bbox 184 1629 467 1685; x_wconf 85' lang='lat' dir='ltr'>negligentiae</span> <span class='ocrx_word' id='word_1_127' title='bbox 500 1629 770 1672; x_wconf 88' lang='lat' dir='ltr'>accusandus</span> <span class='ocrx_word' id='word_1_128' title='bbox 803 1629 899 1672; x_wconf 80' lang='lat' dir='ltr'>est?</span> 
     </span>
    </p>

    <p class='ocr_par' dir='ltr' id='par_1_3' title="bbox 182 1703 1686 2372">
     <span class='ocr_line' id='line_1_18' title="bbox 241 1703 1684 1760; baseline -0.001 -14"><span class='ocrx_word' id='word_1_129' title='bbox 241 1704 297 1760; x_wconf 87' lang='lat' dir='ltr'>H,</span> <span class='ocrx_word' id='word_1_130' title='bbox 330 1705 367 1747; x_wconf 88' lang='lat'>6.</span> <span class='ocrx_word' id='word_1_131' title='bbox 415 1705 632 1748; x_wconf 85' lang='lat' dir='ltr'>Sententia</span> <span class='ocrx_word' id='word_1_132' title='bbox 674 1706 804 1748; x_wconf 90' lang='lat' dir='ltr'>huius</span> <span class='ocrx_word' id='word_1_133' title='bbox 847 1706 1061 1759; x_wconf 85' lang='lat' dir='ltr'>carminis,</span> <span class='ocrx_word' id='word_1_134' title='bbox 1105 1705 1142 1747; x_wconf 88' lang='lat' dir='ltr'>si</span> <span class='ocrx_word' id='word_1_135' title='bbox 1178 1708 1320 1747; x_wconf 91' lang='lat' dir='ltr'>tamen</span> <span class='ocrx_word' id='word_1_136' title='bbox 1353 1704 1441 1746; x_wconf 86' lang='lat' dir='ltr'>ulla</span> <span class='ocrx_word' id='word_1_137' title='bbox 1475 1707 1550 1758; x_wconf 87' lang='lat' dir='ltr'>est,</span> <span class='ocrx_word' id='word_1_138' title='bbox 1582 1703 1684 1746; x_wconf 86' lang='lat' dir='ltr'>haec</span> 
     </span>
     <span class='ocr_line' id='line_1_19' title="bbox 182 1780 1685 1838; baseline -0.002 -14"><span class='ocrx_word' id='word_1_139' title='bbox 182 1793 275 1824; x_wconf 87' lang='lat' dir='ltr'>esse</span> <span class='ocrx_word' id='word_1_140' title='bbox 323 1781 514 1824; x_wconf 89' lang='lat' dir='ltr'>videtur:</span> <span class='ocrx_word' id='word_1_141' title='bbox 563 1781 794 1838; x_wconf 86' lang='lat' dir='ltr'>Septimius</span> <span class='ocrx_word' id='word_1_142' title='bbox 840 1785 1007 1837; x_wconf 68' lang='lat' dir='ltr'>poetam</span> <span class='ocrx_word' id='word_1_143' title='bbox 1049 1782 1304 1823; x_wconf 89' lang='lat' dir='ltr'>invitaverat</span> <span class='ocrx_word' id='word_1_144' title='bbox 1348 1784 1395 1822; x_wconf 93' lang='lat' dir='ltr'>ut</span> <span class='ocrx_word' id='word_1_145' title='bbox 1427 1792 1572 1822; x_wconf 90' lang='lat' dir='ltr'>secum</span> <span class='ocrx_word' id='word_1_146' title='bbox 1605 1780 1685 1822; x_wconf 90' lang='lat' dir='ltr'>iter</span> 
     </span>
     <span class='ocr_line' id='line_1_20' title="bbox 182 1857 1684 1914; baseline -0.001 -15"><span class='ocrx_word' id='word_1_147' title='bbox 182 1857 336 1912; x_wconf 87' lang='lat' dir='ltr'>faceret</span> <span class='ocrx_word' id='word_1_148' title='bbox 380 1858 668 1914; x_wconf 88' lang='lat' dir='ltr'>longinquum</span> <span class='ocrx_word' id='word_1_149' title='bbox 710 1862 750 1900; x_wconf 91' lang='lat' dir='ltr'>et</span> <span class='ocrx_word' id='word_1_150' title='bbox 791 1859 848 1900; x_wconf 91' lang='lat' dir='ltr'>ita</span> <span class='ocrx_word' id='word_1_151' title='bbox 880 1871 1005 1900; x_wconf 87' lang='lat' dir='ltr'>curas</span> <span class='ocrx_word' id='word_1_152' title='bbox 1038 1858 1171 1900; x_wconf 90' lang='lat' dir='ltr'>animi</span> <span class='ocrx_word' id='word_1_153' title='bbox 1203 1857 1413 1913; x_wconf 88' lang='lat' dir='ltr'>deponere</span> <span class='ocrx_word' id='word_1_154' title='bbox 1445 1859 1684 1899; x_wconf 89' lang='lat' dir='ltr'>conaretur.</span> 
     </span>
     <span class='ocr_line' id='line_1_21' title="bbox 185 1933 1686 1990; baseline -0.001 -14"><span class='ocrx_word' id='word_1_155' title='bbox 185 1933 450 1990; x_wconf 87' lang='lat' dir='ltr'>Respondet:</span> <span class='ocrx_word' id='word_1_156' title='bbox 489 1936 598 1989; x_wconf 85' lang='lat' dir='ltr'>„iam</span> <span class='ocrx_word' id='word_1_157' title='bbox 627 1948 695 1978; x_wconf 88' lang='lat' dir='ltr'>me</span> <span class='ocrx_word' id='word_1_158' title='bbox 726 1936 931 1977; x_wconf 90' lang='lat' dir='ltr'>itinerum</span> <span class='ocrx_word' id='word_1_159' title='bbox 962 1934 1113 1988; x_wconf 88' lang='lat' dir='ltr'>taedet,</span> <span class='ocrx_word' id='word_1_160' title='bbox 1145 1935 1248 1977; x_wconf 91' lang='lat' dir='ltr'>satis</span> <span class='ocrx_word' id='word_1_161' title='bbox 1280 1934 1394 1976; x_wconf 88' lang='lat' dir='ltr'>enim</span> <span class='ocrx_word' id='word_1_162' title='bbox 1420 1933 1617 1976; x_wconf 90' lang='lat' dir='ltr'>laborum</span> <span class='ocrx_word' id='word_1_163' title='bbox 1645 1936 1686 1975; x_wconf 89' lang='lat' dir='ltr'>et</span> 
     </span>
     <span class='ocr_line' id='line_1_22' title="bbox 186 2011 1684 2068; baseline 0 -16"><span class='ocrx_word' id='word_1_164' title='bbox 186 2023 485 2054; x_wconf 87' lang='lat' dir='ltr'>aerumnarum</span> <span class='ocrx_word' id='word_1_165' title='bbox 519 2012 674 2068; x_wconf 91' lang='lat' dir='ltr'>pertuli</span> <span class='ocrx_word' id='word_1_166' title='bbox 707 2013 812 2055; x_wconf 90' lang='lat' dir='ltr'>mari</span> <span class='ocrx_word' id='word_1_167' title='bbox 844 2015 886 2055; x_wconf 90' lang='lat' dir='ltr'>et</span> <span class='ocrx_word' id='word_1_168' title='bbox 917 2012 962 2054; x_wconf 92' lang='lat' dir='ltr'>in</span> <span class='ocrx_word' id='word_1_169' title='bbox 995 2011 1120 2054; x_wconf 87' lang='lat' dir='ltr'>Bruti</span> <span class='ocrx_word' id='word_1_170' title='bbox 1153 2012 1370 2064; x_wconf 78' lang='lat' dir='ltr'>exercitu3</span> <span class='ocrx_word' id='word_1_171' title='bbox 1403 2011 1489 2053; x_wconf 90' lang='lat' dir='ltr'>iam</span> <span class='ocrx_word' id='word_1_172' title='bbox 1518 2011 1684 2066; x_wconf 89' lang='lat' dir='ltr'>requie-</span> 
     </span>
     <span class='ocr_line' id='line_1_23' title="bbox 189 2087 1683 2145; baseline 0.001 -18"><span class='ocrx_word' id='word_1_173' title='bbox 189 2098 304 2128; x_wconf 90' lang='lat' dir='ltr'>scere</span> <span class='ocrx_word' id='word_1_174' title='bbox 345 2088 490 2142; x_wconf 85' lang='lat' dir='ltr'>cupi03</span> <span class='ocrx_word' id='word_1_175' title='bbox 535 2102 663 2144; x_wconf 92' lang='lat' dir='ltr'>quam</span> <span class='ocrx_word' id='word_1_176' title='bbox 696 2101 797 2145; x_wconf 90' lang='lat' dir='ltr'>ergo</span> <span class='ocrx_word' id='word_1_177' title='bbox 831 2089 973 2131; x_wconf 89' lang='lat' dir='ltr'>sedem</span> <span class='ocrx_word' id='word_1_178' title='bbox 1004 2088 1163 2143; x_wconf 89' lang='lat' dir='ltr'>Tiburi,</span> <span class='ocrx_word' id='word_1_179' title='bbox 1194 2088 1496 2131; x_wconf 89' lang='lat' dir='ltr'>amoenissimo</span> <span class='ocrx_word' id='word_1_180' title='bbox 1529 2087 1683 2143; x_wconf 89' lang='lat' dir='ltr'>oppido</span> 
     </span>
     <span class='ocr_line' id='line_1_24' title="bbox 187 2161 1684 2223; baseline 0.002 -21"><span class='ocrx_word' id='word_1_181' title='bbox 187 2161 419 2217; x_wconf 85' lang='lat' dir='ltr'>praeferam</span> <span class='ocrx_word' id='word_1_182' title='bbox 431 2162 479 2204; x_wconf 80' lang='lat'>?&#39;’</span> <span class='ocrx_word' id='word_1_183' title='bbox 507 2164 680 2220; x_wconf 90' lang='lat' dir='ltr'>Aliqua,</span> <span class='ocrx_word' id='word_1_184' title='bbox 708 2168 755 2207; x_wconf 90' lang='lat' dir='ltr'>ut</span> <span class='ocrx_word' id='word_1_185' title='bbox 771 2165 903 2223; x_wconf 87' lang='lat' dir='ltr'>vides,</span> <span class='ocrx_word' id='word_1_186' title='bbox 921 2164 1156 2208; x_wconf 89' lang='lat' dir='ltr'>similitudo</span> <span class='ocrx_word' id='word_1_187' title='bbox 1174 2166 1285 2207; x_wconf 92' lang='lat' dir='ltr'>inter</span> <span class='ocrx_word' id='word_1_188' title='bbox 1301 2177 1471 2206; x_wconf 90' lang='lat' dir='ltr'>carmen</span> <span class='ocrx_word' id='word_1_189' title='bbox 1490 2167 1684 2206; x_wconf 91' lang='lat' dir='ltr'>nostrum</span> 
     </span>
     <span class='ocr_line' id='line_1_25' title="bbox 188 2238 1685 2296; baseline 0.001 -17"><span class='ocrx_word' id='word_1_190' title='bbox 188 2238 411 2280; x_wconf 89' lang='lat' dir='ltr'>intercedit</span> <span class='ocrx_word' id='word_1_191' title='bbox 441 2242 482 2281; x_wconf 90' lang='lat' dir='ltr'>et</span> <span class='ocrx_word' id='word_1_192' title='bbox 513 2241 732 2295; x_wconf 86' lang='lat' dir='ltr'>epistolas;</span> <span class='ocrx_word' id='word_1_193' title='bbox 766 2241 843 2284; x_wconf 88' lang='lat' dir='ltr'>hae</span> <span class='ocrx_word' id='word_1_194' title='bbox 875 2245 1015 2284; x_wconf 90' lang='lat' dir='ltr'>tamen</span> <span class='ocrx_word' id='word_1_195' title='bbox 1052 2241 1184 2283; x_wconf 90' lang='lat' dir='ltr'>multo</span> <span class='ocrx_word' id='word_1_196' title='bbox 1212 2242 1250 2284; x_wconf 91' lang='lat' dir='ltr'>ei</span> <span class='ocrx_word' id='word_1_197' title='bbox 1278 2244 1503 2296; x_wconf 88' lang='lat' dir='ltr'>praestant.</span> <span class='ocrx_word' id='word_1_198' title='bbox 1523 2239 1685 2282; x_wconf 88' lang='lat' dir='ltr'>Afferre</span> 
     </span>
     <span class='ocr_line' id='line_1_26' title="bbox 190 2316 1267 2372; baseline 0.004 -16"><span class='ocrx_word' id='word_1_199' title='bbox 190 2327 362 2370; x_wconf 91' lang='lat' dir='ltr'>quoque</span> <span class='ocrx_word' id='word_1_200' title='bbox 391 2316 530 2370; x_wconf 87' lang='lat' dir='ltr'>possis</span> <span class='ocrx_word' id='word_1_201' title='bbox 561 2316 872 2372; x_wconf 88' lang='lat' dir='ltr'>lepidissimum</span> <span class='ocrx_word' id='word_1_202' title='bbox 906 2317 1063 2360; x_wconf 85' lang='lat' dir='ltr'>Catulli</span> <span class='ocrx_word' id='word_1_203' title='bbox 1097 2330 1267 2360; x_wconf 88' lang='lat' dir='ltr'>carmen</span> 
     </span>
    </p>
   </div>
   <div class='ocr_carea' id='block_1_3' title="bbox 542 2424 1296 2470">
    <p class='ocr_par' dir='ltr' id='par_1_4' title="bbox 542 2424 1296 2470">
     <span class='ocr_line' id='line_1_27' title="bbox 542 2424 1296 2470; baseline 0.003 -4"><span class='ocrx_word' id='word_1_204' title='bbox 542 2424 646 2467; x_wconf 82' lang='lat' dir='ltr'>Furi</span> <span class='ocrx_word' id='word_1_205' title='bbox 676 2429 718 2468; x_wconf 92' lang='lat' dir='ltr'>et</span> <span class='ocrx_word' id='word_1_206' title='bbox 747 2427 898 2470; x_wconf 91' lang='lat' dir='ltr'>Aureli</span> <span class='ocrx_word' id='word_1_207' title='bbox 930 2428 1106 2470; x_wconf 89' lang='lat' dir='ltr'>comites</span> <span class='ocrx_word' id='word_1_208' title='bbox 1140 2426 1296 2469; x_wconf 87' lang='lat' dir='ltr'>Catulli</span> 
     </span>
    </p>
   </div>
   <div class='ocr_carea' id='block_1_4' title="bbox 189 2543 1687 2904">
    <p class='ocr_par' dir='ltr' id='par_1_5' title="bbox 189 2543 1687 2904">
     <span class='ocr_line' id='line_1_28' title="bbox 189 2543 1683 2600; baseline 0.001 -16"><span class='ocrx_word' id='word_1_209' title='bbox 189 2543 226 2584; x_wconf 88' lang='lat' dir='ltr'>si</span> <span class='ocrx_word' id='word_1_210' title='bbox 257 2555 512 2598; x_wconf 87' lang='lat' dir='ltr'>cognoscere</span> <span class='ocrx_word' id='word_1_211' title='bbox 550 2543 658 2586; x_wconf 87' lang='lat' dir='ltr'>velis</span> <span class='ocrx_word' id='word_1_212' title='bbox 690 2544 794 2599; x_wconf 92' lang='lat' dir='ltr'>quid</span> <span class='ocrx_word' id='word_1_213' title='bbox 825 2546 994 2588; x_wconf 81' lang='lat' dir='ltr'>intersit</span> <span class='ocrx_word' id='word_1_214' title='bbox 1020 2546 1132 2587; x_wconf 90' lang='lat' dir='ltr'>inter</span> <span class='ocrx_word' id='word_1_215' title='bbox 1148 2547 1313 2600; x_wconf 82' lang='lat' dir='ltr'>poe&#39;tam</span> <span class='ocrx_word' id='word_1_216' title='bbox 1331 2557 1478 2586; x_wconf 86' lang='lat' dir='ltr'>veram</span> <span class='ocrx_word' id='word_1_217' title='bbox 1497 2545 1683 2600; x_wconf 88' lang='lat' dir='ltr'>aliquam</span> 
     </span>
     <span class='ocr_line' id='line_1_29' title="bbox 190 2618 1686 2676; baseline 0.001 -16"><span class='ocrx_word' id='word_1_218' title='bbox 190 2618 322 2660; x_wconf 89' lang='lat' dir='ltr'>animi</span> <span class='ocrx_word' id='word_1_219' title='bbox 353 2619 608 2661; x_wconf 90' lang='lat' dir='ltr'>sententiam</span> <span class='ocrx_word' id='word_1_220' title='bbox 640 2623 823 2663; x_wconf 89' lang='lat' dir='ltr'>venuste</span> <span class='ocrx_word' id='word_1_221' title='bbox 854 2621 1124 2676; x_wconf 89' lang='lat' dir='ltr'>eloquentem</span> <span class='ocrx_word' id='word_1_222' title='bbox 1158 2623 1199 2663; x_wconf 88' lang='lat' dir='ltr'>et</span> <span class='ocrx_word' id='word_1_223' title='bbox 1231 2633 1328 2663; x_wconf 91' lang='lat' dir='ltr'>eum</span> <span class='ocrx_word' id='word_1_224' title='bbox 1360 2620 1558 2676; x_wconf 89' lang='lat' dir='ltr'>quiquid</span> <span class='ocrx_word' id='word_1_225' title='bbox 1575 2620 1686 2663; x_wconf 90' lang='lat' dir='ltr'>dicat</span> 
     </span>
     <span class='ocr_line' id='line_1_30' title="bbox 189 2681 1687 2752; baseline 0.002 -16"><span class='ocrx_word' id='word_1_226' title='bbox 189 2695 385 2738; x_wconf 88' lang='lat' dir='ltr'>nesciens</span> <span class='ocrx_word' id='word_1_227' title='bbox 411 2696 480 2738; x_wconf 88' lang='lat' dir='ltr'>vel</span> <span class='ocrx_word' id='word_1_228' title='bbox 506 2709 593 2737; x_wconf 89' lang='lat' dir='ltr'>non</span> <span class='ocrx_word' id='word_1_229' title='bbox 620 2681 790 2747; x_wconf 88' lang='lat' dir='ltr'>curans,</span> <span class='ocrx_word' id='word_1_230' title='bbox 807 2697 1019 2752; x_wconf 90' lang='lat' dir='ltr'>quomodo</span> <span class='ocrx_word' id='word_1_231' title='bbox 1049 2697 1160 2739; x_wconf 88' lang='lat' dir='ltr'>dicat</span> <span class='ocrx_word' id='word_1_232' title='bbox 1177 2710 1322 2739; x_wconf 89' lang='lat' dir='ltr'>secum</span> <span class='ocrx_word' id='word_1_233' title='bbox 1342 2697 1556 2740; x_wconf 89' lang='lat' dir='ltr'>deliberat.</span> <span class='ocrx_word' id='word_1_234' title='bbox 1574 2697 1687 2740; x_wconf 89' lang='lat' dir='ltr'>Inci-</span> 
     </span>
     <span class='ocr_line' id='line_1_31' title="bbox 189 2771 1685 2829; baseline 0.002 -17"><span class='ocrx_word' id='word_1_235' title='bbox 189 2771 250 2825; x_wconf 90' lang='lat' dir='ltr'>pit</span> <span class='ocrx_word' id='word_1_236' title='bbox 281 2771 394 2813; x_wconf 93' lang='lat' dir='ltr'>enim</span> <span class='ocrx_word' id='word_1_237' title='bbox 422 2785 446 2813; x_wconf 92' lang='lat' dir='ltr'>a</span> <span class='ocrx_word' id='word_1_238' title='bbox 471 2771 641 2814; x_wconf 86' lang='lat' dir='ltr'>Tiburis</span> <span class='ocrx_word' id='word_1_239' title='bbox 669 2771 810 2827; x_wconf 89' lang='lat' dir='ltr'>laude,</span> <span class='ocrx_word' id='word_1_240' title='bbox 828 2772 901 2815; x_wconf 87' lang='lat' dir='ltr'>sed</span> <span class='ocrx_word' id='word_1_241' title='bbox 922 2773 1063 2814; x_wconf 91' lang='lat' dir='ltr'>statim</span> <span class='ocrx_word' id='word_1_242' title='bbox 1082 2772 1135 2814; x_wconf 91' lang='lat' dir='ltr'>ad</span> <span class='ocrx_word' id='word_1_243' title='bbox 1150 2771 1380 2815; x_wconf 87' lang='lat' dir='ltr'>Tarentum</span> <span class='ocrx_word' id='word_1_244' title='bbox 1396 2773 1551 2815; x_wconf 85' lang='lat' dir='ltr'>transit</span> <span class='ocrx_word' id='word_1_245' title='bbox 1569 2773 1685 2829; x_wconf 91' lang='lat' dir='ltr'>quod</span> 
     </span>
     <span class='ocr_line' id='line_1_32' title="bbox 192 2847 1678 2904; baseline 0.001 -17"><span class='ocrx_word' id='word_1_246' title='bbox 192 2848 376 2901; x_wconf 82' lang='lat' dir='ltr'>quatuor</span> <span class='ocrx_word' id='word_1_247' title='bbox 407 2847 590 2903; x_wconf 87' lang='lat' dir='ltr'>strophis</span> <span class='ocrx_word' id='word_1_248' title='bbox 621 2848 837 2890; x_wconf 90' lang='lat' dir='ltr'>continuis</span> <span class='ocrx_word' id='word_1_249' title='bbox 865 2847 1061 2904; x_wconf 81' lang='lat' dir='ltr'>extollat,¹</span> <span class='ocrx_word' id='word_1_250' title='bbox 1079 2848 1130 2890; x_wconf 91' lang='lat' dir='ltr'>de</span> <span class='ocrx_word' id='word_1_251' title='bbox 1157 2848 1314 2891; x_wconf 85' lang='lat' dir='ltr'>Tibure</span> <span class='ocrx_word' id='word_1_252' title='bbox 1331 2882 1339 2890; x_wconf 97' lang='lat'>.</span> <span class='ocrx_word' id='word_1_253' title='bbox 1359 2881 1366 2890; x_wconf 95' lang='lat'>.</span> <span class='ocrx_word' id='word_1_254' title='bbox 1386 2882 1394 2891; x_wconf 90' lang='lat'>.</span> <span class='ocrx_word' id='word_1_255' title='bbox 1412 2847 1537 2897; x_wconf 75' lang='grc' dir='ltr'>οὐδεὶς</span> <span class='ocrx_word' id='word_1_256' title='bbox 1551 2847 1678 2902; x_wconf 71' lang='grc' dir='ltr'><em>λόγος.</em></span> 
     </span>
    </p>
   </div>
  </div>
 </body>
</html>
