2034 3334
970 191 1054 234 119

402 313 586 357 Pertulit
617 314 669 357 ad
699 314 922 372 Prognen,
956 329 1032 358 nec
1064 316 1144 358 scit
1176 315 1278 371 quid
1310 315 1450 358 tradat
1481 318 1525 358 in
1556 316 1656 359 illis.

221 385 446 430 Soloecum
473 388 560 428 est:
590 387 805 436 „stamina
831 386 963 429 tradit
989 390 1032 429 et
1058 390 1183 443 rogat
1209 389 1259 428 ut
1284 386 1359 428 illa
1378 387 1587 443 perferat’'
1605 402 1682 444 pro
1700 391 1809 439 „sta-

218 459 336 500 mina
361 456 497 500 tradit·
518 459 560 499 et
587 461 709 514 rogat
737 461 787 499 ut
808 457 1034 513 perferat'’.
1062 455 1219 500 Contra
1235 458 1476 501 subiectum
1491 459 1611 502 verbi
1618 459 1808 513 pertulit,

216 529 418 585 quoniam
459 527 597 570 differt
638 542 662 570 a
704 529 938 571 sententiae
980 527 1268 584 praecedentis
1309 529 1521 581 subiecto,
1555 543 1638 572 non
1669 533 1810 586 potest

215 600 261 641 in
302 598 431 642 verbo
470 597 616 640 latere.
659 597 871 651 Quoniam
902 601 1048 641 autem
1081 602 1171 641 tam
1203 600 1395 655 captivae
1429 613 1558 655 quam
1591 601 1752 656 captivi
1783 614 1807 643 a

215 669 316 711 viris
345 668 658 719 custodiuntur,
688 673 799 711 certe
826 694 883 700 ——
910 683 1009 712 nam
1040 668 1090 712 de
1122 668 1189 711 his
1220 669 1289 711 hic
1320 669 1600 725 cogitandum
1627 695 1683 702 —
1710 674 1808 713 ante

217 753 427 783 carcerem
468 740 668 782 excubias
709 743 844 797 agunt
887 741 994 791 viri,
1039 740 1154 782 haud
1196 739 1378 782 dubium
1419 744 1483 784 est
1525 742 1628 797 quin
1665 743 1720 784 sit
1752 740 1807 784 le-

215 811 432 868 gendum:

396 879 541 936 thue
576 881 683 923 ferat
715 880 912 924 dominae
942 883 1069 938 gestu
1102 884 1238 938 rogat.
1271 880 1350 924 Ille
1382 884 1532 939 rogata
1566 914 1576 925 .
1597 915 1605 924 .
1626 913 1636 924 .

215 951 308 1006 (ille
338 954 404 995 est
433 953 478 994 in
510 951 601 994 cod.
633 955 692 1005 λ).

278 1097 366 1141 629
399 1097 482 1141 Sed
513 1096 646 1140 simul
679 1098 837 1140 eximia
869 1100 1059 1140 mentem
1089 1099 1249 1154 pietate
1279 1097 1421 1141 labare

217 1170 278 1212 sic
308 1168 484 1212 codices,
520 1168 756 1226 Bentleyus

394 1239 477 1282 Sed
508 1239 690 1282 simulac
721 1241 855 1282 nimia
887 1242 1077 1282 mentem
1109 1241 1269 1296 pietate
1301 1239 1455 1284 labare.

218 1309 371 1353 Veram
428 1310 769 1353 emendationem
825 1309 1016 1352 nondum
1062 1312 1284 1353 inventam
1330 1313 1492 1367 opinor.
1551 1313 1710 1369 Agitur
1756 1313 1806 1356 de

215 1381 406 1438 Progne,
449 1395 555 1437 quae
587 1395 663 1424 sua
694 1380 811 1437 prole
839 1380 1023 1424 necanda
1055 1395 1209 1437 poenas
1241 1395 1410 1424 sumere
1442 1397 1466 1425 a
1496 1384 1653 1426 marito
1684 1383 1806 1435 vult,

215 1452 286 1495 sed
318 1453 462 1508 pueris
494 1453 674 1508 aspectis
704 1451 895 1494 labascit.
929 1451 1177 1508 Requiritur
1208 1466 1311 1508 ergo
1344 1452 1508 1508 aliquid
1539 1453 1652 1509 quod
1679 1455 1809 1510 signi-

215 1522 337 1565 ficet:
380 1523 516 1578 pietas
557 1526 677 1579 (erga
709 1526 913 1575 sororem)
943 1521 1121 1564 labascit
1153 1523 1309 1578 pietate
1342 1526 1461 1580 (erga
1491 1523 1706 1577 liberos)''.
1740 1523 1805 1568 Cf.

217 1607 401 1649 „rexque
428 1597 593 1649 patrem
620 1593 769 1644 vicit''‚
804 1593 944 1644 „facto
976 1594 1073 1649 pius
1105 1596 1147 1635 et
1175 1592 1404 1636 sceleratus
1430 1594 1607 1637 eodem'’
1639 1594 1806 1651 aliaque

215 1679 267 1707 ex
298 1665 377 1707 hoc
407 1677 562 1721 genere
595 1663 708 1721 quod
740 1663 891 1708 Ovidio
922 1664 1007 1706 fuit
1037 1665 1081 1706 in
1114 1663 1290 1706 deliciis.

277 1809 365 1852 660
879 1807 967 1854 Nec
1000 1814 1193 1867 tempore
1224 1810 1382 1854 maluit
1411 1811 1502 1854 ullo

394 1880 521 1923 Posse
550 1879 669 1936 loqui
702 1884 745 1923 et
776 1882 941 1924 meritis
973 1884 1122 1924 testari
1153 1882 1313 1938 gaudia
1344 1882 1483 1925 dictis.

215 1952 374 2007 Agitur
414 1949 464 1992 de
505 1949 770 2002 Philomela,
812 1965 920 2006 quae
959 1951 1089 1995 Tereo
1121 1951 1242 2008 Ityos
1270 1956 1397 2008 caput
1430 1954 1502 2003 „in
1535 1967 1608 1995 ora
1639 1953 1804 1996 misit’'.

213 2021 446 2076 Nunquam
486 2019 669 2062 adducar
715 2023 764 2061 ut
813 2021 981 2063 credam
1021 2022 1173 2064 meritis
1212 2036 1364 2064 sanum
1408 2037 1519 2073 esse,
1562 2038 1646 2065 non
1689 2024 1804 2065 enim

213 2091 354 2132 merita
400 2090 510 2131 dieta
557 2089 798 2146 significare
843 2093 982 2146 potest
1028 2091 1095 2142 id,
1144 2092 1194 2134 de
1241 2106 1324 2147 quo
1371 2094 1559 2148 cogitare
1604 2093 1805 2135 videntur

214 2161 415 2203 editores:
450 2159 607 2211 „verba
639 2160 768 2215 digna
800 2163 936 2212 (tanto
967 2161 1189 2217 gaudio)''.
1221 2161 1369 2217 Neque
1402 2162 1613 2204 eiusmodi
1643 2161 1805 2218 aliquid

215 2232 285 2274 hic
326 2231 560 2286 requiritur
571 2244 582 2281 ;
626 2229 830 2272 sufficiat:
866 2230 1003 2281 „nihil
1034 2231 1276 2274 Philomela
1307 2232 1476 2275 mavult
1507 2246 1635 2288 quam
1666 2233 1807 2275 verbis

216 2301 376 2358 gaudia
414 2299 605 2343 testari’'.
649 2299 874 2355 Optimum
910 2301 1026 2344 factu
1058 2303 1139 2344 erit
1171 2302 1327 2344 codicis
1361 2301 1549 2346 Gothani
1579 2301 1805 2346 lectionem

218 2371 357 2413 mentis
387 2372 432 2412 in
465 2373 634 2412 textum
665 2371 863 2426 recipere.

282 2505 368 2550 674
415 2505 667 2548 Rectissime
699 2505 868 2548 Riesius
899 2502 1021 2548 hunc*
1044 2520 1218 2549 versum

399 2575 565 2619 Nomen
597 2589 727 2631 epops
762 2575 946 2627 volucri,
980 2576 1107 2618 facies
1138 2579 1300 2619 armata
1333 2577 1505 2620 videtur

220 2646 391 2690 delevit.
434 2646 574 2689 Nimis
614 2647 729 2688 enim
771 2646 978 2689 absurdus
1010 2650 1087 2689 est.
1122 2646 1187 2690 Ex
1219 2647 1366 2690 eadem
1397 2648 1556 2704 prodiit
1588 2649 1751 2692 officina
1783 2664 1806 2692 e

221 2730 304 2772 qua
335 2715 390 2768 ΙΙ,
426 2715 509 2759 611
546 2719 589 2758 et
619 2715 689 2767 VI,
724 2714 824 2758 294.

283 2857 367 2901 701
404 2857 458 2901 Se
490 2859 634 2914 ipsum
667 2857 822 2900 Boreas
849 2860 891 2900 et
917 2856 1012 2900 aliis
1038 2858 1179 2901 verbis
1206 2857 1458 2902 adhortatur
1483 2863 1532 2903 ut
1560 2859 1805 2918 Orithyiam

221 2929 360 2985 rapiat
390 2932 433 2971 et
464 2929 603 2971 hisce:
