2034 3334
936 390 992 432 83

385 514 577 566 Quarum
610 529 731 559 sacra
761 515 850 559 fero
880 516 1044 572 ingenti
1074 527 1306 572 percussus
1342 514 1527 558 amore.’'

263 641 306 684 N
308 655 362 684 on
392 642 488 685 ideo
519 656 595 685 rus
626 646 740 686 amat
769 642 884 699 quod
911 644 1051 685 careat
1078 641 1361 684 incommodis
1380 654 1564 697 quorum
1582 641 1706 697 plena

207 722 272 762 est
301 718 417 774 urbs,
448 719 522 761 sed
552 719 724 762 divitiae
756 719 915 775 quibus
947 717 1137 761 abundat
1170 721 1355 761 mentem
1388 719 1482 761 eius
1514 717 1704 774 implent.

205 795 335 839 Totus
376 808 476 852 ergo
507 796 552 838 in
585 799 763 840 naturae
793 795 1150 852 contemplatione
1182 795 1351 838 defixus
1383 798 1459 848 est,
1493 808 1603 851 quae
1633 794 1707 837 illa

207 871 327 915 offert
382 873 624 928 spectacula
678 873 998 915 admirationem
1063 873 1155 915 eius
1202 875 1387 915 movent.
1435 872 1561 915 Vitae
1606 885 1706 928 ergo

206 949 390 992 rusticae
430 962 550 991 amor
592 962 677 1005 quo
714 948 867 1005 flagrat
898 948 1110 1005 Virgilius
1141 949 1304 991 aeterni
1338 948 1563 991 cuiusdam
1594 948 1707 1004 ignis

206 1025 359 1067 similis
390 1028 465 1080 est,
497 1038 585 1067 non
616 1024 812 1068 flammae
844 1038 867 1068 e
899 1025 1068 1080 stipulis
1096 1024 1311 1079 collectae,
1338 1025 1384 1066 in
1411 1025 1550 1080 ipsius
1566 1026 1707 1067 mente

206 1104 333 1143 natus
364 1104 438 1155 est,
468 1102 605 1157 ipsius
636 1102 825 1144 nutritur
859 1100 1200 1157 cogitationibus.
1230 1100 1329 1156 Ipse
1359 1100 1518 1143 fatetur
1545 1113 1591 1143 se
1619 1113 1706 1142 ma-

206 1177 341 1220 luisse
387 1177 561 1220 doctum
606 1177 712 1232 fieri,
754 1178 829 1233 qui
869 1178 916 1219 in
946 1178 1120 1230 infimas
1151 1179 1331 1219 naturae
1362 1175 1548 1219 latebras
1573 1188 1705 1232 pene—

206 1257 336 1313 traret
382 1258 424 1297 et
469 1254 569 1297 inde
609 1267 754 1297 earum
798 1267 943 1297 rerum
980 1255 1175 1296 notitiam
1207 1253 1472 1310 protraheret
1508 1267 1615 1309 quas
1648 1253 1708 1296 dii

207 1330 487 1386 abscondunt,
519 1344 648 1386 quam
680 1333 845 1386 poetam
878 1331 955 1386 qui
982 1333 1203 1385 anam
1229 1330 1527 1372 tantummodo
1547 1332 1708 1385 spectet

206 1411 382 1450 naturae
412 1408 606 1464 speciem.
638 1407 882 1450 Audiamus
913 1408 1077 1463 ipsum3
1108 1407 1217 1449 nihil
1231 1420 1426 1463 unquam
1442 1406 1703 1462 praeclarius

207 1484 368 1527 dictum
399 1487 464 1527 est
495 1497 626 1540 quam
658 1484 739 1526 hoc
770 1483 840 1540 (II,
872 1484 1146 1538 475—489):

382 1609 452 1653 Me
482 1622 582 1652 vero
614 1610 800 1666 primum
832 1609 976 1652 dulces
1008 1612 1107 1651 ante
1138 1609 1283 1651 omnia
1313 1607 1478 1664 Musae,

364 1686 575 1738 *Quarum
609 1700 729 1730 sacra
759 1687 848 1730 fero
878 1687 1043 1743 ingenti
1075 1699 1307 1742 percussus
1339 1698 1495 1741 amore,

378 1763 620 1828 Accipiam,
652 1764 846 1820 caelique
876 1765 968 1806 vias
1000 1766 1042 1807 et
1073 1763 1212 1806 sidera
1239 1766 1489 1818 monstrent,

385 1838 588 1883 Defectus
620 1840 723 1883 solis
754 1841 914 1895 varios,
939 1840 1153 1895 lunaeque
1185 1838 1364 1882 labores.
1611 1895 1616 1900 .

386 1915 512 1958 Unde
542 1919 701 1958 tremor
730 1916 866 1971 terris,
899 1929 983 1971 qua
1015 1916 1058 1957 vi
1088 1916 1222 1957 maria
1253 1915 1336 1957 alta
1367 1918 1608 1957 tumescant

386 1991 607 2035 Obiicibus
639 1993 776 2048 ruptis
809 2004 1048 2048 rursusque
1079 1993 1125 2033 in
1159 2004 1205 2034 se
1235 1991 1328 2047 ipsa
1361 1991 1561 2046 residant,

387 2066 500 2118 Quid
529 2071 698 2111 tantum
731 2067 900 2111 Oceano
930 2071 1160 2124 properent
1191 2081 1237 2111 se
1268 2069 1464 2124 tinguere
1496 2068 1607 2110 soles

385 2143 578 2200 Hiberni,
609 2145 679 2188 vel
711 2158 822 2201 quae
851 2145 983 2188 tardis
1016 2158 1135 2187 mora
1164 2145 1364 2188 noctibus
1397 2144 1545 2187 obstet.

387 2220 462 2263 Sin
494 2221 570 2264 has
601 2234 656 2264 ne
686 2222 848 2277 possim
879 2225 1057 2264 naturae
1089 2222 1288 2264 accedere
1322 2224 1476 2277 partes,

385 2296 583 2353 Frigidus
615 2296 824 2340 obstiterit
854 2298 1017 2340 circum
1047 2297 1294 2353 praecordia
1329 2298 1518 2356 sanguis,
1578 2315 1581 2320 ·
1625 2314 1627 2317 ⁴

385 2373 503 2416 Rura
534 2373 639 2415 mihi
669 2377 711 2416 et
741 2375 855 2430 rigui
885 2374 1082 2430 placeant
1111 2375 1158 2416 in
1190 2373 1375 2416 vallibus
1403 2386 1575 2415 amnes:
1646 2430 1651 2433 ι

387 2449 586 2492 Flumina
617 2463 754 2492 amem
785 2450 1002 2507 silvasque
1033 2451 1255 2507 inglorius.
1291 2449 1339 2505 O,
1372 2449 1447 2492 ubi
1478 2451 1618 2505 campi
1664 2458 1685 2480 ε’
1743 2457 1748 2469 “’

387 2526 719 2583 Spercheosque,
752 2529 794 2569 et
824 2527 1064 2583 virginibus
1095 2527 1300 2570 bacchata
1330 2526 1536 2569 Lacaenis

356 2654 358 2657 ξ
386 2602 595 2659 Taygeta!
631 2615 655 2644 o
688 2603 762 2658 qui
793 2615 861 2645 me
890 2603 1042 2659 gelidis
1073 2604 1119 2644 in
1150 2602 1333 2645 vallibus
1363 2601 1519 2645 Haemi

386 2678 529 2733 Sistat,
561 2681 601 2721 et
631 2678 796 2734 ingenti
826 2691 1041 2721 ramorum
1071 2681 1263 2734 protegat
1295 2677 1469 2720 umbra!

271 2802 467 2847 Profecto
514 2816 602 2845 non
645 2803 884 2846 communis
925 2803 1148 2845 hominum
1189 2803 1292 2846 haec
1332 2806 1396 2846 est
1436 2804 1505 2846 via
1538 2817 1623 2860 qua
1653 2804 1705 2846 ad

213 2882 376 2939 poesim
407 2881 631 2937 pervenire
661 2879 822 2934 solent,
854 2892 941 2922 non
974 2892 1121 2922 omnes
1148 2882 1265 2923 tanto
1293 2879 1441 2923 ardore
1467 2892 1557 2923 rem
1576 2894 1703 2936 quam
