2034 3334
1057 335 1112 378 60

334 465 537 507 historiae
568 463 818 507 scribendae
850 475 1019 519 operam
1054 461 1175 505 dabis
1204 461 1442 505 vacandum
1475 460 1559 504 tibi
1591 461 1670 505 erit
1696 459 1749 504 ab
1779 460 1834 504 iis

333 540 585 584 muneribus
612 539 772 596 quibus
799 540 912 597 apud
941 541 1056 583 cives
1074 540 1287 596 egregiam
1302 538 1459 583 famam
1475 552 1521 583 es
1538 537 1834 583 consecutus.”

336 616 457 668 Quod
488 617 587 660 licet
617 631 642 660 a
674 617 890 660 scribendi
921 617 1099 660 consilio
1131 617 1371 660 revocantis
1404 619 1515 660 esset
1541 617 1678 673 magis
1706 629 1837 672 quam

332 694 608 750 adhortantis,
656 698 798 737 tamen
848 694 1126 750 enumeratio,
1168 707 1278 750 quae
1317 707 1435 737 nunc
1466 695 1559 737 sine
1591 693 1680 736 ulla
1705 706 1837 736 causa

330 772 598 826 interficitur,
636 771 772 814 multo
805 771 931 814 etiam
963 771 1147 827 ineptior
1179 770 1359 814 videtur.

395 848 469 891 Vs.
515 848 703 890 17—24.
749 847 921 904 Ergone
963 848 1223 905 tragoediam
1264 847 1459 891 facturus
1490 850 1554 890 est
1583 846 1737 903 Pollio,
1767 846 1837 890 vel

338 937 508 968 carmen
542 924 794 968 heroicum?
825 923 921 990 Hpc
952 924 1099 967 credas
1129 927 1302 980 propter
1333 936 1486 967 versus
1519 923 1726 966 17-202-

630 1035 721 1078 Iam
754 1048 872 1078 nunc
899 1035 1058 1078 minaci
1090 1047 1313 1093 murmure
1344 1048 1556 1078 cornuum

635 1111 897 1168 Perstringis
929 1124 1066 1167 aures,
1097 1113 1181 1154 iam
1213 1111 1312 1154 litui
1345 1113 1556 1168 strepunt,

698 1188 791 1231 Iam
822 1187 966 1245 fulgor
997 1201 1214 1231 armorum
1240 1188 1414 1244 fugaces

756 1264 902 1308 Terret
933 1277 1068 1321 equos
1102 1265 1385 1321 equitumque
1416 1263 1578 1320 vultus,

336 1381 455 1447 illud,
494 1382 594 1444 liget
622 1383 670 1425 in
700 1382 1051 1439 praecedentibus
1080 1384 1238 1426 iterum
1270 1384 1516 1439 iterumque
1547 1381 1836 1439 significatum

339 1460 394 1502 sit
425 1459 739 1515 tragoediarum
783 1459 1103 1502 scribendarum
1133 1459 1324 1502 laborem
1356 1473 1432 1516 per
1462 1459 1636 1516 aliquod
1666 1462 1839 1515 tempus

342 1550 367 1579 a
399 1536 592 1580 Pollione
623 1539 910 1600 interruptum
944 1538 1010 1593 iri,
1040 1541 1212 1594 propter
1244 1550 1395 1580 versus
1429 1538 1626 1580 21-24:

636 1648 803 1690 Audire
833 1661 1012 1704 magnos
1043 1649 1129 1690 iam
1160 1648 1308 1691 videor
1338 1648 1467 1691 duces

637 1723 736 1766 Non
767 1725 968 1767 indecoro
999 1724 1177 1780 pulvere
1209 1724 1415 1779 sordidos,

697 1800 753 1843 Et
784 1804 940 1844 cuncta
970 1805 1181 1844 terrarum
1218 1801 1396 1844 subacta

757 1877 931 1920 Praeter
963 1881 1150 1920 atrocem
1183 1878 1376 1920 animum
1406 1876 1588 1920 Catonis.

403 1993 487 2037 Sed
517 1995 732 2052 fingamus
763 2010 788 2038 a
818 1995 1013 2039 Pollione
1044 1999 1290 2052 exspectare
1319 1995 1550 2039 Horatium
1579 1995 1738 2039 librum
1755 1996 1842 2039 his-

342 2072 523 2113 toricum
557 2072 611 2114 ad
643 2072 974 2115 commovendos
1007 2073 1171 2115 animos
1199 2073 1480 2128 aptissimum,
1506 2074 1550 2114 in
1582 2085 1668 2129 quo
1684 2073 1843 2129 proelia

280 2208 282 2211 v
343 2148 542 2204 aciesque
588 2151 706 2191 tanto
753 2149 1047 2192 describantur
1094 2149 1270 2192 artificio
1314 2152 1362 2192 ut
1404 2149 1553 2192 adesse
1595 2149 1678 2192 sibi
1708 2149 1842 2192 lector

342 2225 540 2267 videatur
571 2228 612 2268 et
637 2227 850 2282 principes
877 2227 959 2268 viri
985 2227 1217 2269 identidem
1234 2225 1338 2268 πάνυ
1354 2226 1606 2280 δραματικῶς
1621 2230 1840 2283 tamquam

342 2302 388 2343 in
420 2314 590 2344 scenam
616 2303 958 2358 introducantur,
983 2316 1070 2344 non
1096 2303 1238 2359 gladio
1266 2306 1435 2346 tantum
1464 2303 1539 2346 sed
1555 2304 1681 2354 etiam
1698 2303 1840 2347 verbis

343 2380 586 2434 pugnaturi.
635 2379 705 2422 Sic
751 2380 866 2436 prior
910 2383 1078 2423 tantum
1126 2380 1300 2436 stropha
1340 2381 1410 2434 (17
1419 2381 1545 2434 -2Ο)
1577 2379 1841 2436 probabitur,

343 2454 476 2497 altera
502 2468 601 2497 vero
629 2457 834 2510 (21—-24)
861 2456 1051 2498 minime.
1067 2454 1181 2506 Quid
1199 2456 1345 2499 enim?
1377 2456 1587 2499 Audire
1617 2469 1844 2512 magnos

344 2532 447 2572 iam
481 2531 677 2573 videor
708 2532 888 2575 duces.
922 2531 1034 2583 Quid
1066 2532 1267 2575 facientes
1300 2533 1396 2575 illos
1429 2532 1577 2574 audire
1611 2530 1846 2574 sibiHoraae-

344 2607 430 2648 tius
478 2607 679 2649 videtur?
729 2607 988 2664 Orationem,
1033 2611 1080 2651 ut
1122 2610 1282 2665 opinor,
1325 2609 1528 2651 habentes
1571 2622 1657 2664 qua
1688 2608 1846 2652 milites

344 2682 411 2724 vel
443 2682 731 2739 adhortentur,
764 2685 834 2727 vel
866 2685 1054 2740 laudent,
1085 2685 1155 2728 vel
1191 2685 1475 2728 consolentur.
1503 2684 1555 2726 In
1574 2684 1712 2726 medio
1730 2685 1845 2727 enim

344 2762 571 2801 versantur
597 2759 720 2815 bello,
753 2762 910 2817 quippe
943 2762 1018 2817 qui
1051 2762 1138 2804 sint
1169 2774 1276 2803 non
1306 2761 1576 2804 indecoro
1607 2760 1845 2816 pulvere

347 2834 578 2877 sordidi.
627 2834 750 2885 Quod
796 2840 837 2879 et
884 2838 1027 2893 ipsum
1074 2839 1178 2880 satis
1225 2837 1408 2880 absurde
1454 2836 1616 2879 dictum
1659 2836 1844 2879 videtur.

2024 987 2034 1080 Ξ

2028 1090 2034 1128 ἔ
