2034 3334
1011 345 1097 388 168

314 476 586 533 lepidiusque
615 475 820 530 scriptum
852 485 946 516 esse
977 472 1218 530 com-munis
1243 471 1467 516 hominum
1491 471 1759 516 literatorum
1773 473 1818 516 et

316 554 419 596 olim
465 552 548 595 fuit
589 552 734 608 opinio
775 553 816 593 et
857 550 983 592 etiam
1017 562 1135 592 nunc
1167 552 1242 592 est.
1275 547 1357 592 Cui
1386 548 1585 605 equidem
1617 547 1817 592 lubenter

316 629 574 685 adstipulor;
622 627 697 671 sed
743 627 824 670 hoc
865 639 1004 670 unum
1047 639 1200 670 moneo
1235 627 1497 681 „amantium
1528 626 1626 670 lites
1657 626 1816 670 amoris

316 717 410 748 esse
438 701 869 760 redintegrationem’'
907 703 977 745 hic
1008 716 1033 746 a
1063 705 1188 760 poeta
1218 702 1362 746 doceri
1388 715 1587 762 non-guo
1618 701 1816 760 exemplo

317 780 392 824 sed
421 780 572 834 alieno.

352 857 561 913 2114st
601 856 779 900 Summa
824 859 913 900 arte
961 857 1244 912 compositum
1289 856 1371 899 hoc
1417 868 1588 899 carmen
1619 859 1697 912 est,
1728 869 1815 912 quo

315 934 511 992 Liparaei
539 933 674 977 Hebri
705 933 820 990 apud
849 933 1075 977 Neobulen
1104 946 1279 976 causam
1305 933 1394 990 agit
1418 931 1636 976 Horatius.

375 1011 454 1067 III,
488 1011 524 1053 7.
566 1010 712 1054 Primo
742 1014 916 1067 aspectu
948 1011 1053 1053 satis
1083 1009 1276 1066 lepidum
1308 1009 1390 1052 hoc
1419 1021 1588 1053 carmen
1622 1008 1815 1063 videtur3

318 1073 560 1132 accuratius
600 1087 924 1144 explorantibus
955 1101 1059 1130 mox
1095 1087 1198 1130 vitia
1227 1087 1303 1129 illa
1333 1086 1514 1130 Horatio
1545 1087 1717 1143 propria
1745 1099 1820 1143 ap-

317 1168 477 1222 parent.
524 1163 649 1219 „Noli
690 1165 850 1220 timere,
892 1163 1090 1207 Asterie'’
1123 1165 1182 1207 ait
1218 1177 1298 1218 „ne
1329 1163 1518 1207 absentis
1551 1162 1687 1220 Gygis
1717 1175 1819 1220 erga

317 1245 359 1285 te
400 1253 520 1284 amor
556 1242 798 1284 minuatur:
831 1254 919 1284 non
951 1242 1066 1284 enim
1097 1242 1136 1284 is
1167 1244 1232 1284 est
1264 1241 1340 1296 qui
1369 1239 1494 1283 facile
1524 1252 1572 1283 se
1601 1240 1819 1296 corrumpi

317 1318 524 1375 patiatur-3
558 1317 683 1361 crede
714 1318 831 1372 mihi,
863 1317 916 1360 de
946 1321 989 1360 te
1019 1331 1108 1360 una
1138 1317 1211 1360 ille
1242 1318 1410 1374 cogitat,
1442 1316 1539 1359 aliis
1565 1315 1819 1360 mulieribus

317 1407 466 1438 aurem
496 1407 585 1437 non
614 1393 807 1450 praebet;
841 1395 978 1450 ipsam
1010 1394 1128 1436 illam
1161 1393 1335 1444 Chloen,
1365 1406 1475 1450 quae
1501 1391 1704 1436 omnibus
1717 1393 1823 1436 arti-

317 1469 400 1513 bus
445 1482 543 1513 eum
590 1470 755 1512 irretire
801 1472 993 1526 conatur,
1036 1471 1199 1525 spernit
1239 1472 1590 1525 aspernaturque.
1624 1467 1740 1520 Quin
1771 1472 1821 1512 tu

316 1547 411 1603 ipsa
455 1546 599 1602 potius
639 1558 744 1589 cave
785 1558 840 1588 ne
881 1546 1052 1588 levitate
1082 1558 1242 1601 pecces,
1268 1545 1418 1601 illique
1448 1545 1527 1589 fias
1557 1544 1703 1602 infida,
1733 1545 1820 1588 iam

318 1623 433 1666 enim
475 1625 666 1665 metuere
706 1623 866 1678 incipio
907 1635 962 1665 ne
1002 1623 1172 1665 vicinus
1204 1622 1396 1678 Enipeus
1426 1623 1542 1665 iusto
1573 1621 1710 1678 magis
1741 1621 1821 1664 tibi

318 1697 523 1755 placeat.”
569 1697 743 1750 Parum,
783 1698 937 1754 hercle,
981 1697 1196 1741 urbanum
1229 1698 1309 1740 hoc
1340 1698 1536 1754 quidem;
1570 1697 1822 1741 maledicere

318 1774 515 1817 Asteriae
545 1773 752 1817 Horatius
784 1774 964 1826 videtur,
995 1787 1083 1816 nou
1115 1774 1344 1817 admonere
1377 1787 1470 1816 eam
1494 1773 1636 1817 fidelis
1661 1774 1821 1817 amoris

321 1863 448 1907 quem
480 1863 580 1907 erga
610 1863 705 1894 eam
738 1855 878 1894 servet
911 1850 1064 1908 Gyges.
1096 1851 1276 1894 Adiecto
1308 1852 1423 1894 enim
1455 1851 1539 1893 isto

1151 1992 1211 2034 At
1240 1991 1320 2034 tibi

795 2067 861 2112 Ne
891 2069 1061 2111 vicinus
1096 2067 1288 2125 Enipeus

857 2144 963 2216 Iflus
993 2145 1108 2188 iusto
1139 2145 1301 2201 placeat
1333 2158 1436 2188 cave

323 2305 454 2346 totius
501 2304 581 2346 hoc
622 2303 709 2346 fere
750 2302 798 2345 fit
841 2307 1142 2359 argumentum
1175 2305 1398 2346 carminis:
1438 2304 1553 2358 „noli
1585 2303 1639 2347 ob
1670 2303 1824 2361 Gygen

324 2381 557 2434 lacrimare,
586 2380 778 2433 Asterie3
812 2380 1034 2422 simulatas
1065 2381 1169 2422 istas
1201 2393 1294 2423 esse
1319 2380 1516 2423 lacrimas
1543 2379 1673 2436 probe
1698 2380 1823 2435 novi3

325 2469 450 2512 saepe
482 2458 596 2498 enim
628 2455 852 2498 observavi
883 2459 925 2498 te
950 2455 1068 2498 illius
1093 2457 1386 2499 immemorem
1414 2469 1519 2511 esse,
1545 2455 1637 2509 πρὸς
1651 2455 1688 2498 δ’
1705 2453 1827 2498 ἄλλον

323 2531 410 2573 τινὰ
446 2530 656 2583 χάσκειν.”
688 2531 840 2588 Neque
867 2536 1009 2575 tamen
1036 2533 1235 2576 Asterien
1262 2533 1448 2575 ludibrio
1465 2532 1619 2575 habere
1635 2532 1825 2576 voluisse

325 2608 552 2650 Horatium
600 2609 736 2650 credo.
785 2607 999 2659 Quorsum
1049 2610 1162 2651 enim
1211 2609 1496 2665 mythologica
1542 2610 1625 2652 ista
1667 2607 1853 2665 quibus‘

326 2685 522 2739 strophae
570 2689 722 2739 quarta
763 2686 1000 2741 quintaque
1033 2689 1134 2728 sunt
1166 2686 1381 2742 repletae?
1413 2685 1512 2728 Non
1543 2687 1625 2728 ista
1656 2698 1828 2728 carmen

329 2761 379 2802 de
427 2774 525 2802 vera
573 2761 717 2816 aliqua
763 2775 809 2804 re
856 2762 1018 2805 decent.
1065 2762 1227 2805 Censeo
1269 2775 1369 2818 ergo
1412 2763 1481 2804 hic
1513 2774 1686 2818 quoque
1717 2762 1826 2803 acci-

327 2836 439 2878 disse
486 2836 664 2878 Horatio
712 2838 826 2892 quod
869 2838 992 2880 toties
1024 2839 1244 2894 proprium
1276 2839 1464 2881 cantanti
1497 2851 1684 2881 amorem
1715 2838 1823 2880 acci-
