<?xml version="1.0" encoding="UTF-8"?>
<!DOCTYPE html PUBLIC "-//W3C//DTD XHTML 1.0 Transitional//EN"
    "http://www.w3.org/TR/xhtml1/DTD/xhtml1-transitional.dtd">
<html xmlns="http://www.w3.org/1999/xhtml" xml:lang="en" lang="en">
 <head>
  <title>
</title>
<meta http-equiv="Content-Type" content="text/html;charset=utf-8" />
  <meta name='ocr-system' content='tesseract 3.04.00' />
  <meta name='ocr-capabilities' content='ocr_page ocr_carea ocr_par ocr_line ocrx_word'/>
</head>
<body>
  <div class='ocr_page' id='page_1' title='image "./dehoratiopota00hartuoft_0333.png"; bbox 0 0 2034 3334; ppageno 0'>
   <div class='ocr_carea' id='block_1_1' title="bbox 0 2446 32 3334">
    <p class='ocr_par' dir='ltr' id='par_1_1' title="bbox 0 2446 32 3334">
     <span class='ocr_line' id='line_1_1' title="bbox 0 2446 32 3334; baseline 0 0"><span class='ocrx_word' id='word_1_1' title='bbox 0 2446 32 3334; x_wconf 95' lang='lat' dir='ltr'> </span> 
     </span>
    </p>
   </div>
   <div class='ocr_carea' id='block_1_2' title="bbox 905 241 1039 294">
    <p class='ocr_par' dir='ltr' id='par_1_2' title="bbox 905 241 1039 294">
     <span class='ocr_line' id='line_1_2' title="bbox 905 241 1039 294; baseline -0.007 -8"><span class='ocrx_word' id='word_1_2' title='bbox 905 282 918 294; x_wconf 79' lang='grc'>,</span> <span class='ocrx_word' id='word_1_3' title='bbox 955 241 1039 286; x_wconf 84' lang='grc'>117</span> 
     </span>
    </p>
   </div>
   <div class='ocr_carea' id='block_1_3' title="bbox 200 365 1793 1203">
    <p class='ocr_par' dir='ltr' id='par_1_3' title="bbox 200 365 1793 1203">
     <span class='ocr_line' id='line_1_3' title="bbox 201 365 1792 423; baseline -0.001 -13"><span class='ocrx_word' id='word_1_4' title='bbox 201 366 417 411; x_wconf 82' lang='lat' dir='ltr'>vindicare</span> <span class='ocrx_word' id='word_1_5' title='bbox 458 380 482 408; x_wconf 89' lang='lat' dir='ltr'>a</span> <span class='ocrx_word' id='word_1_6' title='bbox 524 367 726 409; x_wconf 85' lang='lat' dir='ltr'>conviciis</span> <span class='ocrx_word' id='word_1_7' title='bbox 768 366 818 409; x_wconf 92' lang='lat' dir='ltr'>de</span> <span class='ocrx_word' id='word_1_8' title='bbox 859 367 987 409; x_wconf 88' lang='lat' dir='ltr'>trivio</span> <span class='ocrx_word' id='word_1_9' title='bbox 1023 368 1228 423; x_wconf 87' lang='lat' dir='ltr'>sumptis,</span> <span class='ocrx_word' id='word_1_10' title='bbox 1266 367 1421 423; x_wconf 88' lang='lat' dir='ltr'>quibus</span> <span class='ocrx_word' id='word_1_11' title='bbox 1454 381 1554 410; x_wconf 89' lang='lat' dir='ltr'>eum</span> <span class='ocrx_word' id='word_1_12' title='bbox 1586 365 1792 410; x_wconf 74' lang='lat' dir='ltr'><strong>laceravit</strong></span> 
     </span>
     <span class='ocr_line' id='line_1_4' title="bbox 202 437 1792 494; baseline 0 -14"><span class='ocrx_word' id='word_1_13' title='bbox 202 437 522 488; x_wconf 84' lang='lat' dir='ltr'>Lachmannus,</span> <span class='ocrx_word' id='word_1_14' title='bbox 560 438 697 480; x_wconf 89' lang='lat' dir='ltr'>immo</span> <span class='ocrx_word' id='word_1_15' title='bbox 729 437 881 480; x_wconf 85' lang='lat' dir='ltr'>adduci</span> <span class='ocrx_word' id='word_1_16' title='bbox 913 451 961 480; x_wconf 87' lang='lat' dir='ltr'>ea.</span> <span class='ocrx_word' id='word_1_17' title='bbox 991 437 1313 480; x_wconf 88' lang='lat' dir='ltr'>Lachmannum</span> <span class='ocrx_word' id='word_1_18' title='bbox 1346 438 1567 494; x_wconf 76' lang='lat' dir='ltr'>oportebat</span> <span class='ocrx_word' id='word_1_19' title='bbox 1600 442 1648 480; x_wconf 91' lang='lat' dir='ltr'>ut</span> <span class='ocrx_word' id='word_1_20' title='bbox 1679 439 1792 480; x_wconf 87' lang='lat' dir='ltr'>criti-</span> 
     </span>
     <span class='ocr_line' id='line_1_5' title="bbox 201 507 1791 566; baseline 0.001 -16"><span class='ocrx_word' id='word_1_21' title='bbox 201 522 301 551; x_wconf 90' lang='lat' dir='ltr'>cum</span> <span class='ocrx_word' id='word_1_22' title='bbox 326 507 455 550; x_wconf 89' lang='lat' dir='ltr'>illum</span> <span class='ocrx_word' id='word_1_23' title='bbox 482 509 726 564; x_wconf 74' lang='lat' dir='ltr'><strong>suspiceret.</strong></span> <span class='ocrx_word' id='word_1_24' title='bbox 759 507 805 551; x_wconf 84' lang='lat' dir='ltr'>Si</span> <span class='ocrx_word' id='word_1_25' title='bbox 823 512 966 551; x_wconf 90' lang='lat' dir='ltr'>tamen</span> <span class='ocrx_word' id='word_1_26' title='bbox 985 509 1076 551; x_wconf 89' lang='lat' dir='ltr'>eius</span> <span class='ocrx_word' id='word_1_27' title='bbox 1093 510 1137 550; x_wconf 91' lang='lat' dir='ltr'>in</span> <span class='ocrx_word' id='word_1_28' title='bbox 1154 507 1520 565; x_wconf 82' lang='lat' dir='ltr'>Havercampium</span> <span class='ocrx_word' id='word_1_29' title='bbox 1538 522 1791 566; x_wconf 79' lang='lat' dir='ltr'>cognoscere</span> 
     </span>
     <span class='ocr_line' id='line_1_6' title="bbox 201 578 1791 636; baseline 0.001 -15"><span class='ocrx_word' id='word_1_30' title='bbox 201 580 321 636; x_wconf 90' lang='lat' dir='ltr'>cupis</span> <span class='ocrx_word' id='word_1_31' title='bbox 353 578 599 621; x_wconf 87' lang='lat' dir='ltr'>maledicta:</span> <span class='ocrx_word' id='word_1_32' title='bbox 639 578 799 621; x_wconf 81' lang='lat' dir='ltr'>similia</span> <span class='ocrx_word' id='word_1_33' title='bbox 830 582 930 621; x_wconf 88' lang='lat' dir='ltr'>sunt</span> <span class='ocrx_word' id='word_1_34' title='bbox 962 579 1061 622; x_wconf 90' lang='lat' dir='ltr'>huic</span> <span class='ocrx_word' id='word_1_35' title='bbox 1092 579 1353 622; x_wconf 87' lang='lat' dir='ltr'>Lachmanni</span> <span class='ocrx_word' id='word_1_36' title='bbox 1385 581 1429 621; x_wconf 93' lang='lat' dir='ltr'>in</span> <span class='ocrx_word' id='word_1_37' title='bbox 1461 579 1791 622; x_wconf 86' lang='lat' dir='ltr'>Wakefieldium</span> 
     </span>
     <span class='ocr_line' id='line_1_7' title="bbox 201 649 1793 706; baseline -0.001 -13"><span class='ocrx_word' id='word_1_38' title='bbox 201 651 413 694; x_wconf 83' lang='lat' dir='ltr'>convicio:</span> <span class='ocrx_word' id='word_1_39' title='bbox 449 649 766 700; x_wconf 84' lang='lat' dir='ltr'>„Wakefieldus</span> <span class='ocrx_word' id='word_1_40' title='bbox 799 663 898 692; x_wconf 91' lang='lat' dir='ltr'>cum</span> <span class='ocrx_word' id='word_1_41' title='bbox 928 663 1061 706; x_wconf 83' lang='lat' dir='ltr'>grege</span> <span class='ocrx_word' id='word_1_42' title='bbox 1093 664 1170 692; x_wconf 91' lang='lat' dir='ltr'>suo</span> <span class='ocrx_word' id='word_1_43' title='bbox 1201 650 1253 693; x_wconf 90' lang='lat' dir='ltr'>ad</span> <span class='ocrx_word' id='word_1_44' title='bbox 1278 650 1457 706; x_wconf 79' lang='lat' dir='ltr'>glandes</span> <span class='ocrx_word' id='word_1_45' title='bbox 1483 650 1651 693; x_wconf 89' lang='lat' dir='ltr'>rediit’&#39;.</span> <span class='ocrx_word' id='word_1_46' title='bbox 1682 649 1793 693; x_wconf 89' lang='lat' dir='ltr'>Hoc-</span> 
     </span>
     <span class='ocr_line' id='line_1_8' title="bbox 201 719 1791 764; baseline 0 0"><span class='ocrx_word' id='word_1_47' title='bbox 201 723 294 764; x_wconf 89' lang='lat' dir='ltr'>cine</span> <span class='ocrx_word' id='word_1_48' title='bbox 336 720 442 763; x_wconf 84' lang='lat' dir='ltr'>effici</span> <span class='ocrx_word' id='word_1_49' title='bbox 481 719 706 762; x_wconf 90' lang='lat' dir='ltr'>literarum</span> <span class='ocrx_word' id='word_1_50' title='bbox 749 720 1023 763; x_wconf 75' lang='lat' dir='ltr'>humaniorum</span> <span class='ocrx_word' id='word_1_51' title='bbox 1064 719 1230 763; x_wconf 79' lang='lat' dir='ltr'>studio!</span> <span class='ocrx_word' id='word_1_52' title='bbox 1274 720 1330 762; x_wconf 81' lang='lat' dir='ltr'>Et</span> <span class='ocrx_word' id='word_1_53' title='bbox 1361 723 1572 763; x_wconf 82' lang='lat' dir='ltr'>miramur</span> <span class='ocrx_word' id='word_1_54' title='bbox 1603 723 1733 763; x_wconf 90' lang='lat' dir='ltr'>etiam</span> <span class='ocrx_word' id='word_1_55' title='bbox 1767 735 1791 764; x_wconf 87' lang='lat' dir='ltr'>a.</span> 
     </span>
     <span class='ocr_line' id='line_1_9' title="bbox 200 791 1789 848; baseline 0 -14"><span class='ocrx_word' id='word_1_56' title='bbox 200 791 463 834; x_wconf 87' lang='lat' dir='ltr'>Lachmanni</span> <span class='ocrx_word' id='word_1_57' title='bbox 509 791 595 834; x_wconf 87' lang='lat' dir='ltr'>fere</span> <span class='ocrx_word' id='word_1_58' title='bbox 644 794 833 848; x_wconf 88' lang='lat' dir='ltr'>tempore</span> <span class='ocrx_word' id='word_1_59' title='bbox 878 793 1064 848; x_wconf 89' lang='lat' dir='ltr'>coepisse</span> <span class='ocrx_word' id='word_1_60' title='bbox 1110 791 1236 834; x_wconf 90' lang='lat' dir='ltr'>illum</span> <span class='ocrx_word' id='word_1_61' title='bbox 1282 795 1525 835; x_wconf 86' lang='lat' dir='ltr'>nostrarum</span> <span class='ocrx_word' id='word_1_62' title='bbox 1566 791 1789 835; x_wconf 82' lang='lat' dir='ltr'>literarum</span> 
     </span>
     <span class='ocr_line' id='line_1_10' title="bbox 200 861 1791 918; baseline 0.001 -14"><span class='ocrx_word' id='word_1_63' title='bbox 200 866 493 918; x_wconf 91' lang='lat' dir='ltr'>contemptum</span> <span class='ocrx_word' id='word_1_64' title='bbox 531 875 830 914; x_wconf 89' lang='lat' dir='ltr'>communem,</span> <span class='ocrx_word' id='word_1_65' title='bbox 868 876 950 918; x_wconf 93' lang='lat' dir='ltr'>quo</span> <span class='ocrx_word' id='word_1_66' title='bbox 992 877 1104 905; x_wconf 91' lang='lat' dir='ltr'>nunc</span> <span class='ocrx_word' id='word_1_67' title='bbox 1135 866 1224 905; x_wconf 89' lang='lat' dir='ltr'>tam</span> <span class='ocrx_word' id='word_1_68' title='bbox 1257 863 1532 905; x_wconf 87' lang='lat' dir='ltr'>vehementer</span> <span class='ocrx_word' id='word_1_69' title='bbox 1568 861 1791 906; x_wconf 81' lang='lat' dir='ltr'>laborant?</span> 
     </span>
     <span class='ocr_line' id='line_1_11' title="bbox 201 932 1790 977; baseline 0.001 -3"><span class='ocrx_word' id='word_1_70' title='bbox 201 932 313 975; x_wconf 86' lang='lat' dir='ltr'>Nam</span> <span class='ocrx_word' id='word_1_71' title='bbox 353 946 451 975; x_wconf 85' lang='lat' dir='ltr'>suos</span> <span class='ocrx_word' id='word_1_72' title='bbox 489 933 572 975; x_wconf 88' lang='lat' dir='ltr'>sibi</span> <span class='ocrx_word' id='word_1_73' title='bbox 603 946 861 975; x_wconf 80' lang='lat' dir='ltr'>successores</span> <span class='ocrx_word' id='word_1_74' title='bbox 893 934 936 974; x_wconf 86' lang='lat' dir='ltr'>in</span> <span class='ocrx_word' id='word_1_75' title='bbox 968 933 1045 976; x_wconf 90' lang='lat' dir='ltr'>hac</span> <span class='ocrx_word' id='word_1_76' title='bbox 1077 937 1189 976; x_wconf 87' lang='lat' dir='ltr'>certe</span> <span class='ocrx_word' id='word_1_77' title='bbox 1221 948 1265 976; x_wconf 89' lang='lat' dir='ltr'>re</span> <span class='ocrx_word' id='word_1_78' title='bbox 1296 933 1594 976; x_wconf 89' lang='lat' dir='ltr'>Lachmannus</span> <span class='ocrx_word' id='word_1_79' title='bbox 1625 934 1790 977; x_wconf 88' lang='lat' dir='ltr'>habuit.</span> 
     </span>
     <span class='ocr_line' id='line_1_12' title="bbox 202 1003 1792 1062; baseline 0.001 -15"><span class='ocrx_word' id='word_1_80' title='bbox 202 1003 284 1047; x_wconf 82' lang='lat' dir='ltr'>Sed</span> <span class='ocrx_word' id='word_1_81' title='bbox 316 1007 366 1046; x_wconf 92' lang='lat' dir='ltr'>ut</span> <span class='ocrx_word' id='word_1_82' title='bbox 398 1003 448 1046; x_wconf 86' lang='lat' dir='ltr'>ad</span> <span class='ocrx_word' id='word_1_83' title='bbox 481 1018 570 1046; x_wconf 89' lang='lat' dir='ltr'>rem</span> <span class='ocrx_word' id='word_1_84' title='bbox 603 1003 798 1046; x_wconf 88' lang='lat' dir='ltr'>redeam:</span> <span class='ocrx_word' id='word_1_85' title='bbox 832 1007 973 1046; x_wconf 87' lang='lat' dir='ltr'>noster</span> <span class='ocrx_word' id='word_1_86' title='bbox 1004 1003 1148 1047; x_wconf 86' lang='lat' dir='ltr'>Ovidii</span> <span class='ocrx_word' id='word_1_87' title='bbox 1181 1019 1329 1047; x_wconf 86' lang='lat' dir='ltr'>versus</span> <span class='ocrx_word' id='word_1_88' title='bbox 1360 1006 1406 1047; x_wconf 86' lang='lat' dir='ltr'>in</span> <span class='ocrx_word' id='word_1_89' title='bbox 1437 1004 1579 1047; x_wconf 89' lang='lat' dir='ltr'>codice</span> <span class='ocrx_word' id='word_1_90' title='bbox 1612 1022 1630 1046; x_wconf 87' lang='grc' dir='ltr'><em>ε</em></span> <span class='ocrx_word' id='word_1_91' title='bbox 1663 1019 1792 1062; x_wconf 88' lang='lat' dir='ltr'>supra</span> 
     </span>
     <span class='ocr_line' id='line_1_13' title="bbox 200 1074 1791 1132; baseline 0 -14"><span class='ocrx_word' id='word_1_92' title='bbox 200 1075 402 1130; x_wconf 74' lang='lat' dir='ltr'>scopulum</span> <span class='ocrx_word' id='word_1_93' title='bbox 444 1076 651 1131; x_wconf 86' lang='lat' dir='ltr'>scriptum</span> <span class='ocrx_word' id='word_1_94' title='bbox 692 1075 820 1118; x_wconf 86' lang='lat' dir='ltr'>habet</span> <span class='ocrx_word' id='word_1_95' title='bbox 860 1075 884 1116; x_wconf 67' lang='lat' dir='ltr'><em>l</em></span> <span class='ocrx_word' id='word_1_96' title='bbox 924 1090 983 1118; x_wconf 82' lang='lat' dir='ltr'>oa.</span> <span class='ocrx_word' id='word_1_97' title='bbox 1015 1074 1142 1118; x_wconf 89' lang='lat' dir='ltr'>Vides</span> <span class='ocrx_word' id='word_1_98' title='bbox 1185 1090 1314 1131; x_wconf 89' lang='lat' dir='ltr'>quam</span> <span class='ocrx_word' id='word_1_99' title='bbox 1346 1075 1469 1118; x_wconf 89' lang='lat' dir='ltr'>facile</span> <span class='ocrx_word' id='word_1_100' title='bbox 1500 1076 1684 1130; x_wconf 71' lang='lat' dir='ltr'>scopulus</span> <span class='ocrx_word' id='word_1_101' title='bbox 1715 1089 1791 1132; x_wconf 93' lang='lat' dir='ltr'>pro</span> 
     </span>
     <span class='ocr_line' id='line_1_14' title="bbox 201 1145 1314 1203; baseline 0 -14"><span class='ocrx_word' id='word_1_102' title='bbox 201 1146 370 1201; x_wconf 70' lang='lat' dir='ltr'>capulus</span> <span class='ocrx_word' id='word_1_103' title='bbox 401 1149 443 1189; x_wconf 88' lang='lat' dir='ltr'>et</span> <span class='ocrx_word' id='word_1_104' title='bbox 476 1146 642 1201; x_wconf 72' lang='lat' dir='ltr'>capulus</span> <span class='ocrx_word' id='word_1_105' title='bbox 674 1160 748 1202; x_wconf 88' lang='lat' dir='ltr'>pro</span> <span class='ocrx_word' id='word_1_106' title='bbox 778 1146 962 1200; x_wconf 74' lang='lat' dir='ltr'>scopulus</span> <span class='ocrx_word' id='word_1_107' title='bbox 992 1145 1081 1203; x_wconf 88' lang='lat' dir='ltr'>legi</span> <span class='ocrx_word' id='word_1_108' title='bbox 1114 1147 1314 1203; x_wconf 82' lang='lat' dir='ltr'>potuerit.</span> 
     </span>
    </p>
   </div>
   <div class='ocr_carea' id='block_1_4' title="bbox 203 1291 1759 1563">
    <p class='ocr_par' dir='ltr' id='par_1_4' title="bbox 203 1291 1759 1563">
     <span class='ocr_line' id='line_1_15' title="bbox 263 1291 1190 1350; baseline 0 -15"><span class='ocrx_word' id='word_1_109' title='bbox 263 1291 350 1335; x_wconf 81' lang='lat'>215</span> <span class='ocrx_word' id='word_1_110' title='bbox 392 1292 644 1350; x_wconf 88' lang='lat' dir='ltr'>Legendum</span> <span class='ocrx_word' id='word_1_111' title='bbox 677 1293 826 1348; x_wconf 90' lang='lat' dir='ltr'>opinor</span> <span class='ocrx_word' id='word_1_112' title='bbox 857 1306 955 1335; x_wconf 92' lang='lat' dir='ltr'>cum</span> <span class='ocrx_word' id='word_1_113' title='bbox 989 1292 1190 1335; x_wconf 89' lang='lat' dir='ltr'>Heinsio:</span> 
     </span>
     <span class='ocr_line' id='line_1_16' title="bbox 383 1361 1759 1420; baseline 0 -14"><span class='ocrx_word' id='word_1_114' title='bbox 383 1361 616 1415; x_wconf 77' lang='lat' dir='ltr'>„Desinel”</span> <span class='ocrx_word' id='word_1_115' title='bbox 643 1363 841 1406; x_wconf 89' lang='lat' dir='ltr'>Phoebus</span> <span class='ocrx_word' id='word_1_116' title='bbox 868 1365 948 1406; x_wconf 88' lang='lat' dir='ltr'>ait:</span> <span class='ocrx_word' id='word_1_117' title='bbox 979 1378 1163 1420; x_wconf 88' lang='lat' dir='ltr'>„poenae</span> <span class='ocrx_word' id='word_1_118' title='bbox 1190 1377 1310 1406; x_wconf 89' lang='lat' dir='ltr'>mora</span> <span class='ocrx_word' id='word_1_119' title='bbox 1335 1362 1477 1420; x_wconf 88' lang='lat' dir='ltr'>longa,</span> <span class='ocrx_word' id='word_1_120' title='bbox 1507 1363 1759 1419; x_wconf 87' lang='lat' dir='ltr'>querellas”.</span> 
     </span>
     <span class='ocr_line' id='line_1_17' title="bbox 203 1434 1301 1491; baseline 0.001 -15"><span class='ocrx_word' id='word_1_121' title='bbox 203 1435 325 1477; x_wconf 71' lang='lat' dir='ltr'>Mora</span> <span class='ocrx_word' id='word_1_122' title='bbox 357 1435 474 1489; x_wconf 67' lang='lat' dir='ltr'>{onya</span> <span class='ocrx_word' id='word_1_123' title='bbox 508 1436 536 1477; x_wconf 90' lang='lat' dir='ltr'>i.</span> <span class='ocrx_word' id='word_1_124' title='bbox 555 1449 590 1478; x_wconf 91' lang='lat' dir='ltr'>e.</span> <span class='ocrx_word' id='word_1_125' title='bbox 625 1436 763 1477; x_wconf 88' lang='lat' dir='ltr'>omnis</span> <span class='ocrx_word' id='word_1_126' title='bbox 793 1449 914 1477; x_wconf 90' lang='lat' dir='ltr'>mora</span> <span class='ocrx_word' id='word_1_127' title='bbox 943 1434 1073 1491; x_wconf 88' lang='lat' dir='ltr'>longa</span> <span class='ocrx_word' id='word_1_128' title='bbox 1105 1435 1156 1477; x_wconf 90' lang='lat' dir='ltr'>cf.</span> <span class='ocrx_word' id='word_1_129' title='bbox 1192 1435 1301 1478; x_wconf 83' lang='lat'>501:</span> 
     </span>
     <span class='ocr_line' id='line_1_18' title="bbox 387 1505 1122 1563; baseline 0 -15"><span class='ocrx_word' id='word_1_130' title='bbox 387 1505 535 1548; x_wconf 84' lang='lat' dir='ltr'>Omnis</span> <span class='ocrx_word' id='word_1_131' title='bbox 568 1507 650 1549; x_wconf 89' lang='lat' dir='ltr'>erit</span> <span class='ocrx_word' id='word_1_132' title='bbox 679 1506 798 1549; x_wconf 88' lang='lat' dir='ltr'>nobis</span> <span class='ocrx_word' id='word_1_133' title='bbox 830 1519 950 1549; x_wconf 88' lang='lat' dir='ltr'>mora</span> <span class='ocrx_word' id='word_1_134' title='bbox 979 1505 1122 1563; x_wconf 88' lang='lat' dir='ltr'>longa.</span> 
     </span>
    </p>
   </div>
   <div class='ocr_carea' id='block_1_5' title="bbox 201 1639 1791 1979">
    <p class='ocr_par' dir='ltr' id='par_1_5' title="bbox 201 1639 1791 1979">
     <span class='ocr_line' id='line_1_19' title="bbox 264 1639 1518 1699; baseline 0 -15"><span class='ocrx_word' id='word_1_135' title='bbox 264 1639 352 1684; x_wconf 85' lang='lat'>314</span> <span class='ocrx_word' id='word_1_136' title='bbox 370 1655 431 1697; x_wconf 93' lang='lat' dir='ltr'>sq.</span> <span class='ocrx_word' id='word_1_137' title='bbox 868 1641 1073 1698; x_wconf 87' lang='lat' dir='ltr'>cultuque</span> <span class='ocrx_word' id='word_1_138' title='bbox 1103 1643 1340 1699; x_wconf 86' lang='lat' dir='ltr'>impensius</span> <span class='ocrx_word' id='word_1_139' title='bbox 1372 1656 1518 1684; x_wconf 90' lang='lat' dir='ltr'>omnes</span> 
     </span>
     <span class='ocr_line' id='line_1_20' title="bbox 383 1711 1548 1769; baseline 0.002 -15"><span class='ocrx_word' id='word_1_140' title='bbox 383 1711 545 1768; x_wconf 89' lang='lat' dir='ltr'>Magna</span> <span class='ocrx_word' id='word_1_141' title='bbox 575 1711 879 1769; x_wconf 87' lang='lat' dir='ltr'>gemelliparae</span> <span class='ocrx_word' id='word_1_142' title='bbox 909 1716 1168 1756; x_wconf 85' lang='lat' dir='ltr'>venerantur</span> <span class='ocrx_word' id='word_1_143' title='bbox 1198 1715 1379 1755; x_wconf 89' lang='lat' dir='ltr'>numina</span> <span class='ocrx_word' id='word_1_144' title='bbox 1411 1713 1548 1756; x_wconf 87' lang='lat' dir='ltr'>divae.</span> 
     </span>
     <span class='ocr_line' id='line_1_21' title="bbox 201 1782 1791 1840; baseline 0 -14"><span class='ocrx_word' id='word_1_145' title='bbox 201 1783 349 1839; x_wconf 90' lang='lat' dir='ltr'>Neque</span> <span class='ocrx_word' id='word_1_146' title='bbox 391 1782 495 1825; x_wconf 92' lang='lat' dir='ltr'>olim</span> <span class='ocrx_word' id='word_1_147' title='bbox 537 1783 696 1826; x_wconf 88' lang='lat' dir='ltr'>credidi</span> <span class='ocrx_word' id='word_1_148' title='bbox 736 1797 872 1839; x_wconf 90' lang='lat' dir='ltr'>neque</span> <span class='ocrx_word' id='word_1_149' title='bbox 913 1798 1024 1827; x_wconf 90' lang='lat' dir='ltr'>nunc</span> <span class='ocrx_word' id='word_1_150' title='bbox 1067 1784 1190 1827; x_wconf 86' lang='lat' dir='ltr'>credo</span> <span class='ocrx_word' id='word_1_151' title='bbox 1233 1783 1377 1828; x_wconf 88' lang='lat' dir='ltr'>Ovidii</span> <span class='ocrx_word' id='word_1_152' title='bbox 1409 1798 1497 1827; x_wconf 90' lang='lat' dir='ltr'>esse</span> <span class='ocrx_word' id='word_1_153' title='bbox 1530 1798 1649 1840; x_wconf 91' lang='lat' dir='ltr'>posse</span> <span class='ocrx_word' id='word_1_154' title='bbox 1681 1785 1791 1826; x_wconf 76' lang='lat' dir='ltr'>cultu</span> 
     </span>
     <span class='ocr_line' id='line_1_22' title="bbox 202 1853 908 1910; baseline 0.001 -15"><span class='ocrx_word' id='word_1_155' title='bbox 202 1857 453 1896; x_wconf 71' lang='lat' dir='ltr'>venerantur.</span> <span class='ocrx_word' id='word_1_156' title='bbox 486 1853 651 1910; x_wconf 82' lang='lat' dir='ltr'>Ecquid</span> <span class='ocrx_word' id='word_1_157' title='bbox 682 1853 908 1910; x_wconf 69' lang='lat' dir='ltr'>multoque?</span> 
     </span>
     <span class='ocr_line' id='line_1_23' title="bbox 261 1923 976 1979; baseline 0.003 -14"><span class='ocrx_word' id='word_1_158' title='bbox 261 1923 408 1979; x_wconf 86' lang='lat' dir='ltr'>Neque</span> <span class='ocrx_word' id='word_1_159' title='bbox 441 1925 607 1966; x_wconf 84' lang='lat' dir='ltr'>mutavi</span> <span class='ocrx_word' id='word_1_160' title='bbox 639 1926 895 1967; x_wconf 79' lang='lat' dir='ltr'>sententiam</span> <span class='ocrx_word' id='word_1_161' title='bbox 926 1924 976 1967; x_wconf 89' lang='lat' dir='ltr'>de</span> 
     </span>
    </p>
   </div>
   <div class='ocr_carea' id='block_1_6' title="bbox 203 2067 1792 2408">
    <p class='ocr_par' dir='ltr' id='par_1_6' title="bbox 203 2067 1792 2408">
     <span class='ocr_line' id='line_1_24' title="bbox 265 2067 1550 2126; baseline 0 -14"><span class='ocrx_word' id='word_1_162' title='bbox 265 2067 351 2113; x_wconf 84' lang='lat'>317</span> <span class='ocrx_word' id='word_1_163' title='bbox 369 2083 430 2125; x_wconf 90' lang='lat' dir='ltr'>sq.</span> <span class='ocrx_word' id='word_1_164' title='bbox 860 2068 1017 2126; x_wconf 83' lang='lat' dir='ltr'>Lyciae</span> <span class='ocrx_word' id='word_1_165' title='bbox 1049 2083 1217 2125; x_wconf 90' lang='lat' dir='ltr'>quoque</span> <span class='ocrx_word' id='word_1_166' title='bbox 1247 2068 1403 2112; x_wconf 87' lang='lat' dir='ltr'>fertilis</span> <span class='ocrx_word' id='word_1_167' title='bbox 1435 2071 1550 2126; x_wconf 86' lang='lat' dir='ltr'>agris</span> 
     </span>
     <span class='ocr_line' id='line_1_25' title="bbox 383 2138 1453 2196; baseline 0 -15"><span class='ocrx_word' id='word_1_168' title='bbox 383 2139 480 2182; x_wconf 88' lang='lat' dir='ltr'>Non</span> <span class='ocrx_word' id='word_1_169' title='bbox 511 2141 688 2196; x_wconf 88' lang='lat' dir='ltr'>impune</span> <span class='ocrx_word' id='word_1_170' title='bbox 720 2138 843 2182; x_wconf 85' lang='lat' dir='ltr'>deam</span> <span class='ocrx_word' id='word_1_171' title='bbox 875 2143 1040 2182; x_wconf 84' lang='lat' dir='ltr'>veteres</span> <span class='ocrx_word' id='word_1_172' title='bbox 1073 2153 1267 2195; x_wconf 85' lang='lat' dir='ltr'>sprevere</span> <span class='ocrx_word' id='word_1_173' title='bbox 1300 2139 1453 2182; x_wconf 88' lang='lat' dir='ltr'>coloni.</span> 
     </span>
     <span class='ocr_line' id='line_1_26' title="bbox 203 2209 1789 2266; baseline 0 -12"><span class='ocrx_word' id='word_1_174' title='bbox 203 2210 298 2254; x_wconf 89' lang='lat' dir='ltr'>Non</span> <span class='ocrx_word' id='word_1_175' title='bbox 330 2214 473 2253; x_wconf 84' lang='lat' dir='ltr'>tamen</span> <span class='ocrx_word' id='word_1_176' title='bbox 504 2209 644 2253; x_wconf 89' lang='lat' dir='ltr'>hercle</span> <span class='ocrx_word' id='word_1_177' title='bbox 676 2223 745 2252; x_wconf 92' lang='lat' dir='ltr'>me</span> <span class='ocrx_word' id='word_1_178' title='bbox 778 2224 969 2266; x_wconf 89' lang='lat' dir='ltr'>unquam</span> <span class='ocrx_word' id='word_1_179' title='bbox 1000 2209 1130 2252; x_wconf 90' lang='lat' dir='ltr'>latuit</span> <span class='ocrx_word' id='word_1_180' title='bbox 1162 2210 1273 2263; x_wconf 65' lang='lat' dir='ltr'>aym</span> <span class='ocrx_word' id='word_1_181' title='bbox 1305 2214 1525 2266; x_wconf 87' lang='lat' dir='ltr'>tamquam</span> <span class='ocrx_word' id='word_1_182' title='bbox 1558 2211 1789 2254; x_wconf 85' lang='lat' dir='ltr'>locativum</span> 
     </span>
     <span class='ocr_line' id='line_1_27' title="bbox 205 2280 1792 2337; baseline 0.001 -13"><span class='ocrx_word' id='word_1_183' title='bbox 205 2283 334 2337; x_wconf 84' lang='lat' dir='ltr'>accipi</span> <span class='ocrx_word' id='word_1_184' title='bbox 380 2295 502 2337; x_wconf 85' lang='lat' dir='ltr'>posse</span> <span class='ocrx_word' id='word_1_185' title='bbox 543 2284 593 2322; x_wconf 92' lang='lat' dir='ltr'>ut</span> <span class='ocrx_word' id='word_1_186' title='bbox 632 2282 852 2337; x_wconf 79' lang='lat' dir='ltr'>genitivus</span> <span class='ocrx_word' id='word_1_187' title='bbox 896 2280 1043 2335; x_wconf 66' lang='lat' dir='ltr'>Lyciae</span> <span class='ocrx_word' id='word_1_188' title='bbox 1085 2294 1167 2322; x_wconf 92' lang='lat' dir='ltr'>non</span> <span class='ocrx_word' id='word_1_189' title='bbox 1210 2295 1233 2323; x_wconf 91' lang='lat' dir='ltr'>a</span> <span class='ocrx_word' id='word_1_190' title='bbox 1264 2281 1393 2322; x_wconf 76' lang='lat' dir='ltr'>coloni</span> <span class='ocrx_word' id='word_1_191' title='bbox 1423 2282 1602 2337; x_wconf 85' lang='lat' dir='ltr'>pendeat</span> <span class='ocrx_word' id='word_1_192' title='bbox 1635 2282 1706 2325; x_wconf 91' lang='lat' dir='ltr'>sed</span> <span class='ocrx_word' id='word_1_193' title='bbox 1740 2283 1792 2326; x_wconf 89' lang='lat' dir='ltr'>ab</span> 
     </span>
     <span class='ocr_line' id='line_1_28' title="bbox 204 2350 1731 2408; baseline 0 -14"><span class='ocrx_word' id='word_1_194' title='bbox 204 2352 326 2406; x_wconf 71' lang='lat' dir='ltr'>ayris.</span> <span class='ocrx_word' id='word_1_195' title='bbox 358 2351 440 2394; x_wconf 87' lang='lat' dir='ltr'>Sed</span> <span class='ocrx_word' id='word_1_196' title='bbox 471 2365 601 2407; x_wconf 89' lang='lat' dir='ltr'>quam</span> <span class='ocrx_word' id='word_1_197' title='bbox 631 2352 688 2393; x_wconf 89' lang='lat' dir='ltr'>sit</span> <span class='ocrx_word' id='word_1_198' title='bbox 717 2350 972 2408; x_wconf 85' lang='lat' dir='ltr'>languidum</span> <span class='ocrx_word' id='word_1_199' title='bbox 1002 2350 1118 2393; x_wconf 86' lang='lat' dir='ltr'>istud</span> <span class='ocrx_word' id='word_1_200' title='bbox 1151 2352 1366 2393; x_wconf 87' lang='lat' dir='ltr'>neminem</span> <span class='ocrx_word' id='word_1_201' title='bbox 1399 2351 1547 2408; x_wconf 89' lang='lat' dir='ltr'>fugere</span> <span class='ocrx_word' id='word_1_202' title='bbox 1578 2355 1731 2408; x_wconf 88' lang='lat' dir='ltr'>potest.</span> 
     </span>
    </p>
   </div>
   <div class='ocr_carea' id='block_1_7' title="bbox 206 2495 1794 2835">
    <p class='ocr_par' dir='ltr' id='par_1_7' title="bbox 206 2495 1794 2835">
     <span class='ocr_line' id='line_1_29' title="bbox 268 2495 1573 2552; baseline 0.001 -12"><span class='ocrx_word' id='word_1_203' title='bbox 268 2496 356 2540; x_wconf 80' lang='lat'>468</span> <span class='ocrx_word' id='word_1_204' title='bbox 388 2496 455 2539; x_wconf 87' lang='lat' dir='ltr'>Ad</span> <span class='ocrx_word' id='word_1_205' title='bbox 485 2495 687 2538; x_wconf 83' lang='lat' dir='ltr'>mandata</span> <span class='ocrx_word' id='word_1_206' title='bbox 717 2496 907 2551; x_wconf 89' lang='lat' dir='ltr'>Prognes</span> <span class='ocrx_word' id='word_1_207' title='bbox 937 2499 980 2538; x_wconf 89' lang='lat' dir='ltr'>et</span> <span class='ocrx_word' id='word_1_208' title='bbox 1011 2497 1103 2552; x_wconf 86' lang='lat' dir='ltr'>agit</span> <span class='ocrx_word' id='word_1_209' title='bbox 1134 2510 1211 2539; x_wconf 87' lang='lat' dir='ltr'>sua</span> <span class='ocrx_word' id='word_1_210' title='bbox 1242 2500 1342 2540; x_wconf 91' lang='lat' dir='ltr'>vota</span> <span class='ocrx_word' id='word_1_211' title='bbox 1373 2498 1451 2540; x_wconf 85' lang='lat' dir='ltr'>sub</span> <span class='ocrx_word' id='word_1_212' title='bbox 1482 2497 1573 2541; x_wconf 86' lang='lat' dir='ltr'>illa.</span> 
     </span>
     <span class='ocr_line' id='line_1_30' title="bbox 206 2566 1794 2627; baseline 0.001 -16"><span class='ocrx_word' id='word_1_213' title='bbox 206 2568 300 2612; x_wconf 91' lang='lat' dir='ltr'>Non</span> <span class='ocrx_word' id='word_1_214' title='bbox 342 2568 428 2610; x_wconf 88' lang='lat' dir='ltr'>fero</span> <span class='ocrx_word' id='word_1_215' title='bbox 470 2567 538 2610; x_wconf 90' lang='lat' dir='ltr'>hic</span> <span class='ocrx_word' id='word_1_216' title='bbox 580 2566 755 2620; x_wconf 61' lang='lat' dir='ltr'>Prh&#39;qnes</span> <span class='ocrx_word' id='word_1_217' title='bbox 796 2581 895 2609; x_wconf 90' lang='lat' dir='ltr'>cum</span> <span class='ocrx_word' id='word_1_218' title='bbox 939 2581 1104 2623; x_wconf 90' lang='lat' dir='ltr'>semper</span> <span class='ocrx_word' id='word_1_219' title='bbox 1142 2568 1244 2610; x_wconf 90' lang='lat' dir='ltr'>alibi</span> <span class='ocrx_word' id='word_1_220' title='bbox 1275 2568 1449 2623; x_wconf 71' lang='lat' dir='ltr'>Pro‘qnes</span> <span class='ocrx_word' id='word_1_221' title='bbox 1479 2571 1592 2612; x_wconf 86' lang='lat' dir='ltr'>iusta</span> <span class='ocrx_word' id='word_1_222' title='bbox 1623 2569 1794 2627; x_wconf 87' lang='lat' dir='ltr'>legatur</span> 
     </span>
     <span class='ocr_line' id='line_1_31' title="bbox 206 2637 621 2682; baseline -0.007 0"><span class='ocrx_word' id='word_1_223' title='bbox 206 2652 417 2682; x_wconf 86' lang='lat' dir='ltr'>mensura.</span> <span class='ocrx_word' id='word_1_224' title='bbox 450 2637 621 2680; x_wconf 88' lang='lat' dir='ltr'>Nonne:</span> 
     </span>
     <span class='ocr_line' id='line_1_32' title="bbox 388 2707 1573 2765; baseline 0.002 -14"><span class='ocrx_word' id='word_1_225' title='bbox 388 2709 455 2751; x_wconf 89' lang='lat' dir='ltr'>Ad</span> <span class='ocrx_word' id='word_1_226' title='bbox 485 2709 675 2764; x_wconf 87' lang='lat' dir='ltr'>Prognes</span> <span class='ocrx_word' id='word_1_227' title='bbox 707 2707 905 2750; x_wconf 85' lang='lat' dir='ltr'>mandata</span> <span class='ocrx_word' id='word_1_228' title='bbox 937 2712 979 2751; x_wconf 90' lang='lat' dir='ltr'>et</span> <span class='ocrx_word' id='word_1_229' title='bbox 1011 2709 1102 2765; x_wconf 89' lang='lat' dir='ltr'>agit</span> <span class='ocrx_word' id='word_1_230' title='bbox 1135 2723 1211 2751; x_wconf 87' lang='lat' dir='ltr'>sua</span> <span class='ocrx_word' id='word_1_231' title='bbox 1242 2712 1342 2752; x_wconf 80' lang='lat' dir='ltr'>vota</span> <span class='ocrx_word' id='word_1_232' title='bbox 1373 2711 1452 2754; x_wconf 87' lang='lat' dir='ltr'>sub</span> <span class='ocrx_word' id='word_1_233' title='bbox 1484 2709 1573 2753; x_wconf 86' lang='lat' dir='ltr'>illa.</span> 
     </span>
     <span class='ocr_line' id='line_1_33' title="bbox 209 2777 1405 2835; baseline -0.001 -12"><span class='ocrx_word' id='word_1_234' title='bbox 209 2778 332 2824; x_wconf 83' lang='lat' dir='ltr'>Certe</span> <span class='ocrx_word' id='word_1_235' title='bbox 363 2778 502 2822; x_wconf 89' lang='lat' dir='ltr'>multo</span> <span class='ocrx_word' id='word_1_236' title='bbox 533 2780 676 2821; x_wconf 88' lang='lat' dir='ltr'>minus</span> <span class='ocrx_word' id='word_1_237' title='bbox 707 2779 877 2835; x_wconf 85' lang='lat' dir='ltr'>ingrata</span> <span class='ocrx_word' id='word_1_238' title='bbox 909 2777 1029 2821; x_wconf 87' lang='lat' dir='ltr'>elisio</span> <span class='ocrx_word' id='word_1_239' title='bbox 1060 2780 1105 2821; x_wconf 90' lang='lat' dir='ltr'>in</span> <span class='ocrx_word' id='word_1_240' title='bbox 1135 2780 1324 2821; x_wconf 71' lang='lat' dir='ltr'>mandata</span> <span class='ocrx_word' id='word_1_241' title='bbox 1356 2785 1405 2822; x_wconf 72' lang='lat' dir='ltr'>et.</span> 
     </span>
    </p>
   </div>
   <div class='ocr_carea' id='block_1_8' title="bbox 271 2914 1645 3037">
    <p class='ocr_par' dir='ltr' id='par_1_8' title="bbox 271 2914 1645 3037">
     <span class='ocr_line' id='line_1_34' title="bbox 271 2914 464 2971; baseline 0.005 -14"><span class='ocrx_word' id='word_1_242' title='bbox 271 2914 358 2958; x_wconf 87' lang='grc'><strong>513</strong></span> <span class='ocrx_word' id='word_1_243' title='bbox 375 2929 464 2971; x_wconf 85' lang='lat' dir='ltr'>sqq.</span> 
     </span>
     <span class='ocr_line' id='line_1_35' title="bbox 392 2983 1645 3037; baseline 0.002 -9"><span class='ocrx_word' id='word_1_244' title='bbox 392 2984 640 3037; x_wconf 83' lang='lat' dir='ltr'>„Vicimus”</span> <span class='ocrx_word' id='word_1_245' title='bbox 674 2983 905 3037; x_wconf 83' lang='lat' dir='ltr'>exclamat,</span> <span class='ocrx_word' id='word_1_246' title='bbox 941 2999 1138 3037; x_wconf 86' lang='lat' dir='ltr'>„mecum</span> <span class='ocrx_word' id='word_1_247' title='bbox 1169 3000 1265 3030; x_wconf 85' lang='lat' dir='ltr'>mea</span> <span class='ocrx_word' id='word_1_248' title='bbox 1295 2990 1395 3031; x_wconf 85' lang='lat' dir='ltr'>vota</span> <span class='ocrx_word' id='word_1_249' title='bbox 1425 2988 1645 3031; x_wconf 86' lang='lat' dir='ltr'>feruntur”</span> 
     </span>
    </p>
   </div>
  </div>
 </body>
</html>
