2034 3334
235 1763 311 1785 Νι
343 1802 420 1845 ego
460 1788 675 1832 Tribunus
716 1790 931 1833 intercedo
972 1792 1014 1833 et
1045 1790 1131 1832 vim
1162 1788 1254 1832 fieri
1284 1792 1393 1832 veto.
1424 1788 1608 1833 Felicem
1639 1801 1685 1833 se
1714 1801 1834 1846 prae-

1055 362 1138 406 136

405 491 568 535 Plantis
613 491 640 534 i.
657 503 691 534 e.
740 488 903 547 pedib
916 502 977 532 us
1018 488 1156 532 sidera
1196 490 1370 545 tangere
1409 487 1556 546 &2311ss
1587 487 1670 532 sibi
1699 487 1837 533 videri

346 571 483 626 potest
528 567 595 610 vel
640 568 704 627 ip„
726 567 892 621 somnio
933 578 1070 622 aeger,
1110 565 1186 609 sed
1228 566 1306 622 qui
1346 565 1455 608 elato
1485 568 1550 609 est
1579 565 1736 621 animo,
1752 555 1864 610 'eui'

345 647 559 702 insperata
589 644 767 700 contigit
795 635 954 686 laetitia
983 643 1183 699 gloriave,
1209 643 1247 685 is
1277 642 1444 686 coelum
1478 645 1650 699 tangere
1680 641 1838 686 dieitur

345 722 414 765 vel
453 722 610 764 vertice
641 721 709 763 vel
739 719 940 763 manibus
971 719 1213 776 digitisque.
1245 718 1332 762 Cur
1362 731 1462 777 ergo
1493 722 1704 764 vetustam
1736 731 1836 763 con-

344 799 549 841 iecturam
595 797 824 853 palmis,
866 809 994 852 quam
1040 795 1236 852 probavit
1276 797 1403 839 etiam
1435 795 1656 852 Heinsius,
1686 807 1835 840 omnes

344 887 462 917 nune
493 873 674 916 editores
706 875 920 929 spernant,
951 872 1020 916 vel
1052 885 1138 928 qua
1169 872 1332 915 ratione
1363 872 1580 929 vulgatam
1607 871 1835 916 defendant

345 963 413 994 me
458 963 546 993 non
586 950 822 1006 intelligere
861 949 1006 992 fateor.
1047 948 1158 992 Nam
1198 952 1450 1006 argumenta
1481 949 1640 1006 quibus
1671 951 1835 993 veteres

342 1026 544 1083 philologi
589 1025 817 1070 Heinsium
862 1026 1053 1069 refellere
1099 1025 1182 1069 sibi
1230 1025 1484 1070 videbantur
1524 1027 1690 1070 minimi
1730 1028 1835 1070 sunt

342 1104 478 1160 pretii.
519 1102 636 1146 Inter
678 1116 787 1159 quos
817 1102 1145 1146 Brouckhusius
1175 1102 1230 1146 ad
1260 1106 1455 1147 nostrum
1486 1103 1631 1147 locum
1658 1115 1834 1148 versum

345 1179 499 1224 Catulli
529 1180 648 1223 affert
678 1179 848 1236 (LXVI,
882 1180 938 1223 69
972 1180 1024 1223 de
1056 1179 1186 1223 Coma
1210 1179 1479 1235 Berenices):

461 1289 544 1332 Sed
577 1302 837 1346 quamquam
869 1302 938 1333 me
968 1292 1092 1332 nocte
1123 1292 1327 1346 premunt
1357 1290 1537 1347 vestigia
1567 1289 1716 1333 divum

343 1410 385 1450 et
429 1406 567 1450 addit:
621 1407 723 1463 „qui
761 1406 880 1450 locus
922 1406 991 1450 vel
1032 1406 1150 1450 solus
1189 1405 1300 1450 tueri
1341 1409 1504 1463 poterat
1543 1406 1587 1450 τὸ
1617 1406 1836 1464 plantis

345 1483 459 1539 quod
512 1483 670 1540 legitur
722 1484 770 1526 in
822 1482 1021 1526 omnibus
1067 1482 1339 1539 membranis,
1385 1496 1525 1540 neque
1571 1483 1660 1527 ullo
1707 1483 1835 1527 modo

344 1559 545 1604 audiendi
577 1563 678 1604 sunt
710 1562 785 1617 qui
815 1560 1019 1617 palmis
1050 1559 1360 1603 substituunt?

304 1636 313 1653 Γ
402 1636 624 1694 Scioppius
669 1637 715 1679 in
755 1636 934 1693 Priapea
975 1650 1014 1693 p.
1048 1636 1126 1678 93.
1173 1635 1311 1691 „Illud
1341 1636 1557 1692 plantis
1589 1637 1835 1694 contingere
2016 1643 2034 1686 μ’

343 1713 482 1756 sidera
526 1701 684 1769 Lipsio
711 1717 752 1756 et
794 1713 1005 1770 Scaligero
1046 1708 1171 1756 Latio
1208 1707 1547 1756 interdicendum
1580 1712 1761 1769 videtur,
1791 1716 1846 1765 at
1852 1650 2011 1749 W

343 1865 455 1908 dicat
495 1865 742 1922 Propertius
789 1867 906 1923 quod
951 1865 1135 1921 Cynthia
1176 1866 1335 1922 potitus
1377 1867 1444 1922 sit,
1485 1880 1524 1922 q.
1541 1866 1579 1908 d.
1610 1866 1695 1909 iam
1727 1859 1878 1927 deus

342 1942 447 1984 mihi
491 1942 629 1985 factus
670 1943 818 1986 videor
858 1946 900 1986 et
935 1944 983 1985 in
1015 1943 1180 1986 coelum
1213 1942 1385 1999 relatus,
1415 1942 1504 1999 ubi,
1537 1943 1595 1986 ait
1627 1941 1833 1999 Catullus,

340 2021 464 2062 nocte
494 2021 694 2075 premunt
720 2013 863 2064 sffellas
890 2019 1256 2083 vestigidevum.
1273 2019 1438 2063 Plantis
1454 2020 1663 2077 contingit
1676 2022 1832 2063 terram

342 2095 417 2150 qui
448 2094 675 2138 ambulat.''
1019 2143 1051 2170 Γ

399 2169 690 2215 Ritterhusius
723 2172 776 2215 ad
808 2171 1018 2216 Guntheri
1048 2185 1220 2216 versum

579 2281 728 2323 Ardua
760 2281 973 2325 sidereum
1003 2282 1199 2338 pulsabat
1229 2283 1388 2325 vertice
1418 2283 1585 2326 coelum
1782 2346 1804 2389 l
1847 2313 1934 2380 ΓΕ
2018 2292 2022 2317 2

1803 2355 1845 2384 α

343 2397 461 2440 affert
502 2397 806 2441 Horatianum:
850 2399 1031 2442 Sublimi
1072 2399 1220 2443 feriam
1253 2400 1392 2443 sidera
1422 2402 1593 2456 vertice,
1624 2400 1854 2472 Ausonii:
1854 2402 2034 2487 &jumi

287 2472 299 2484 ”
342 2472 470 2515 Illum
503 2487 580 2530 ego
613 2476 650 2517 si
680 2487 847 2518 cernam
875 2479 967 2518 tum
998 2479 1169 2532 tangam
1202 2478 1359 2520 vertice
1389 2477 1566 2532 coelum,
1592 2430 1884 2531 symmach&
1850 2511 1885 2540 C
1888 2502 1946 2531 η.
1929 2470 2034 2523 ,Δ
2020 2492 2034 2523 -2

343 2549 499 2605 1‚46:
548 2549 690 2607 Digito
734 2565 888 2609 supera
930 2566 1134 2609 convexa,
1176 2554 1290 2610 quod
1321 2555 1453 2610 aiunt,
1483 2557 1667 2610 tangere.
1699 2552 1832 2597 Putes
1857 2519 2034 2627 ..R-w&

344 2626 484 2668 virum
528 2626 696 2669 doctum
734 2628 902 2671 Heinsii
934 2642 1106 2672 oausam
1139 2630 1384 2684 defendere,
1417 2630 1520 2673 haec
1548 2630 1661 2672 enim
1692 2628 1832 2672 addit:

348 2699 523 2753 „Graeci
557 2716 727 2758 quoque
759 2705 828 2746 usi
859 2708 961 2747 sunt
990 2706 1071 2748 hoc
1101 2706 1348 2762 proverbio:
1382 2706 1591 2749 Aristaen.
1623 2705 1656 2760 I,
1686 2705 1755 2760 10,
1783 2705 1833 2747 1:

345 2774 411 2817 καὶ
443 2776 485 2818 τὸ
518 2776 725 2829 λεγόμενον
757 2779 803 2827 δὴ
830 2782 942 2823 τοῦτο
973 2780 1090 2824 ἐδόκει
1123 2787 1171 2835 τῇ
1204 2785 1366 2836 κεφαλῇ
1396 2781 1537 2836 ψαύειν
1567 2785 1635 2825 τοῦ
1662 2781 1828 2836 οὐρανοῦ.

345 2852 590 2909 Propertius
623 2869 794 2911 quoque
825 2857 927 2900 dicit
953 2858 1007 2900 ad
1034 2859 1212 2902 eandem
1228 2859 1401 2903 faciem:
1422 2859 1676 2928 COBt-{lgggre
1692 2860 1831 2903 sidera
