2034 3334
1041 459 1097 500 52

284 584 356 634 qui
402 583 637 625 Chaeream
683 594 905 634 nunquam
950 586 1059 626 vidit
1104 569 1181 633 (sic
1222 586 1339 627 enim
1379 587 1560 637 Pythias
1601 587 1762 638 credit),
1803 588 1850 630 id

284 660 456 708 quidem
501 671 633 700 sensu
675 671 850 701 cassum
891 663 970 702 est.
1012 662 1067 702 Et
1106 662 1175 703 fac
1213 663 1278 703 sic
1317 663 1401 703 dici
1439 674 1589 714 posse:
1626 665 1747 714 „erat
1773 663 1847 707 ille

282 746 387 785 puer
431 738 523 776 tam
570 737 787 777 formosus
827 738 877 778 ut
916 748 1017 778 eum
1058 738 1202 779 videre
1242 738 1419 789 velles”,
1461 739 1562 789 quid
1602 740 1847 791 emphatico

282 811 354 851 illo
386 813 443 852 tu
476 823 583 862 opus
615 814 714 853 est?
744 813 869 854 Hanc
898 825 1087 864 propono
1118 816 1489 856 emendationem:

573 890 669 939 qui
699 891 748 930 tu
778 890 963 931 videri
993 901 1096 932 vero
1126 892 1275 943 velles,
1307 892 1518 934 Phaedria

282 965 373 1004 vel:
578 976 736 1015 quem
773 967 826 1007 te
857 967 1042 1007 videri
1073 978 1176 1008 vero
1205 968 1353 1019 velles,
1386 969 1608 1010 Phaedria.

283 1041 352 1080 Sic
368 1041 537 1091 egregie
554 1041 658 1081 illud
675 1042 707 1082 P
719 1042 748 1081 h
760 1053 786 1082 a
798 1054 820 1082 e
833 1043 859 1083 d
870 1054 892 1082 r
903 1044 917 1083 i
929 1054 955 1083 a
971 1029 1139 1093 quoque
1158 1042 1308 1096 ἠθικῶς
1325 1045 1507 1086 additur.
1525 1045 1586 1086 Of.
1601 1045 1732 1087 Andr.
1745 1046 1845 1102 702,

282 1117 353 1156 ubi
379 1117 632 1167 Pamphilus
658 1121 803 1167 rogat:
832 1119 956 1172 quis
983 1120 1179 1160 videor
1205 1121 1231 1160 i.
1250 1130 1286 1160 e.
1319 1131 1415 1170 „me
1437 1121 1603 1171 aspice:
1619 1121 1848 1162 vultumne

282 1203 360 1242 ego
391 1194 527 1234 habeo
558 1194 724 1234 fallacis
754 1196 944 1236 hominis
976 1197 1020 1236 et
1050 1196 1312 1247 impostoris,
1347 1207 1402 1237 an
1432 1195 1571 1237 fidelis
1601 1196 1731 1238 amici
1741 1197 1791 1237 ?”

344 1269 451 1318 „Hic
482 1280 583 1310 vero
615 1271 710 1310 est’'
743 1271 924 1321 Pythias
956 1272 1095 1312 addit:

872 1348 1024 1388 Vietus
1054 1351 1183 1389 vetus
1214 1350 1470 1389 veternosus
1500 1359 1636 1391 senex

576 1423 725 1464 Colore
755 1425 1001 1465 mustelino.

280 1497 526 1538 Admodum
552 1501 788 1541 verisimile
815 1503 882 1541 est
909 1501 1020 1550 quod
1046 1501 1156 1541 alter
1182 1501 1424 1541 Scholiasta
1448 1501 1581 1541 tradit
1595 1500 1845 1545 Terentium

277 1576 403 1626 γαλῆν
454 1577 498 1615 et
543 1575 742 1629 γαλεώτην
784 1578 1040 1627 confudisse,
1084 1578 1223 1618 citans
1264 1577 1569 1617 Menandreum
1611 1571 1727 1625 οὗτός
1767 1575 1846 1617 ἐστι

277 1650 472 1702 γαλεώτης
498 1649 635 1704 γέρων.
662 1653 784 1692 Alter
810 1653 1060 1693 Terentium
1087 1653 1288 1704 defendit,
1317 1653 1410 1703 hoc,
1437 1655 1488 1693 ut
1512 1653 1695 1704 videtur,
1713 1647 1844 1705 *argu-

277 1728 425 1766 mento
471 1728 583 1776 quod
628 1729 822 1768 Eunuchi
868 1730 940 1769 alii
986 1728 1093 1769 fiant
1138 1730 1340 1769 sublividi
1386 1730 1541 1776 (colore
1581 1731 1844 1783 mustelino),

278 1803 350 1842 alii
404 1803 651 1853 lentiginosi
708 1805 861 1851 (colore
911 1805 1185 1852 stellionino).
1233 1805 1454 1854 Bentlejus
1499 1806 1570 1846 hic
1614 1806 1843 1855 legendum

277 1880 424 1918 censet
465 1879 652 1919 colore
693 1881 1051 1920 stellionino.
1095 1881 1206 1921 Utut
1247 1883 1326 1931 est,
1371 1882 1484 1922 hunc
1520 1883 1636 1922 certe
1666 1891 1843 1923 versum

276 1955 328 1994 ad
360 1955 540 1995 verbum
573 1966 596 1995 e
628 1956 788 1996 Graeco
819 1958 1043 1997 transtulit
1074 1958 1312 1997 Terentius.

335 2031 563 2071 Exclamat
593 2032 803 2072 Phaedria
836 2033 936 2079 (689
969 2036 1071 2082 sq.):

895 2110 1020 2159 Hem,
1055 2120 1163 2159 quae
1195 2111 1302 2150 haec
1333 2112 1400 2150 est
1430 2110 1607 2151 fabula?

452 2184 512 2223 Eo
544 2185 710 2234 rediges
741 2195 824 2235 me,
858 2187 908 2224 ut
935 2185 1034 2234 quid
1067 2186 1229 2234 egerim
1261 2188 1434 2235 egomet
1463 2186 1669 2226 nesciam.

336 2260 416 2299 Hic
443 2271 610 2309 quoquo
637 2261 757 2300 hem
783 2272 962 2310 gravem
989 2262 1216 2311 emphasin
1243 2262 1394 2301 habet:
1423 2264 1490 2302 est
1516 2262 1633 2302 enim
1653 2262 1857 2312 graviter

277 2336 550 2384 indignantis.
575 2333 600 2383 ¹)
644 2337 724 2376 Pro
766 2338 895 2386 quid
939 2338 1149 2387 egerim
1191 2337 1411 2386 Bentlejus
1451 2337 1673 2387 proposust
1711 2338 1842 2388 quid
1908 2386 1910 2390 ¹

314 2564 334 2595 ¹)
355 2563 496 2597 Belgice:
517 2563 606 2600 „Wel
627 2564 870 2600 allemachtig.”
892 2565 972 2593 Cum
994 2563 1145 2593 omnium
1163 2563 1315 2593 brevium
1334 2563 1536 2599 vocularum,
1553 2564 1628 2593 tum
1642 2562 1840 2600 praecorum

277 2614 516 2643 interiectionis
534 2615 633 2655 Q
646 2618 800 2645 accurate
818 2616 983 2646 rationem
1000 2623 1075 2646 esse
1092 2614 1279 2645 habendam
1297 2615 1327 2644 ei
1343 2615 1399 2650 qui
1417 2615 1608 2644 Terentium
1623 2615 1724 2651 probe
1737 2614 1842 2646 vellet

277 2666 428 2701 intelligi,
447 2667 742 2701 persuasissimum
764 2668 974 2697 Scholiastae
993 2668 1067 2705 mit,
1086 2667 1224 2702 ideoque
1242 2667 1370 2696 nullum
1391 2674 1536 2703 versum,
1556 2667 1613 2696 ubi
1631 2666 1691 2696 illa
1708 2665 1843 2705 legitur,

275 2717 347 2746 sine
376 2719 593 2748 annotatione
618 2720 855 2755 praetermisit
884 2720 945 2749 Sed
971 2727 1137 2755 nusquam
1163 2719 1284 2748 melius
1310 2726 1394 2754 quae
1419 2719 1492 2748 eius
1517 2719 1572 2748 vis
1596 2720 1688 2748 esset
1709 2718 1840 2749 demon·

276 2770 399 2797 stravit
416 2778 514 2803 quam
533 2772 573 2799 ad
591 2772 694 2800 Andr.
713 2772 736 2813 I1
751 2773 777 2808 2,
793 2773 837 2813 13,
856 2773 912 2801 ubi
922 2772 1015 2801 dicit:
1030 2773 1159 2809 „Hemt
1170 2779 1258 2800 nunc
1273 2771 1368 2810 quasi
1379 2770 1540 2812 correptio
1550 2771 1658 2801 totius
1667 2771 1840 2810 QQ!

233 2831 263 3068 Ξ
312 2821 420 2848 Unum
448 2823 654 2858 alterumque
682 2824 825 2853 Terentii
844 2825 952 2853 locum
974 2832 1048 2854 esse
1067 2824 1123 2853 ubi
1141 2823 1233 2852 hem
1249 2829 1315 2851 non
1332 2823 1457 2851 habeat
1471 2822 1647 2858 emphasin
1662 2822 1755 2852 illam
1771 2829 1839 2852 non

275 2879 366 2906 nego,
386 2874 589 2908 Quapropter
606 2882 648 2904 ne
667 2876 728 2904 hoc
750 2876 881 2910 quidem
901 2876 1135 2912 negligendum
1165 2875 1281 2911 opinor
1297 2874 1383 2909 quod
1399 2874 1441 2903 ad
1455 2874 1538 2903 Eun.
1553 2874 1595 2910 11,
1610 2874 1637 2909 3,
1653 2856 1692 2902 16
1701 2874 1838 2910 legitur:

276 2924 322 2952 ..H
333 2931 402 2952 em:
434 2926 462 2953 si
493 2933 567 2954 cum
596 2927 637 2961 H,
667 2927 838 2964 Parmeno,
870 2928 898 2957 si
926 2928 1047 2957 leniter
1076 2927 1249 2956 Chaerea-’⁹
1276 2926 1350 2955 Non
1377 2925 1464 2961 quod
1491 2925 1628 2955 dubium
1653 2933 1728 2955 esse
1751 2925 1837 2956 mihi

276 2976 428 3004 videatur
457 2978 521 3005 utri
552 2978 611 3005 hoc
638 2978 707 3006 loco
736 2979 843 3008 danda
870 2980 916 3009 sit
942 2979 1128 3009 interiectio
1147 2983 1191 3013 (v.
1209 2978 1298 3008 enim
1318 2985 1403 3013 quae
1421 2978 1462 3006 ad
1481 2984 1557 3006 eum
1576 2977 1837 3013 annotavimus),

275 3027 330 3055 sed
344 3029 477 3056 omnino
490 3030 521 3056 in
534 3029 726 3063 quotidiano
737 3038 887 3059 sermone
898 3032 1040 3060 multum
1054 3031 1247 3060 interfuisse
1256 3030 1344 3059 inter
1356 3029 1444 3059 hem
1455 3031 1490 3058 et
1498 3037 1555 3058 em
1567 3029 1718 3059 lubenter
1727 3029 1831 3059 credo.
1864 3028 1866 3030 ’
