2034 3334
1045 367 1128 409 180

448 505 496 535 so
528 492 755 535 ahnlichen
788 491 978 535 Phraseu
1005 491 1104 537 dass
1136 491 1212 535 der
1241 490 1418 535 Schluss
1448 492 1526 535 auf
1547 493 1643 536 eine
1670 492 1836 553 theil·

447 569 617 613 weise
676 568 1087 612 unmittelbare
1143 568 1414 626 Einwirking
1464 569 1542 613 auf
1584 568 1696 613 Ovid
1744 570 1838 614 hier

449 645 567 688 nicht
595 658 699 702 gan
711 658 734 687 z
768 657 1012 688 vermessen
1046 645 1294 689 erscheinen
1334 645 1507 689 konnte.

388 753 514 797 Levis
545 766 646 811 ergo
680 754 732 797 de
764 754 844 797 hoc
875 754 968 797 loco
1000 753 1212 811 Zingerlei
1243 758 1308 797 est
1338 755 1536 811 suspicio.
1565 753 1735 806 Quibus
1763 754 1837 798 illa

330 830 491 872 nitatur
522 831 791 886 argumentis
823 829 1055 873 videamus.

389 904 596 949 Horatius
629 905 776 962 (Epod.
813 906 879 962 16,
914 906 985 962 74)
1016 906 1119 950 haec
1150 905 1298 949 habet:

570 1016 698 1061 Mella
731 1030 836 1061 cava
866 1020 1042 1060 manant
1074 1030 1130 1060 ex
1160 1017 1268 1061 ilice.

391 1125 535 1170 Ovidii
566 1140 719 1171 versus
752 1126 865 1183 (Met.
897 1127 932 1184 Ι,
967 1128 1066 1181 112)
1098 1131 1184 1171 est:

570 1237 788 1295 Flavaque
820 1238 872 1282 de
904 1239 1032 1281 viridi
1062 1238 1281 1282 stillabant
1310 1238 1408 1282 ilice
1443 1238 1582 1283 mella.

390 1348 521 1406 Apud
552 1348 779 1393 Horatium
812 1349 960 1407 (Epod.
998 1350 1064 1406 16,
1093 1351 1166 1406 43)
1197 1350 1377 1407 legitur:

567 1457 726 1502 Reddit
756 1458 831 1502 ubi
863 1471 1049 1503 cererem
1082 1459 1210 1502 tellus
1241 1460 1416 1502 inarata.

392 1569 523 1627 Apud
556 1569 761 1613 Ovidium
794 1570 842 1626 (Ι,
877 1570 999 1624 109);

571 1679 676 1722 Mox
706 1680 833 1723 etiam
865 1679 1012 1736 fruges
1044 1679 1172 1723 tellus
1197 1680 1360 1722 inarata
1393 1678 1565 1723 ferebat.

393 1806 500 1849 Mihi
516 1819 571 1850 ne
586 1807 847 1850 levissimam
868 1806 1042 1862 quidem
1059 1807 1347 1863 suspicionem
1367 1807 1581 1850 sustinere
1597 1806 1701 1850 haec
1712 1818 1836 1863 posse

332 1884 544 1926 videntur.
594 1882 707 1934 Quid
751 1883 868 1939 quod
910 1884 1001 1939 ipse
1040 1883 1161 1926 locus
1193 1882 1267 1926 ubi
1298 1883 1412 1939 apud
1446 1881 1649 1926 Ovidium
1681 1895 1837 1933 aureae

333 1961 482 2003 aetatis
529 1960 679 2003 laudes
726 1959 940 2016 leguntur,
986 1960 1166 2016 ipsaque
1211 1972 1341 2002 causa
1388 1973 1475 2015 qua
1512 1959 1564 2002 ad
1597 1958 1693 2003 illas
1728 1958 1837 2003 cele-

331 2036 515 2080 brandas
561 2036 791 2079 adducitur
837 2036 1048 2079 eiusmodi
1095 2039 1199 2079 sunt
1246 2040 1295 2079 ut
1341 2036 1392 2079 de
1440 2035 1618 2080 Horatio
1658 2048 1837 2092 prorsus

332 2126 431 2156 eum
463 2126 550 2155 non
583 2113 791 2169 cogitasse
823 2125 1030 2169 perquam
1063 2114 1119 2155 sit
1150 2111 1381 2168 probabile,
1414 2125 1468 2156 ne
1493 2115 1657 2155 certum
1685 2111 1836 2155 dicam.

331 2189 539 2232 Horatius
580 2190 693 2233 enim
737 2203 762 2232 a
793 2190 1061 2246 querimonia
1093 2189 1145 2232 de
1173 2189 1378 2233 hodierna
1409 2190 1631 2232 hominum
1665 2189 1837 2233 miseria

333 2267 510 2322 orditur,
558 2280 688 2322 quam
739 2265 812 2308 ubi
854 2266 1003 2308 multis
1045 2266 1268 2322 descripsit
1311 2265 1508 2309 versibus
1550 2266 1653 2308 haec
1694 2264 1836 2308 addit:

336 2343 464 2397 „boni
511 2356 610 2398 ergo
653 2343 728 2398 qui
768 2343 895 2398 pauci
936 2343 1020 2384 iam
1055 2346 1288 2398 supersunt
1320 2343 1396 2385 has
1426 2342 1672 2398 relinquant
1702 2345 1838 2384 terras

333 2424 374 2461 et
405 2421 450 2461 in
481 2419 646 2462 insulas
677 2419 898 2461 beatorum
933 2418 1222 2475 confugiant.”
1256 2417 1319 2461 De
1353 2418 1475 2461 bonis
1509 2431 1608 2474 ergo
1625 2417 1837 2473 malisque

334 2496 580 2538 hominibus
627 2497 712 2538 iam
760 2495 962 2538 disseruit
1004 2499 1046 2538 et
1087 2495 1190 2537 vitia
1223 2494 1382 2551 quibus
1415 2495 1609 2551 plerique
1641 2493 1838 2536 laborant

333 2573 608 2615 enumeravit.
671 2571 800 2614 Nunc
857 2572 938 2614 hoc
993 2573 1240 2634 praesertim
1300 2572 1339 2614 ei
1395 2571 1607 2627 agendum
1666 2573 1731 2614 est
1788 2573 1836 2613 ut

332 2640 442 2690 bona
484 2661 593 2704 quae
636 2650 728 2704 pios
770 2648 858 2690 illic
900 2640 1100 2690 maneant
1131 2649 1175 2690 in
1211 2648 1324 2690 clara
1357 2651 1572 2703 ponantur
1602 2647 1711 2690 luce.
1741 2645 1834 2689 Iam

333 2728 492 2778 quanto
546 2726 590 2765 in
640 2724 717 2766 hac
762 2728 879 2779 parte
929 2723 1184 2766 elaboranda
1230 2723 1412 2780 Virgilio
1460 2723 1636 2765 inferior
1680 2721 1835 2764 fuisset

332 2814 461 2855 supra
523 2801 720 2843 vidimus.
784 2800 1002 2856 Suspicari
1063 2814 1163 2856 ergo
1224 2800 1323 2843 licet
1386 2814 1485 2843 eum
1542 2800 1618 2855 qui
1659 2797 1834 2854 posthac

333 2876 444 2918 idem
493 2880 796 2932 argumentum
844 2877 1090 2919 tractaverit
1137 2890 1162 2919 a
1203 2876 1386 2932 Virgilio
1429 2877 1568 2932 potius
1611 2888 1739 2930 quam
1780 2873 1833 2916 ab
