<?xml version="1.0" encoding="UTF-8"?>
<!DOCTYPE html PUBLIC "-//W3C//DTD XHTML 1.0 Transitional//EN"
    "http://www.w3.org/TR/xhtml1/DTD/xhtml1-transitional.dtd">
<html xmlns="http://www.w3.org/1999/xhtml" xml:lang="en" lang="en">
 <head>
  <title>
</title>
<meta http-equiv="Content-Type" content="text/html;charset=utf-8" />
  <meta name='ocr-system' content='tesseract 3.04.00' />
  <meta name='ocr-capabilities' content='ocr_page ocr_carea ocr_par ocr_line ocrx_word'/>
</head>
<body>
  <div class='ocr_page' id='page_1' title='image "./dehoratiopota00hartuoft_0483.png"; bbox 0 0 2034 3334; ppageno 0'>
   <div class='ocr_carea' id='block_1_1' title="bbox 951 372 1006 412">
    <p class='ocr_par' dir='ltr' id='par_1_1' title="bbox 951 372 1006 412">
     <span class='ocr_line' id='line_1_1' title="bbox 951 372 1006 412; baseline 0.018 -1"><span class='ocrx_word' id='word_1_1' title='bbox 951 372 1006 412; x_wconf 82' lang='lat'>99</span> 
     </span>
    </p>
   </div>
   <div class='ocr_carea' id='block_1_2' title="bbox 194 496 1763 936">
    <p class='ocr_par' dir='ltr' id='par_1_2' title="bbox 194 496 1761 853">
     <span class='ocr_line' id='line_1_2' title="bbox 194 496 1760 549; baseline -0.001 -12"><span class='ocrx_word' id='word_1_2' title='bbox 194 498 355 537; x_wconf 86' lang='lat' dir='ltr'>rectius</span> <span class='ocrx_word' id='word_1_3' title='bbox 380 496 612 547; x_wconf 86' lang='lat' dir='ltr'>significari</span> <span class='ocrx_word' id='word_1_4' title='bbox 639 508 770 546; x_wconf 90' lang='lat' dir='ltr'>quam</span> <span class='ocrx_word' id='word_1_5' title='bbox 795 499 863 538; x_wconf 87' lang='lat' dir='ltr'>his</span> <span class='ocrx_word' id='word_1_6' title='bbox 888 499 1044 549; x_wconf 88' lang='lat' dir='ltr'>verbis,</span> <span class='ocrx_word' id='word_1_7' title='bbox 1074 510 1182 548; x_wconf 91' lang='lat' dir='ltr'>quae</span> <span class='ocrx_word' id='word_1_8' title='bbox 1209 499 1261 538; x_wconf 90' lang='lat' dir='ltr'>ad</span> <span class='ocrx_word' id='word_1_9' title='bbox 1283 499 1413 538; x_wconf 84' lang='lat' dir='ltr'>Andr.</span> <span class='ocrx_word' id='word_1_10' title='bbox 1436 499 1518 538; x_wconf 88' lang='grc'>183</span> <span class='ocrx_word' id='word_1_11' title='bbox 1532 496 1760 547; x_wconf 75' lang='lat' dir='ltr'>adscripsit</span> 
     </span>
     <span class='ocr_line' id='line_1_3' title="bbox 196 573 1759 624; baseline -0.001 -11"><span class='ocrx_word' id='word_1_12' title='bbox 196 573 449 613; x_wconf 76' lang='lat' dir='ltr'>Scholiasta.</span> <span class='ocrx_word' id='word_1_13' title='bbox 484 573 590 623; x_wconf 85' lang='lat' dir='ltr'>Quid</span> <span class='ocrx_word' id='word_1_14' title='bbox 622 575 789 614; x_wconf 89' lang='lat' dir='ltr'>consilii</span> <span class='ocrx_word' id='word_1_15' title='bbox 820 575 980 624; x_wconf 76' lang='lat' dir='ltr'>ceperit</span> <span class='ocrx_word' id='word_1_16' title='bbox 1010 586 1145 614; x_wconf 81' lang='lat' dir='ltr'>senex</span> <span class='ocrx_word' id='word_1_17' title='bbox 1177 577 1220 614; x_wconf 87' lang='lat' dir='ltr'>et</span> <span class='ocrx_word' id='word_1_18' title='bbox 1251 575 1462 623; x_wconf 91' lang='lat' dir='ltr'>quomodo</span> <span class='ocrx_word' id='word_1_19' title='bbox 1495 575 1557 614; x_wconf 90' lang='lat' dir='ltr'>illi</span> <span class='ocrx_word' id='word_1_20' title='bbox 1588 574 1759 614; x_wconf 88' lang='lat' dir='ltr'>obviam</span> 
     </span>
     <span class='ocr_line' id='line_1_4' title="bbox 196 649 1760 700; baseline 0.001 -12"><span class='ocrx_word' id='word_1_21' title='bbox 196 649 249 689; x_wconf 93' lang='lat' dir='ltr'>iri</span> <span class='ocrx_word' id='word_1_22' title='bbox 289 650 427 699; x_wconf 87' lang='lat' dir='ltr'>possit</span> <span class='ocrx_word' id='word_1_23' title='bbox 467 660 616 690; x_wconf 88' lang='lat' dir='ltr'>secum</span> <span class='ocrx_word' id='word_1_24' title='bbox 653 651 860 690; x_wconf 86' lang='lat' dir='ltr'>deliberat</span> <span class='ocrx_word' id='word_1_25' title='bbox 890 651 1059 700; x_wconf 89' lang='lat' dir='ltr'>Davus;</span> <span class='ocrx_word' id='word_1_26' title='bbox 1094 653 1139 691; x_wconf 90' lang='lat' dir='ltr'>at</span> <span class='ocrx_word' id='word_1_27' title='bbox 1170 651 1312 691; x_wconf 90' lang='lat' dir='ltr'>subito</span> <span class='ocrx_word' id='word_1_28' title='bbox 1343 652 1517 691; x_wconf 89' lang='lat' dir='ltr'>nomine</span> <span class='ocrx_word' id='word_1_29' title='bbox 1548 662 1595 690; x_wconf 93' lang='lat' dir='ltr'>se</span> <span class='ocrx_word' id='word_1_30' title='bbox 1628 651 1679 690; x_wconf 92' lang='lat' dir='ltr'>ab</span> <span class='ocrx_word' id='word_1_31' title='bbox 1712 661 1760 690; x_wconf 95' lang='lat' dir='ltr'>eo</span> 
     </span>
     <span class='ocr_line' id='line_1_5' title="bbox 195 725 1761 776; baseline 0.001 -11"><span class='ocrx_word' id='word_1_32' title='bbox 195 725 340 765; x_wconf 80' lang='lat' dir='ltr'>vocari</span> <span class='ocrx_word' id='word_1_33' title='bbox 381 726 512 765; x_wconf 86' lang='lat' dir='ltr'>audit.</span> <span class='ocrx_word' id='word_1_34' title='bbox 555 726 608 765; x_wconf 86' lang='lat' dir='ltr'>Et</span> <span class='ocrx_word' id='word_1_35' title='bbox 653 727 792 776; x_wconf 85' lang='lat' dir='ltr'>„hem‚</span> <span class='ocrx_word' id='word_1_36' title='bbox 836 727 936 775; x_wconf 89' lang='lat' dir='ltr'>quid</span> <span class='ocrx_word' id='word_1_37' title='bbox 978 728 1072 767; x_wconf 88' lang='lat' dir='ltr'>est&#39;&#39;</span> <span class='ocrx_word' id='word_1_38' title='bbox 1115 727 1189 767; x_wconf 88' lang='lat' dir='ltr'>ait.</span> <span class='ocrx_word' id='word_1_39' title='bbox 1232 727 1425 767; x_wconf 89' lang='lat' dir='ltr'>Annotat</span> <span class='ocrx_word' id='word_1_40' title='bbox 1456 728 1605 766; x_wconf 92' lang='lat' dir='ltr'>autem</span> <span class='ocrx_word' id='word_1_41' title='bbox 1636 727 1761 766; x_wconf 84' lang='lat' dir='ltr'>Scho-</span> 
     </span>
     <span class='ocr_line' id='line_1_6' title="bbox 194 801 1509 853; baseline 0.002 -13"><span class='ocrx_word' id='word_1_42' title='bbox 194 801 346 840; x_wconf 90' lang='lat' dir='ltr'>liasta:</span> <span class='ocrx_word' id='word_1_43' title='bbox 383 801 542 851; x_wconf 87' lang='lat' dir='ltr'>„Hem</span> <span class='ocrx_word' id='word_1_44' title='bbox 573 813 687 842; x_wconf 89' lang='lat' dir='ltr'>nunc</span> <span class='ocrx_word' id='word_1_45' title='bbox 718 803 841 851; x_wconf 87' lang='lat' dir='ltr'>quasi</span> <span class='ocrx_word' id='word_1_46' title='bbox 873 803 1081 852; x_wconf 88' lang='lat' dir='ltr'>correptio</span> <span class='ocrx_word' id='word_1_47' title='bbox 1112 803 1246 842; x_wconf 88' lang='lat' dir='ltr'>totius</span> <span class='ocrx_word' id='word_1_48' title='bbox 1279 804 1509 853; x_wconf 89' lang='lat' dir='ltr'>corporis.”</span> 
     </span>
    </p>

    <p class='ocr_par' dir='ltr' id='par_1_3' title="bbox 247 877 1763 936">
     <span class='ocr_line' id='line_1_7' title="bbox 247 877 1763 936; baseline 0.001 -20"><span class='ocrx_word' id='word_1_49' title='bbox 247 877 396 936; x_wconf 62' lang='lat' dir='ltr'><em>Q</em></span> <span class='ocrx_word' id='word_1_50' title='bbox 433 878 470 916; x_wconf 92' lang='lat' dir='ltr'>is</span> <span class='ocrx_word' id='word_1_51' title='bbox 501 878 758 927; x_wconf 89' lang='lat' dir='ltr'>praesertim</span> <span class='ocrx_word' id='word_1_52' title='bbox 790 879 1019 928; x_wconf 81' lang='lat' dir='ltr'>exclamat,</span> <span class='ocrx_word' id='word_1_53' title='bbox 1054 879 1126 927; x_wconf 90' lang='lat' dir='ltr'>qui</span> <span class='ocrx_word' id='word_1_54' title='bbox 1156 880 1286 918; x_wconf 89' lang='lat' dir='ltr'>malis</span> <span class='ocrx_word' id='word_1_55' title='bbox 1317 881 1445 931; x_wconf 77' lang='lat' dir='ltr'>atque</span> <span class='ocrx_word' id='word_1_56' title='bbox 1477 879 1763 918; x_wconf 88' lang='lat' dir='ltr'>incommodis</span> 
     </span>
    </p>
   </div>
   <div class='ocr_carea' id='block_1_3' title="bbox 195 954 2000 1120">
    <p class='ocr_par' dir='ltr' id='par_1_4' title="bbox 195 954 2000 1120">
     <span class='ocr_line' id='line_1_8' title="bbox 195 954 1760 1010; baseline 0.001 -17"><span class='ocrx_word' id='word_1_57' title='bbox 195 954 285 993; x_wconf 87' lang='lat' dir='ltr'>iam</span> <span class='ocrx_word' id='word_1_58' title='bbox 325 955 527 994; x_wconf 91' lang='lat' dir='ltr'>assuetus</span> <span class='ocrx_word' id='word_1_59' title='bbox 569 955 620 993; x_wconf 92' lang='lat' dir='ltr'>de</span> <span class='ocrx_word' id='word_1_60' title='bbox 651 956 1042 995; x_wconf 88' lang='lat' dir='ltr'>nova.calamitate</span> <span class='ocrx_word' id='word_1_61' title='bbox 1075 956 1229 1010; x_wconf 76' lang='lat' dir='ltr'>accipit</span> <span class='ocrx_word' id='word_1_62' title='bbox 1259 956 1473 995; x_wconf 88' lang='lat' dir='ltr'>nuntium.</span> <span class='ocrx_word' id='word_1_63' title='bbox 1506 955 1626 995; x_wconf 89' lang='lat' dir='ltr'>Adel.</span> <span class='ocrx_word' id='word_1_64' title='bbox 1662 957 1760 995; x_wconf 85' lang='grc'><strong>722.</strong></span> 
     </span>
     <span class='ocr_line' id='line_1_9' title="bbox 195 1030 2000 1120; baseline 0.001 -51"><span class='ocrx_word' id='word_1_65' title='bbox 195 1030 391 1079; x_wconf 86' lang='lat' dir='ltr'>Nequam</span> <span class='ocrx_word' id='word_1_66' title='bbox 433 1041 528 1069; x_wconf 88' lang='lat' dir='ltr'>esse</span> <span class='ocrx_word' id='word_1_67' title='bbox 570 1031 888 1070; x_wconf 86' lang='lat' dir='ltr'>adolescentem</span> <span class='ocrx_word' id='word_1_68' title='bbox 929 1031 1076 1070; x_wconf 83' lang='lat' dir='ltr'>fratris</span> <span class='ocrx_word' id='word_1_69' title='bbox 1118 1031 1241 1070; x_wconf 90' lang='lat' dir='ltr'>illum</span> <span class='ocrx_word' id='word_1_70' title='bbox 1282 1030 1432 1081; x_wconf 85' lang='lat' dir='ltr'>filium,</span> <span class='ocrx_word' id='word_1_71' title='bbox 1477 1042 1606 1080; x_wconf 92' lang='lat' dir='ltr'>quem</span> <span class='ocrx_word' id='word_1_72' title='bbox 1638 1031 1760 1079; x_wconf 89' lang='lat' dir='ltr'>adop·</span> <span class='ocrx_word' id='word_1_73' title='bbox 1901 1046 2000 1120; x_wconf 57' lang='lat' dir='ltr'><em>M</em></span> 
     </span>
    </p>
   </div>
   <div class='ocr_carea' id='block_1_4' title="bbox 177 1103 1878 2823">
    <p class='ocr_par' dir='ltr' id='par_1_5' title="bbox 196 1103 1878 1385">
     <span class='ocr_line' id='line_1_10' title="bbox 196 1103 1878 1158; baseline 0.001 -13"><span class='ocrx_word' id='word_1_74' title='bbox 196 1107 367 1156; x_wconf 88' lang='lat' dir='ltr'>taverit‚</span> <span class='ocrx_word' id='word_1_75' title='bbox 401 1116 657 1155; x_wconf 89' lang='lat' dir='ltr'>persuasum</span> <span class='ocrx_word' id='word_1_76' title='bbox 689 1107 819 1146; x_wconf 86' lang='lat' dir='ltr'>habet</span> <span class='ocrx_word' id='word_1_77' title='bbox 850 1107 996 1146; x_wconf 88' lang='lat' dir='ltr'>Micio:</span> <span class='ocrx_word' id='word_1_78' title='bbox 1025 1107 1126 1156; x_wconf 87' lang='lat' dir='ltr'>quid</span> <span class='ocrx_word' id='word_1_79' title='bbox 1152 1107 1269 1146; x_wconf 90' lang='lat' dir='ltr'>enim</span> <span class='ocrx_word' id='word_1_80' title='bbox 1295 1108 1367 1147; x_wconf 92' lang='lat' dir='ltr'>ille</span> <span class='ocrx_word' id='word_1_81' title='bbox 1393 1118 1479 1147; x_wconf 91' lang='lat' dir='ltr'>non</span> <span class='ocrx_word' id='word_1_82' title='bbox 1506 1107 1760 1158; x_wconf 65' lang='lat' dir='ltr'>designavit,</span> <span class='ocrx_word' id='word_1_83' title='bbox 1796 1103 1878 1151; x_wconf 69' lang='grc' dir='ltr'>Ψ,</span> 
     </span>
     <span class='ocr_line' id='line_1_11' title="bbox 197 1182 1608 1232; baseline 0.001 -12"><span class='ocrx_word' id='word_1_84' title='bbox 197 1183 382 1231; x_wconf 70' lang='lat' dir='ltr'>quantas</span> <span class='ocrx_word' id='word_1_85' title='bbox 414 1182 530 1221; x_wconf 87' lang='lat' dir='ltr'>dedit</span> <span class='ocrx_word' id='word_1_86' title='bbox 561 1183 723 1222; x_wconf 89' lang='lat' dir='ltr'>turbas.</span> <span class='ocrx_word' id='word_1_87' title='bbox 756 1183 865 1232; x_wconf 86' lang='lat' dir='ltr'>Ergo</span> <span class='ocrx_word' id='word_1_88' title='bbox 897 1183 1029 1222; x_wconf 85' lang='lat' dir='ltr'>fratre</span> <span class='ocrx_word' id='word_1_89' title='bbox 1061 1183 1123 1222; x_wconf 93' lang='lat' dir='ltr'>ita</span> <span class='ocrx_word' id='word_1_90' title='bbox 1154 1194 1328 1223; x_wconf 89' lang='lat' dir='ltr'>narrare</span> <span class='ocrx_word' id='word_1_91' title='bbox 1355 1184 1608 1232; x_wconf 89' lang='lat' dir='ltr'>incipiente:</span> 
     </span>
     <span class='ocr_line' id='line_1_12' title="bbox 790 1259 1561 1308; baseline 0.001 -11"><span class='ocrx_word' id='word_1_92' title='bbox 790 1259 896 1298; x_wconf 88' lang='lat' dir='ltr'>Fero</span> <span class='ocrx_word' id='word_1_93' title='bbox 929 1259 1013 1298; x_wconf 90' lang='lat' dir='ltr'>alia</span> <span class='ocrx_word' id='word_1_94' title='bbox 1043 1259 1208 1308; x_wconf 86' lang='lat' dir='ltr'>flagitia</span> <span class='ocrx_word' id='word_1_95' title='bbox 1238 1270 1264 1298; x_wconf 93' lang='lat' dir='ltr'>a</span> <span class='ocrx_word' id='word_1_96' title='bbox 1294 1261 1337 1298; x_wconf 90' lang='lat' dir='ltr'>te</span> <span class='ocrx_word' id='word_1_97' title='bbox 1369 1259 1561 1308; x_wconf 84' lang='lat' dir='ltr'>ingentia</span> 
     </span>
     <span class='ocr_line' id='line_1_13' title="bbox 553 1334 1136 1385; baseline 0.002 -12"><span class='ocrx_word' id='word_1_98' title='bbox 553 1335 660 1374; x_wconf 90' lang='lat' dir='ltr'>Boni</span> <span class='ocrx_word' id='word_1_99' title='bbox 691 1334 807 1374; x_wconf 90' lang='lat' dir='ltr'>illius</span> <span class='ocrx_word' id='word_1_100' title='bbox 839 1335 1136 1385; x_wconf 88' lang='lat' dir='ltr'>adolescentis,</span> 
     </span>
    </p>

    <p class='ocr_par' dir='ltr' id='par_1_6' title="bbox 197 1409 1764 2056">
     <span class='ocr_line' id='line_1_14' title="bbox 198 1409 1762 1460; baseline 0.001 -12"><span class='ocrx_word' id='word_1_101' title='bbox 198 1409 341 1459; x_wconf 89' lang='lat' dir='ltr'>aptius</span> <span class='ocrx_word' id='word_1_102' title='bbox 372 1410 479 1449; x_wconf 88' lang='lat' dir='ltr'>nihil</span> <span class='ocrx_word' id='word_1_103' title='bbox 511 1410 779 1459; x_wconf 89' lang='lat' dir='ltr'>interponere</span> <span class='ocrx_word' id='word_1_104' title='bbox 811 1411 955 1459; x_wconf 91' lang='lat' dir='ltr'>potest</span> <span class='ocrx_word' id='word_1_105' title='bbox 986 1421 1116 1459; x_wconf 90' lang='lat' dir='ltr'>quam</span> <span class='ocrx_word' id='word_1_106' title='bbox 1149 1411 1252 1450; x_wconf 90' lang='lat' dir='ltr'>illud</span> <span class='ocrx_word' id='word_1_107' title='bbox 1282 1421 1406 1460; x_wconf 85' lang='lat' dir='ltr'>„ecce</span> <span class='ocrx_word' id='word_1_108' title='bbox 1433 1412 1580 1450; x_wconf 91' lang='lat' dir='ltr'>autem</span> <span class='ocrx_word' id='word_1_109' title='bbox 1607 1411 1762 1450; x_wconf 88' lang='lat' dir='ltr'>nova.&#39;&#39;</span> 
     </span>
     <span class='ocr_line' id='line_1_15' title="bbox 197 1485 1763 1535; baseline 0.001 -11"><span class='ocrx_word' id='word_1_110' title='bbox 197 1485 391 1524; x_wconf 90' lang='lat' dir='ltr'>Annotat</span> <span class='ocrx_word' id='word_1_111' title='bbox 422 1486 684 1524; x_wconf 87' lang='lat' dir='ltr'>Scholiasta:</span> <span class='ocrx_word' id='word_1_112' title='bbox 716 1485 878 1535; x_wconf 82' lang='lat' dir='ltr'>„Ecce</span> <span class='ocrx_word' id='word_1_113' title='bbox 911 1487 1119 1525; x_wconf 90' lang='lat' dir='ltr'>autem:</span> <span class='ocrx_word' id='word_1_114' title='bbox 1148 1486 1255 1525; x_wconf 83' lang='lat' dir='ltr'>Ecce</span> <span class='ocrx_word' id='word_1_115' title='bbox 1282 1486 1436 1526; x_wconf 89' lang='lat' dir='ltr'>dicitur</span> <span class='ocrx_word' id='word_1_116' title='bbox 1463 1497 1560 1525; x_wconf 86' lang='lat' dir='ltr'>oum</span> <span class='ocrx_word' id='word_1_117' title='bbox 1588 1488 1763 1535; x_wconf 82' lang='lat' dir='ltr'>repente</span> 
     </span>
     <span class='ocr_line' id='line_1_16' title="bbox 198 1561 1762 1612; baseline 0.001 -12"><span class='ocrx_word' id='word_1_118' title='bbox 198 1561 323 1600; x_wconf 90' lang='lat' dir='ltr'>triste</span> <span class='ocrx_word' id='word_1_119' title='bbox 365 1561 524 1610; x_wconf 88' lang='lat' dir='ltr'>aliquid</span> <span class='ocrx_word' id='word_1_120' title='bbox 565 1561 692 1600; x_wconf 89' lang='lat' dir='ltr'>rebus</span> <span class='ocrx_word' id='word_1_121' title='bbox 734 1562 968 1600; x_wconf 87' lang='lat' dir='ltr'>intervenit</span> <span class='ocrx_word' id='word_1_122' title='bbox 1007 1562 1146 1611; x_wconf 90' lang='lat' dir='ltr'>laetis,</span> <span class='ocrx_word' id='word_1_123' title='bbox 1191 1563 1266 1600; x_wconf 91' lang='lat' dir='ltr'>aut</span> <span class='ocrx_word' id='word_1_124' title='bbox 1303 1563 1416 1601; x_wconf 87' lang='lat' dir='ltr'>certe</span> <span class='ocrx_word' id='word_1_125' title='bbox 1449 1563 1629 1612; x_wconf 87' lang='lat' dir='ltr'>quando,</span> <span class='ocrx_word' id='word_1_126' title='bbox 1664 1573 1762 1602; x_wconf 86' lang='lat' dir='ltr'>cum</span> 
     </span>
     <span class='ocr_line' id='line_1_17' title="bbox 200 1637 1761 1687; baseline 0.001 -11"><span class='ocrx_word' id='word_1_127' title='bbox 200 1637 315 1677; x_wconf 90' lang='lat' dir='ltr'>aliud</span> <span class='ocrx_word' id='word_1_128' title='bbox 356 1638 508 1687; x_wconf 86' lang='lat' dir='ltr'>agitur,</span> <span class='ocrx_word' id='word_1_129' title='bbox 549 1638 664 1677; x_wconf 90' lang='lat' dir='ltr'>aliud</span> <span class='ocrx_word' id='word_1_130' title='bbox 695 1638 878 1686; x_wconf 86' lang='lat' dir='ltr'>emergit</span> <span class='ocrx_word' id='word_1_131' title='bbox 908 1639 1114 1677; x_wconf 88' lang='lat' dir='ltr'>novum.”</span> <span class='ocrx_word' id='word_1_132' title='bbox 1147 1638 1288 1687; x_wconf 88' lang='lat' dir='ltr'>Atque</span> <span class='ocrx_word' id='word_1_133' title='bbox 1320 1639 1456 1678; x_wconf 86' lang='lat' dir='ltr'>altera</span> <span class='ocrx_word' id='word_1_134' title='bbox 1487 1639 1660 1687; x_wconf 91' lang='lat' dir='ltr'>quidem</span> <span class='ocrx_word' id='word_1_135' title='bbox 1693 1649 1761 1677; x_wconf 90' lang='lat' dir='ltr'>an-</span> 
     </span>
     <span class='ocr_line' id='line_1_18' title="bbox 198 1713 1763 1764; baseline 0.001 -12"><span class='ocrx_word' id='word_1_136' title='bbox 198 1713 432 1753; x_wconf 89' lang='lat' dir='ltr'>notationis</span> <span class='ocrx_word' id='word_1_137' title='bbox 472 1715 616 1763; x_wconf 91' lang='lat' dir='ltr'>parte:</span> <span class='ocrx_word' id='word_1_138' title='bbox 664 1715 784 1763; x_wconf 84' lang='lat' dir='ltr'>„aut</span> <span class='ocrx_word' id='word_1_139' title='bbox 826 1715 979 1753; x_wconf 85' lang='lat' dir='ltr'>certe</span> <span class='ocrx_word' id='word_1_140' title='bbox 1022 1737 1075 1742; x_wconf 97' lang='lat'><strong>—</strong></span> <span class='ocrx_word' id='word_1_141' title='bbox 1119 1715 1348 1753; x_wconf 82' lang='lat' dir='ltr'>novum⁵⁹</span> <span class='ocrx_word' id='word_1_142' title='bbox 1397 1715 1595 1764; x_wconf 85' lang='lat' dir='ltr'>colorem,</span> <span class='ocrx_word' id='word_1_143' title='bbox 1634 1725 1763 1762; x_wconf 90' lang='lat' dir='ltr'>quem</span> 
     </span>
     <span class='ocr_line' id='line_1_19' title="bbox 199 1789 1764 1840; baseline 0 -12"><span class='ocrx_word' id='word_1_144' title='bbox 199 1789 340 1838; x_wconf 87' lang='lat' dir='ltr'>apud</span> <span class='ocrx_word' id='word_1_145' title='bbox 381 1789 708 1828; x_wconf 86' lang='lat' dir='ltr'>Terentium</span> <span class='ocrx_word' id='word_1_146' title='bbox 750 1790 824 1828; x_wconf 90' lang='lat' dir='ltr'>illa</span> <span class='ocrx_word' id='word_1_147' title='bbox 864 1801 951 1829; x_wconf 85' lang='lat' dir='ltr'>vox</span> <span class='ocrx_word' id='word_1_148' title='bbox 982 1790 1139 1829; x_wconf 90' lang='lat' dir='ltr'>habere</span> <span class='ocrx_word' id='word_1_149' title='bbox 1171 1791 1292 1840; x_wconf 84' lang='lat' dir='ltr'>solet,</span> <span class='ocrx_word' id='word_1_150' title='bbox 1327 1791 1541 1830; x_wconf 86' lang='lat' dir='ltr'>describit.</span> <span class='ocrx_word' id='word_1_151' title='bbox 1575 1791 1764 1830; x_wconf 86' lang='lat' dir='ltr'>Terentii</span> 
     </span>
     <span class='ocr_line' id='line_1_20' title="bbox 199 1866 1764 1915; baseline 0.001 -11"><span class='ocrx_word' id='word_1_152' title='bbox 199 1866 316 1911; x_wconf 92' lang='lat' dir='ltr'>enim</span> <span class='ocrx_word' id='word_1_153' title='bbox 356 1875 575 1915; x_wconf 84' lang='lat' dir='ltr'>personae,</span> <span class='ocrx_word' id='word_1_154' title='bbox 614 1866 686 1914; x_wconf 90' lang='lat' dir='ltr'>qui</span> <span class='ocrx_word' id='word_1_155' title='bbox 718 1876 768 1904; x_wconf 89' lang='lat' dir='ltr'>ea</span> <span class='ocrx_word' id='word_1_156' title='bbox 798 1866 990 1915; x_wconf 84' lang='lat' dir='ltr'>utuntur,</span> <span class='ocrx_word' id='word_1_157' title='bbox 1023 1866 1148 1905; x_wconf 89' lang='lat' dir='ltr'>vultu</span> <span class='ocrx_word' id='word_1_158' title='bbox 1179 1877 1228 1905; x_wconf 88' lang='lat' dir='ltr'>ac</span> <span class='ocrx_word' id='word_1_159' title='bbox 1258 1877 1363 1905; x_wconf 87' lang='lat' dir='ltr'>voce</span> <span class='ocrx_word' id='word_1_160' title='bbox 1395 1877 1441 1905; x_wconf 88' lang='lat' dir='ltr'>se</span> <span class='ocrx_word' id='word_1_161' title='bbox 1472 1877 1583 1905; x_wconf 90' lang='lat' dir='ltr'>novo</span> <span class='ocrx_word' id='word_1_162' title='bbox 1613 1866 1764 1905; x_wconf 86' lang='lat' dir='ltr'>nuntio</span> 
     </span>
     <span class='ocr_line' id='line_1_21' title="bbox 199 1941 1763 1992; baseline 0.001 -12"><span class='ocrx_word' id='word_1_163' title='bbox 199 1941 438 1990; x_wconf 89' lang='lat' dir='ltr'>perturbari</span> <span class='ocrx_word' id='word_1_164' title='bbox 464 1942 752 1980; x_wconf 88' lang='lat' dir='ltr'>dissimulant.</span> <span class='ocrx_word' id='word_1_165' title='bbox 781 1942 874 1980; x_wconf 85' lang='lat' dir='ltr'>Hoc</span> <span class='ocrx_word' id='word_1_166' title='bbox 900 1941 1016 1980; x_wconf 90' lang='lat' dir='ltr'>enim</span> <span class='ocrx_word' id='word_1_167' title='bbox 1043 1952 1192 1981; x_wconf 92' lang='lat' dir='ltr'>eorum</span> <span class='ocrx_word' id='word_1_168' title='bbox 1217 1942 1411 1981; x_wconf 83' lang='lat' dir='ltr'>maxime</span> <span class='ocrx_word' id='word_1_169' title='bbox 1438 1944 1516 1992; x_wconf 82' lang='lat' dir='ltr'>est,</span> <span class='ocrx_word' id='word_1_170' title='bbox 1546 1943 1619 1990; x_wconf 91' lang='lat' dir='ltr'>qui</span> <span class='ocrx_word' id='word_1_171' title='bbox 1635 1953 1763 1991; x_wconf 89' lang='lat' dir='ltr'>saepe</span> 
     </span>
     <span class='ocr_line' id='line_1_22' title="bbox 200 2017 1271 2056; baseline 0 0"><span class='ocrx_word' id='word_1_172' title='bbox 200 2018 288 2056; x_wconf 89' lang='lat' dir='ltr'>iam</span> <span class='ocrx_word' id='word_1_173' title='bbox 320 2018 370 2056; x_wconf 93' lang='lat' dir='ltr'>de</span> <span class='ocrx_word' id='word_1_174' title='bbox 403 2017 614 2056; x_wconf 89' lang='lat' dir='ltr'>eiusmodi</span> <span class='ocrx_word' id='word_1_175' title='bbox 643 2017 772 2056; x_wconf 90' lang='lat' dir='ltr'>malis</span> <span class='ocrx_word' id='word_1_176' title='bbox 802 2017 906 2056; x_wconf 85' lang='lat' dir='ltr'>facti</span> <span class='ocrx_word' id='word_1_177' title='bbox 937 2017 1025 2056; x_wconf 87' lang='lat' dir='ltr'>sint</span> <span class='ocrx_word' id='word_1_178' title='bbox 1057 2017 1271 2056; x_wconf 88' lang='lat' dir='ltr'>certiores.</span> 
     </span>
    </p>

    <p class='ocr_par' dir='ltr' id='par_1_7' title="bbox 177 2092 1766 2596">
     <span class='ocr_line' id='line_1_23' title="bbox 261 2092 1761 2142; baseline 0.001 -11"><span class='ocrx_word' id='word_1_179' title='bbox 261 2093 531 2142; x_wconf 84' lang='lat' dir='ltr'>Singularem</span> <span class='ocrx_word' id='word_1_180' title='bbox 572 2093 702 2132; x_wconf 87' lang='lat' dir='ltr'>habet</span> <span class='ocrx_word' id='word_1_181' title='bbox 742 2092 1000 2131; x_wconf 88' lang='lat' dir='ltr'>vocabulum</span> <span class='ocrx_word' id='word_1_182' title='bbox 1042 2093 1141 2131; x_wconf 93' lang='lat' dir='ltr'>eho</span> <span class='ocrx_word' id='word_1_183' title='bbox 1182 2094 1460 2132; x_wconf 85' lang='lat' dir='ltr'>venustatem</span> <span class='ocrx_word' id='word_1_184' title='bbox 1502 2094 1546 2131; x_wconf 93' lang='lat' dir='ltr'>in</span> <span class='ocrx_word' id='word_1_185' title='bbox 1587 2094 1761 2132; x_wconf 89' lang='lat' dir='ltr'>interro-</span> 
     </span>
     <span class='ocr_line' id='line_1_24' title="bbox 200 2168 1764 2220; baseline 0 -12"><span class='ocrx_word' id='word_1_186' title='bbox 200 2169 372 2217; x_wconf 85' lang='lat' dir='ltr'>gatione</span> <span class='ocrx_word' id='word_1_187' title='bbox 413 2168 617 2217; x_wconf 88' lang='lat' dir='ltr'>positum.</span> <span class='ocrx_word' id='word_1_188' title='bbox 660 2168 718 2207; x_wconf 88' lang='lat' dir='ltr'>Eo</span> <span class='ocrx_word' id='word_1_189' title='bbox 756 2168 872 2206; x_wconf 90' lang='lat' dir='ltr'>enim</span> <span class='ocrx_word' id='word_1_190' title='bbox 904 2168 1041 2207; x_wconf 86' lang='lat' dir='ltr'>utitur</span> <span class='ocrx_word' id='word_1_191' title='bbox 1071 2168 1144 2216; x_wconf 90' lang='lat' dir='ltr'>qui</span> <span class='ocrx_word' id='word_1_192' title='bbox 1166 2179 1279 2219; x_wconf 63' lang='lat' dir='ltr'>Q,</span> <span class='ocrx_word' id='word_1_193' title='bbox 1314 2169 1364 2208; x_wconf 90' lang='lat' dir='ltr'>de</span> <span class='ocrx_word' id='word_1_194' title='bbox 1397 2179 1480 2217; x_wconf 88' lang='lat' dir='ltr'>qua</span> <span class='ocrx_word' id='word_1_195' title='bbox 1502 2170 1644 2218; x_wconf 50' lang='grc' dir='ltr'>ἔρξῃ-ζ,</span> <span class='ocrx_word' id='word_1_196' title='bbox 1674 2179 1764 2220; x_wconf 54' lang='grc'>[199</span> 
     </span>
     <span class='ocr_line' id='line_1_25' title="bbox 201 2243 1764 2293; baseline 0.001 -11"><span class='ocrx_word' id='word_1_197' title='bbox 201 2244 330 2283; x_wconf 86' lang='lat' dir='ltr'>audet</span> <span class='ocrx_word' id='word_1_198' title='bbox 370 2254 448 2283; x_wconf 89' lang='lat' dir='ltr'>suo</span> <span class='ocrx_word' id='word_1_199' title='bbox 490 2243 663 2282; x_wconf 88' lang='lat' dir='ltr'>nomine</span> <span class='ocrx_word' id='word_1_200' title='bbox 704 2253 880 2292; x_wconf 83' lang='lat' dir='ltr'>vocare3</span> <span class='ocrx_word' id='word_1_201' title='bbox 924 2254 1053 2291; x_wconf 91' lang='lat' dir='ltr'>quem</span> <span class='ocrx_word' id='word_1_202' title='bbox 1083 2244 1218 2292; x_wconf 90' lang='lat' dir='ltr'>pudor</span> <span class='ocrx_word' id='word_1_203' title='bbox 1247 2245 1587 2292; x_wconf 89' lang='lat' dir='ltr'>verecundiaque</span> <span class='ocrx_word' id='word_1_204' title='bbox 1619 2246 1764 2293; x_wconf 86' lang='lat' dir='ltr'>aperte</span> 
     </span>
     <span class='ocr_line' id='line_1_26' title="bbox 201 2318 1765 2368; baseline 0 -10"><span class='ocrx_word' id='word_1_205' title='bbox 201 2319 316 2368; x_wconf 91' lang='lat' dir='ltr'>loqui</span> <span class='ocrx_word' id='word_1_206' title='bbox 357 2320 519 2358; x_wconf 84' lang='lat' dir='ltr'>vetant.</span> <span class='ocrx_word' id='word_1_207' title='bbox 564 2319 667 2358; x_wconf 86' lang='lat' dir='ltr'>Hec.</span> <span class='ocrx_word' id='word_1_208' title='bbox 703 2319 800 2358; x_wconf 83' lang='grc'><strong>267.</strong></span> <span class='ocrx_word' id='word_1_209' title='bbox 834 2319 1034 2357; x_wconf 90' lang='lat' dir='ltr'>Lachetis</span> <span class='ocrx_word' id='word_1_210' title='bbox 1064 2318 1141 2357; x_wconf 89' lang='lat' dir='ltr'>filii</span> <span class='ocrx_word' id='word_1_211' title='bbox 1171 2330 1282 2358; x_wconf 91' lang='lat' dir='ltr'>uxor</span> <span class='ocrx_word' id='word_1_212' title='bbox 1315 2320 1491 2358; x_wconf 89' lang='lat' dir='ltr'>absente</span> <span class='ocrx_word' id='word_1_213' title='bbox 1522 2320 1680 2358; x_wconf 84' lang='lat' dir='ltr'>marito</span> <span class='ocrx_word' id='word_1_214' title='bbox 1712 2320 1765 2358; x_wconf 92' lang='lat' dir='ltr'>ad</span> 
     </span>
     <span class='ocr_line' id='line_1_27' title="bbox 201 2393 1766 2443; baseline -0.001 -9"><span class='ocrx_word' id='word_1_215' title='bbox 201 2396 390 2434; x_wconf 87' lang='lat' dir='ltr'>matrem</span> <span class='ocrx_word' id='word_1_216' title='bbox 421 2395 621 2434; x_wconf 89' lang='lat' dir='ltr'>discessit</span> <span class='ocrx_word' id='word_1_217' title='bbox 651 2395 792 2443; x_wconf 88' lang='lat' dir='ltr'>ibique</span> <span class='ocrx_word' id='word_1_218' title='bbox 824 2394 979 2433; x_wconf 87' lang='lat' dir='ltr'>latitat.</span> <span class='ocrx_word' id='word_1_219' title='bbox 1015 2393 1098 2433; x_wconf 81' lang='lat' dir='ltr'>Gur</span> <span class='ocrx_word' id='word_1_220' title='bbox 1127 2395 1259 2434; x_wconf 82' lang='lat' dir='ltr'>faciat</span> <span class='ocrx_word' id='word_1_221' title='bbox 1284 2395 1365 2433; x_wconf 92' lang='lat' dir='ltr'>hoc</span> <span class='ocrx_word' id='word_1_222' title='bbox 1391 2396 1434 2434; x_wconf 89' lang='lat' dir='ltr'>et</span> <span class='ocrx_word' id='word_1_223' title='bbox 1458 2405 1581 2434; x_wconf 78' lang='lat' dir='ltr'>socer</span> <span class='ocrx_word' id='word_1_224' title='bbox 1608 2396 1700 2433; x_wconf 90' lang='lat' dir='ltr'>eius</span> <span class='ocrx_word' id='word_1_225' title='bbox 1723 2396 1766 2433; x_wconf 87' lang='lat' dir='ltr'>et</span> 
     </span>
     <span class='ocr_line' id='line_1_28' title="bbox 177 2471 1766 2520; baseline -0.001 -10"><span class='ocrx_word' id='word_1_226' title='bbox 177 2473 324 2520; x_wconf 76' lang='lat' dir='ltr'>pater</span> <span class='ocrx_word' id='word_1_227' title='bbox 355 2472 564 2520; x_wconf 83' lang='lat' dir='ltr'>ignorant.</span> <span class='ocrx_word' id='word_1_228' title='bbox 599 2471 680 2510; x_wconf 85' lang='lat' dir='ltr'>Hic</span> <span class='ocrx_word' id='word_1_229' title='bbox 711 2473 858 2510; x_wconf 90' lang='lat' dir='ltr'>autem</span> <span class='ocrx_word' id='word_1_230' title='bbox 890 2471 1001 2519; x_wconf 89' lang='lat' dir='ltr'>apud</span> <span class='ocrx_word' id='word_1_231' title='bbox 1033 2471 1155 2510; x_wconf 91' lang='lat' dir='ltr'>illum</span> <span class='ocrx_word' id='word_1_232' title='bbox 1186 2482 1233 2510; x_wconf 88' lang='lat' dir='ltr'>se</span> <span class='ocrx_word' id='word_1_233' title='bbox 1264 2471 1453 2510; x_wconf 80' lang='lat' dir='ltr'>defendit</span> <span class='ocrx_word' id='word_1_234' title='bbox 1484 2472 1611 2518; x_wconf 89' lang='lat' dir='ltr'>atque</span> <span class='ocrx_word' id='word_1_235' title='bbox 1644 2471 1687 2508; x_wconf 92' lang='lat' dir='ltr'>in</span> <span class='ocrx_word' id='word_1_236' title='bbox 1719 2481 1766 2508; x_wconf 90' lang='lat' dir='ltr'>se</span> 
     </span>
     <span class='ocr_line' id='line_1_29' title="bbox 203 2547 1274 2596; baseline 0 -11"><span class='ocrx_word' id='word_1_237' title='bbox 203 2547 373 2596; x_wconf 85' lang='lat' dir='ltr'>culpam</span> <span class='ocrx_word' id='word_1_238' title='bbox 404 2547 568 2586; x_wconf 90' lang='lat' dir='ltr'>nullam</span> <span class='ocrx_word' id='word_1_239' title='bbox 601 2557 696 2585; x_wconf 91' lang='lat' dir='ltr'>esse</span> <span class='ocrx_word' id='word_1_240' title='bbox 729 2547 962 2586; x_wconf 87' lang='lat' dir='ltr'>asseverat.</span> <span class='ocrx_word' id='word_1_241' title='bbox 1000 2547 1179 2596; x_wconf 84' lang='lat' dir='ltr'>„Illam”</span> <span class='ocrx_word' id='word_1_242' title='bbox 1213 2547 1274 2586; x_wconf 90' lang='lat' dir='ltr'>ait</span> 
     </span>
    </p>

    <p class='ocr_par' dir='ltr' id='par_1_8' title="bbox 501 2623 1353 2747">
     <span class='ocr_line' id='line_1_30' title="bbox 827 2623 1353 2672; baseline 0.002 -11"><span class='ocrx_word' id='word_1_243' title='bbox 827 2623 880 2661; x_wconf 88' lang='lat' dir='ltr'>ad</span> <span class='ocrx_word' id='word_1_244' title='bbox 910 2632 990 2662; x_wconf 89' lang='lat' dir='ltr'>vos</span> <span class='ocrx_word' id='word_1_245' title='bbox 1020 2623 1158 2662; x_wconf 90' lang='lat' dir='ltr'>redire</span> <span class='ocrx_word' id='word_1_246' title='bbox 1190 2623 1353 2672; x_wconf 82' lang='lat' dir='ltr'>studeo,</span> 
     </span>
     <span class='ocr_line' id='line_1_31' title="bbox 501 2698 1200 2747; baseline 0.001 -10"><span class='ocrx_word' id='word_1_247' title='bbox 501 2698 545 2737; x_wconf 83' lang='lat' dir='ltr'>Si</span> <span class='ocrx_word' id='word_1_248' title='bbox 575 2698 715 2738; x_wconf 88' lang='lat' dir='ltr'>facere</span> <span class='ocrx_word' id='word_1_249' title='bbox 748 2698 912 2747; x_wconf 90' lang='lat' dir='ltr'>possim</span> <span class='ocrx_word' id='word_1_250' title='bbox 942 2698 1029 2738; x_wconf 92' lang='lat' dir='ltr'>ullo</span> <span class='ocrx_word' id='word_1_251' title='bbox 1060 2700 1200 2738; x_wconf 90' lang='lat' dir='ltr'>modo.</span> 
     </span>
    </p>

    <p class='ocr_par' dir='ltr' id='par_1_9' title="bbox 205 2773 645 2823">
     <span class='ocr_line' id='line_1_32' title="bbox 205 2773 645 2823; baseline -0.002 -10"><span class='ocrx_word' id='word_1_252' title='bbox 205 2773 315 2813; x_wconf 84' lang='lat' dir='ltr'>Tum</span> <span class='ocrx_word' id='word_1_253' title='bbox 348 2784 469 2813; x_wconf 86' lang='lat' dir='ltr'>socer</span> <span class='ocrx_word' id='word_1_254' title='bbox 500 2775 645 2823; x_wconf 85' lang='lat' dir='ltr'>rogat:</span> 
     </span>
    </p>
   </div>
   <div class='ocr_carea' id='block_1_5' title="bbox 1036 2137 1154 2147">
    <p class='ocr_par' dir='ltr' id='par_1_10' title="bbox 1036 2137 1154 2147">
     <span class='ocr_line' id='line_1_33' title="bbox 1036 2137 1154 2147; baseline 0 0"><span class='ocrx_word' id='word_1_255' title='bbox 1036 2137 1154 2147; x_wconf 95' lang='lat' dir='ltr'> </span> 
     </span>
    </p>
   </div>
   <div class='ocr_carea' id='block_1_6' title="bbox 502 2848 1618 2974">
    <p class='ocr_par' dir='ltr' id='par_1_11' title="bbox 502 2848 1618 2974">
     <span class='ocr_line' id='line_1_34' title="bbox 827 2848 1618 2898; baseline 0 -10"><span class='ocrx_word' id='word_1_256' title='bbox 827 2848 941 2898; x_wconf 82' lang='lat' dir='ltr'>Quae</span> <span class='ocrx_word' id='word_1_257' title='bbox 974 2859 1042 2888; x_wconf 89' lang='lat' dir='ltr'>res</span> <span class='ocrx_word' id='word_1_258' title='bbox 1073 2851 1117 2888; x_wconf 93' lang='lat' dir='ltr'>te</span> <span class='ocrx_word' id='word_1_259' title='bbox 1148 2849 1192 2889; x_wconf 92' lang='lat' dir='ltr'>id</span> <span class='ocrx_word' id='word_1_260' title='bbox 1221 2850 1360 2888; x_wconf 84' lang='lat' dir='ltr'>facere</span> <span class='ocrx_word' id='word_1_261' title='bbox 1391 2850 1618 2898; x_wconf 81' lang='lat' dir='ltr'>prohibet?</span> 
     </span>
     <span class='ocr_line' id='line_1_35' title="bbox 502 2924 1394 2974; baseline 0.002 -12"><span class='ocrx_word' id='word_1_262' title='bbox 502 2924 604 2974; x_wconf 84' lang='lat' dir='ltr'>Eho,</span> <span class='ocrx_word' id='word_1_263' title='bbox 639 2925 847 2972; x_wconf 89' lang='lat' dir='ltr'>numquid</span> <span class='ocrx_word' id='word_1_264' title='bbox 878 2935 980 2963; x_wconf 90' lang='lat' dir='ltr'>nam</span> <span class='ocrx_word' id='word_1_265' title='bbox 1013 2927 1187 2964; x_wconf 83' lang='lat' dir='ltr'>accusat</span> <span class='ocrx_word' id='word_1_266' title='bbox 1219 2926 1394 2964; x_wconf 82' lang='lat' dir='ltr'>virum?</span> 
     </span>
    </p>
   </div>
   <div class='ocr_carea' id='block_1_7' title="bbox 0 0 180 3334">
    <p class='ocr_par' dir='ltr' id='par_1_12' title="bbox 0 0 180 3334">
     <span class='ocr_line' id='line_1_36' title="bbox 0 0 180 3334; baseline 0 0"><span class='ocrx_word' id='word_1_267' title='bbox 0 0 180 3334; x_wconf 95' lang='lat' dir='ltr'> </span> 
     </span>
    </p>
   </div>
  </div>
 </body>
</html>
