2034 3334
994 200 1051 244 8⁹7

233 323 460 366 lectionem
501 325 576 365 hac
599 328 722 377 parte
753 338 828 379 pro
860 339 886 365 a
910 324 1079 380 fronte,
1113 337 1196 378 quo
1229 323 1339 365 facto
1371 337 1454 364 non
1485 324 1575 378 ipse
1607 323 1684 365 sibi
1719 322 1816 366 Ovi-

232 393 328 436 dius
361 393 617 450 obloquitur.
651 393 857 436 Remanet
890 399 1034 436 tamen
1065 393 1130 436 ve]
1166 395 1226 435 sic
1253 392 1478 448 scrupulus
1504 393 1690 449 quidam.
1720 393 1816 435 Non

230 464 473 507 observasse
503 463 734 506 Ehwaldus
767 465 937 507 videtur
967 478 1096 520 quam
1126 465 1294 520 ingrate
1326 462 1437 505 illis:

1005 535 1079 576 hac
1110 539 1229 590 parte
1260 537 1452 589 potentes

412 604 648 648 Caelicolae
682 604 868 661 clarique
900 619 998 648 suos
1029 618 1205 661 posuere
1236 607 1408 660 penates

229 675 332 718 haec
361 678 706 718 annecterentur:

409 746 493 787 Hie
522 745 640 789 locus
673 749 736 788 est
767 760 802 788 e.
822 760 861 802 q.
880 760 912 788 s.

227 814 412 860 Clavum
443 830 544 872 ergo
578 815 696 858 clavo
723 815 936 872 expulisse
961 817 1028 859 vir
1053 817 1443 871 praestantissimus
1470 815 1652 858 videtur.
1686 814 1814 870 Equi-

226 886 323 929 dem
366 890 499 929 totam
539 886 662 928 illam
704 889 919 929 minorum
958 887 1132 929 deorum
1163 887 1614 928 commemorationem
1647 900 1729 927 non
1760 886 1811 927 ab

227 955 402 1007 Ovidio‚
448 958 521 1012 qui
563 957 632 998 hic
666 957 789 999 facile
821 970 914 999 eam
947 958 1145 999 omittere
1176 958 1339 1012 potuit,
1373 957 1605 1012 profectam
1639 970 1808 1007 cense0‚

223 1027 296 1070 sed
327 1041 351 1069 a
381 1027 531 1082 putido
564 1027 831 1083 magistello,
865 1029 940 1083 qui
971 1027 1190 1078 lacunam,
1226 1041 1353 1083 quam
1381 1027 1460 1069 sibi
1489 1027 1810 1082 deprehendisse

221 1097 451 1147 videretur,
498 1102 714 1153 utcunque
756 1097 978 1140 versiculis
1021 1097 1278 1152 expleverit3
1323 1098 1436 1139 hunc
1477 1102 1623 1139 autem
1666 1097 1810 1139 Ovidii

220 1172 363 1209 mente
394 1181 546 1223 parum
579 1167 795 1210 intellecta
827 1184 851 1208 a
874 1169 1021 1224 fronte
1051 1169 1267 1223 scripsisse
1295 1169 1485 1223 suspicor
1511 1171 1554 1209 et
1580 1167 1806 1209 lectionem

221 1237 478 1280 Bernensem
526 1252 615 1280 esse
662 1238 912 1280 emendandi
959 1252 1173 1280 conamen.
1223 1238 1382 1280 Eiectis
1429 1242 1573 1280 autem
1616 1238 1808 1280 versibus

221 1309 338 1350 Plebs
365 1334 420 1341 -—
439 1314 609 1363 penates
641 1311 784 1351 omnia
815 1311 989 1365 egregie
1022 1309 1275 1364 procedunt:
1310 1309 1509 1351 adverbio
1541 1308 1606 1349 hie
1637 1307 1807 1364 Capito-

219 1377 328 1420 lium
372 1378 549 1421 caeleste
591 1381 736 1434 ipsum
769 1393 866 1421 cum
899 1394 974 1422 suo
1006 1379 1117 1422 clivo
1150 1379 1536 1435 comprehenditur,
1571 1380 1692 1420 cuius
1724 1378 1807 1422 loci

218 1451 352 1492 totius
394 1464 479 1492 una
523 1464 619 1506 pars
661 1454 848 1501 (summa
888 1452 1113 1502 nimirum)
1153 1450 1370 1492 Palatium
1402 1449 1508 1492 caeli
1541 1450 1622 1492 dici
1655 1451 1803 1505 possit.

219 1519 459 1576 Magistelli
500 1525 646 1562 autem
686 1519 806 1562 illius
837 1535 931 1562 cum
967 1521 1077 1562 mihi
1107 1521 1287 1562 informo
1318 1521 1577 1576 imaginem,
1613 1520 1804 1562 eiusdem

217 1603 306 1633 esse
338 1592 497 1646 incipio
529 1590 695 1632 credere
729 1604 875 1632 versus
907 1590 962 1633 87
979 1604 1062 1646 sq.:

398 1660 491 1711 Sic,
528 1661 650 1703 modo
682 1675 788 1716 quae
820 1661 957 1703 fuerat
989 1661 1106 1703 rudis
1139 1665 1181 1703 et
1213 1662 1302 1703 sine
1333 1662 1546 1717 imagine,
1579 1659 1708 1703 tellus

395 1731 540 1774 Induit
571 1733 743 1788 ignotas
775 1731 999 1773 hominum
1031 1745 1232 1774 conversa
1263 1731 1423 1787 figuras

215 1815 318 1857 quos
349 1803 597 1857 proscripsit
629 1801 860 1844 Bentleius.
895 1801 1050 1844 Statim
1082 1803 1240 1844 iterum
1267 1803 1358 1843 eius
1386 1802 1609 1844 audiemus
1637 1815 1799 1845 vocem.

279 1942 364 1985 199
383 1957 470 1998 sqq.
514 1943 748 1998 Postquam
778 1943 828 1986 de
860 1944 1067 2000 Lycaonis
1100 1946 1320 2000 impietate
1352 1946 1541 1987 narravit
1572 1944 1756 2000 Iupiter:

396 2011 697 2056 Confremuere
729 2028 874 2055 omnes
906 2014 1142 2069 studiisque
1175 2014 1421 2056 ardentibus
1454 2028 1607 2056 ausum

274 2082 362 2125 200
395 2082 514 2125 Talia
546 2083 789 2138 deposcunt.
823 2084 892 2126 Sic
924 2098 1023 2126 cum
1055 2098 1207 2126 manus
1239 2086 1373 2140 impia
1403 2086 1542 2127 saevit

392 2153 609 2208 Sanguine
641 2152 844 2196 Caesareo
877 2154 1121 2196 Romanum
1153 2156 1424 2210 exstinguere
1455 2168 1634 2206 nomen,

393 2224 641 2264 Attonitum
676 2227 792 2266 tanto
826 2224 990 2266 subitae
1022 2228 1179 2266 terrore
1211 2226 1358 2266 ruinae

392 2293 645 2335 Humanum
678 2307 813 2349 genus
845 2299 908 2336 est
940 2299 1140 2350 totusque
1171 2295 1414 2350 perhorruit
1446 2295 1573 2336 orbis.

390 2363 478 2405 Nec
509 2363 590 2404 tibi
620 2368 743 2418 grata
776 2365 917 2405 minus
950 2365 1106 2419 pietas,
1139 2365 1359 2420 Auguste,
1393 2368 1568 2406 tuorum
1601 2368 1686 2414 est,

271 2431 357 2474 205
392 2431 529 2484 Quam
561 2434 644 2474 fuit
675 2432 750 2474 illa
781 2433 885 2475 Iovi.
920 2433 1002 2485 Qui
1035 2440 1260 2489 postquam
1293 2448 1394 2476 voce
1425 2448 1639 2489 manuque

388 2502 617 2544 Murmura
648 2505 918 2558 compressit,
952 2508 1122 2546 tenuere
1154 2503 1322 2546 silentia
1353 2505 1508 2546 cuncti.

389 2570 591 2613 Substitit
622 2577 670 2613 ut
701 2572 862 2614 clamor
891 2588 1058 2628 pressus
1090 2575 1303 2630 gravitate
1333 2575 1541 2630 regentis,

387 2641 581 2697 Iuppiter
612 2642 690 2684 hoc
721 2643 879 2684 iterum
911 2658 1100 2686 sermone
1132 2644 1301 2686 silentia
1332 2646 1461 2700 rupit.

205 2710 271 2752 Ad
304 2725 451 2754 versus
486 2711 572 2754 207
591 2726 651 2767 sq.
684 2712 872 2755 Kornius
903 2718 1097 2756 annotat:
1135 2716 1407 2770 „proscripsit
1437 2715 1621 2767 Merk.'',
1651 2731 1787 2760 errore

204 2783 255 2822 ut
284 2783 443 2836 opinor,
477 2796 574 2824 nam
608 2797 668 2824 vs.
703 2782 790 2824 208
824 2787 934 2825 certe
965 2797 1104 2826 carere
1135 2799 1218 2826 non
1252 2799 1478 2840 possumus
1511 2789 1615 2842 quin
1644 2790 1787 2830 omnia

206 2851 441 2892 concidant.
486 2851 567 2894 Sed
612 2852 848 2894 suboluisse
890 2852 1046 2908 aliquid
1092 2854 1301 2897 Merkelio
1344 2859 1404 2903 (et
1445 2859 1515 2898 cui
1547 2856 1674 2909 non?)
1716 2859 1784 2901 hic

206 2918 388 2962 libenter
427 2922 560 2964 credo.
606 2922 663 2964 Ut
694 2924 865 2964 mittam
898 2927 1055 2965 tenuere
1083 2924 1247 2965 silentia
1281 2927 1353 2968 vix
1386 2925 1517 2969 latine
1549 2927 1631 2969 dici
1665 2942 1782 2983 posse
