2034 3334
706 894 1014 950 CAPUT
1065 894 1193 948 VII.

257 1256 314 1286 AD
345 1254 500 1286 VARIOS
532 1253 931 1285 METAMORPHOSEON
962 1253 1091 1285 Locos
1122 1252 1440 1284 ANNOTA'HONES
1471 1253 1642 1283 VARIAE.

218 1385 338 1438 Quod
363 1387 405 1427 in
433 1386 548 1428 hisce
574 1385 917 1428 annotationibus
941 1384 1249 1427 conscribendis
1266 1398 1347 1426 non
1365 1383 1479 1425 ultra
1498 1382 1741 1434 „Iudicium

157 1455 418 1498 Armorum'’
466 1470 716 1512 progressus
758 1470 854 1497 sum
897 1456 1091 1511 probabit
1134 1456 1207 1510 qui
1249 1454 1290 1496 et
1331 1454 1551 1510 plerasque
1594 1445 1741 1495 earum

158 1527 295 1568 critici
336 1527 502 1582 generis
545 1540 633 1568 esse
676 1528 924 1582 cognoverit
957 1525 999 1567 et
1027 1527 1071 1566 in
1105 1527 1356 1567 memoriam
1388 1524 1562 1566 redierit
1595 1537 1741 1565 eorum

157 1609 264 1651 quae
290 1597 501 1651 capitibus
527 1598 686 1651 primo,
716 1598 860 1646 tertio,
891 1598 1041 1651 quinto
1071 1597 1227 1651 scripta
1255 1600 1364 1638 sunt.
1398 1594 1600 1638 Ceterum
1617 1607 1741 1636 nemo

156 1667 226 1708 hic
257 1666 474 1722 magnifici
505 1667 737 1722 quidquam
769 1671 1006 1722 exspectet:
1040 1681 1124 1708 non
1157 1681 1289 1708 novos
1320 1666 1523 1722 indagavi
1555 1665 1741 1714 codices,

155 1750 238 1778 non
269 1750 430 1779 novum
461 1737 654 1778 codicum
687 1738 927 1792 excogitavi
960 1741 1166 1787 stemma,
1199 1751 1251 1778 ne
1284 1740 1434 1777 notum
1462 1734 1635 1791 quidem
1668 1733 1742 1775 ali-

157 1820 285 1862 quem
317 1807 503 1849 codicem
531 1807 668 1849 denuo
696 1809 876 1849 excussi.
909 1806 1059 1848 Variae
1085 1812 1185 1848 sunt
1211 1805 1606 1848 observatiunculae
1634 1803 1742 1845 mihi

155 1891 230 1932 per
260 1875 435 1933 longam
468 1891 676 1919 annorum
709 1879 863 1919 seriem
894 1882 1037 1926 natae,
1071 1891 1177 1932 quae
1209 1891 1343 1932 neque
1377 1877 1427 1918 ad
1461 1881 1620 1918 certam
1652 1888 1742 1916 nor-

155 1961 272 1990 mam
304 1947 442 2003 redigi
472 1949 636 2002 possint
668 1953 710 1989 et
742 1949 815 1989 vix
846 1947 934 1989 ullo
966 1949 1077 1989 inter
1108 1961 1151 1989 se
1184 1949 1432 1989 cohaereant
1459 1945 1644 1988 vinculo.
1677 1943 1741 1984 Ex

157 2031 239 2074 quo
281 2019 394 2059 enim
436 2017 588 2059 Kornii
629 2017 760 2059 editio
792 2019 836 2058 in
868 2017 1010 2058 lucem
1042 2017 1202 2072 prodiit
1233 2042 1289 2048 —
1323 2020 1422 2059 sunt
1454 2018 1552 2058 anni
1584 2014 1741 2070 viginti

155 2091 240 2130 tres
275 2111 330 2118 -—-
365 2100 471 2142 quae
502 2086 684 2128 fideliter
714 2088 756 2128 in
790 2086 900 2129 calce
926 2088 1107 2142 paginae
1134 2100 1264 2142 parvo
1291 2088 1428 2141 spatio
1454 2085 1556 2140 quid
1583 2085 1741 2138 ubique

157 2158 213 2199 sit
264 2158 309 2198 in
361 2156 598 2207 codicibus,
646 2156 747 2211 quid
788 2156 945 2211 ubique
987 2157 1070 2197 viri
1112 2156 1223 2198 docti
1266 2156 1545 2204 coniecerint,
1587 2153 1739 2203 refert,

157 2226 294 2268 dicere
335 2240 417 2268 non
456 2239 631 2280 possum
675 2226 840 2280 quoties
882 2227 1024 2266 totum
1064 2224 1224 2266 librum
1268 2225 1318 2266 ab
1361 2225 1484 2265 initio
1528 2222 1579 2264 ad
1613 2221 1740 2263 finem

158 2297 518 2352 percucurrerim,
572 2309 669 2337 nam
723 2297 851 2337 unius
898 2294 1078 2337 alicuius
1125 2294 1209 2353 loci
1254 2294 1324 2336 vel
1372 2309 1470 2336 cum
1519 2292 1740 2347 discipulis

157 2366 229 2410 vel
268 2369 314 2408 in
346 2367 642 2422 phrontisterii
675 2366 760 2406 mei
793 2378 959 2406 recessu
990 2367 1227 2406 accuratius
1261 2363 1531 2406 examinandi
1563 2364 1740 2417 quisque

159 2437 245 2479 fere
295 2437 384 2478 dies
429 2436 654 2491 praebebat
696 2434 959 2476 facultatem.
1009 2434 1092 2477 Hic
1135 2437 1466 2490 quotiescunque
1515 2433 1623 2474 mihi
1669 2430 1740 2474 vel

157 2520 331 2549 versum
374 2505 445 2547 vel
485 2506 798 2547 annotationem
831 2504 1110 2546 consideranti
1142 2506 1186 2545 in
1219 2509 1407 2546 mentem
1442 2503 1637 2545 veniebat
1669 2500 1742 2543 ali-

158 2575 284 2630 quid,
332 2575 443 2630 quod
490 2574 678 2616 nondum
721 2574 772 2615 ab
814 2572 908 2614 aliis
951 2579 1060 2615 esset
1103 2575 1376 2615 observatum
1419 2577 1461 2614 et
1502 2577 1645 2613 tamen
1689 2570 1740 2612 ad

157 2649 326 2701 poetam
368 2649 562 2686 nostrum
599 2642 669 2684 vel
700 2644 856 2684 rectius
887 2642 1219 2698 intelligendum
1254 2643 1321 2685 vel
1354 2643 1590 2684 accuratius
1623 2641 1741 2682 eden-

159 2713 261 2755 dum
289 2714 473 2756 conferre
501 2726 620 2768 posse
649 2712 862 2754 videretur
888 2711 1069 2766 aliquid,
1098 2714 1141 2753 in
1166 2714 1360 2768 margine
1377 2714 1549 2767 signum
1567 2710 1740 2765 aliquod

159 2785 467 2840 appingebam,
495 2798 578 2838 quo
606 2782 773 2824 facilius
800 2787 1039 2823 commenta
1067 2797 1160 2824 mea
1190 2783 1407 2824 interdum
1437 2796 1547 2824 novo
1574 2795 1740 2836 possem

160 2855 409 2895 submittere
437 2854 636 2895 examini.
666 2851 851 2893 Tandem
881 2850 1105 2906 aliquando
1132 2854 1273 2894 omnia
1300 2857 1387 2894 tam
1416 2853 1519 2893 bene
1536 2863 1741 2906 perpensa

161 2922 427 2973 videbantur,
473 2927 516 2964 et
556 2936 654 2964 cum
697 2925 762 2963 sat
794 2921 931 2962 multa
964 2923 1227 2971 reiecissem,
1259 2926 1377 2964 tanta
1408 2926 1548 2964 tamen
1582 2925 1740 2962 restare

161 2993 280 3047 copia
309 3006 453 3034 rerum
486 2991 656 3047 publica
684 2990 780 3033 luce
812 3004 893 3033 non
924 3004 1094 3046 prorsus
1125 2991 1422 3048 indignarum,
1450 2995 1500 3033 ut
1527 2991 1670 3032 omnia
1695 2991 1740 3030 in

1529 3068 1548 3101 6
