2034 3334
944 402 995 440 13

186 529 403 578 deleniret,
432 529 526 567 vult
551 528 807 577 persuadere
828 527 1063 566 Phaedriae
1080 537 1165 566 non
1182 503 1228 566 se
1246 529 1384 567 amari
1401 529 1476 567 sed
1492 529 1747 578 virginem.”

185 605 375 644 Alterius
402 605 482 644 hoc
508 606 575 643 est
602 604 797 643 initium:
830 605 904 653 „ut
926 604 994 643 vel
1011 604 1206 643 laedendi
1222 604 1375 643 militis
1394 615 1524 644 causa
1539 606 1750 645 Phaedria

185 681 415 730 patiatur”.
454 680 660 730 Corrupta
698 682 800 737 sunt
832 690 940 728 quae
972 681 1221 730 sequuntur,
1256 681 1330 719 sed
1363 681 1462 729 quid
1494 682 1636 720 totum
1667 681 1750 720 sibi

185 756 370 796 voluerit
411 757 604 797 scholion
645 757 739 795 luce
782 758 848 795 est
886 756 1054 795 clarius.
1090 756 1154 795 Ad
1186 767 1363 796 versum
1395 758 1512 796 enim
1548 758 1642 807 145,
1676 757 1750 796 ubi

186 832 247 871 ita
278 833 408 872 Thais
441 834 491 872 de
523 833 665 881 puella
697 833 778 871 sibi
811 843 836 871 a
866 832 1006 871 milite
1038 833 1253 881 promissa
1284 833 1494 881 loquitur:

382 909 540 948 Multae
572 910 674 947 sunt
707 919 861 947 causae
893 908 1173 956 quamobrem
1207 909 1329 957 cupio
1362 909 1570 948 abducere
1641 934 1647 939 -

187 986 440 1024 annotatum
467 985 735 1023 invenimus:
768 984 936 1033 „Etiam
964 984 1044 1023 hoc
1059 984 1189 1023 verbo
1206 983 1472 1033 gratificatur
1489 986 1746 1024 Phaedriae:

186 1071 271 1100 non
298 1047 413 1100 enim
441 1061 699 1110 accipere
724 1062 774 1099 ut
800 1061 851 1099 ab
879 1061 1018 1100 amico
1045 1062 1348 1114 remunerante
1370 1062 1445 1100 sed
1473 1062 1747 1101 abducere

186 1139 234 1176 ut
276 1138 327 1176 ab
369 1138 502 1176 stulto
545 1139 587 1176 et
623 1138 840 1186 experte’'.
875 1137 993 1176 Haec
1026 1148 1124 1186 ergo
1157 1138 1377 1177 annotatio
1410 1138 1540 1177 idem*
1557 1139 1747 1178 continet

186 1214 296 1261 quod
322 1214 429 1253 duae
457 1214 554 1252 illae
582 1214 634 1252 ad
661 1224 725 1252 vs.
758 1214 863 1262 1423
893 1214 1105 1262 siquidem
1133 1224 1335 1265 expers
1363 1215 1441 1253 hoc
1468 1215 1560 1254 loco
1588 1215 1745 1264 signifi-

186 1292 276 1328 cat:
304 1290 411 1329 mei
439 1291 646 1329 amoris
674 1300 827 1338 expers
855 1291 898 1328 et
919 1290 987 1329 cui
1004 1290 1098 1338 ipsa
1114 1290 1221 1328 nihil
1237 1301 1427 1338 unquam
1446 1292 1744 1331 concesserim.

244 1376 308 1404 vs.
361 1367 442 1405 144
490 1376 551 1414 sq.
605 1366 764 1404 Audita
811 1366 984 1404 Thaidis
1031 1366 1273 1415 suspicione
1319 1367 1370 1405 de
1416 1367 1555 1406 milite
1601 1378 1746 1407 amore

184 1442 350 1490 puellae
391 1443 506 1481 illius
548 1443 683 1492 capto,
727 1443 965 1481 verecunde
1007 1444 1050 1481 et
1081 1445 1328 1497 ‹fsffivologffiv
1360 1443 1569 1482 Phaedria
1599 1445 1743 1492 rogat:

188 1519 402 1567 „etiamne
431 1518 616 1567 amplius
628 1519 676 1557 ?’'
705 1518 888 1567 Etenim,
917 1519 966 1557 ut
993 1518 1258 1557 Scholiastae
1277 1502 1429 1556 *verbis
1455 1520 1575 1557 utar:
1598 1530 1744 1569 „mun-

185 1594 258 1633 dat
299 1594 536 1644 Terentius,
580 1596 629 1633 ut
669 1595 791 1644 solet,
835 1605 904 1633 res
940 1594 1237 1633 huiuscemodi
1268 1605 1343 1643 per
1375 1595 1543 1643 ellipsin
1575 1597 1743 1635 suam''.

184 1670 429 1720 Respondet
460 1671 612 1710 Thais:

745 1748 817 1797 nil,
851 1758 955 1787 nam
987 1748 1182 1796 quaesivi

185 1823 228 1861 et
265 1823 503 1863 Scholiasta
535 1825 737 1863 annotat:
775 1824 962 1872 „optime
994 1824 1195 1873 purgavit
1226 1825 1463 1875 Terentius
1499 1826 1609 1874 quod
1640 1836 1744 1865 mox

185 1897 432 1937 liberalibus
465 1899 626 1948 nuptiis
657 1899 798 1938 fuerat
829 1900 1090 1950 obfuturum,
1126 1900 1164 1939 si
1195 1901 1396 1939 vitiatam
1428 1902 1641 1950 virginem
1673 1903 1743 1940 du-

187 1974 301 2011 ceret
322 1972 522 2013 Chaerea.
541 1975 791 2015 Necessario
809 1986 908 2024 ergo
926 1976 1177 2025 defenditur,
1197 1977 1422 2024 tamquam
1440 1988 1548 2025 quae
1564 1978 1743 2017 honeste

186 2050 371 2097 nuptura
397 2050 505 2088 est.''
535 2049 649 2098 Quae
675 2051 758 2090 huc
783 2051 872 2090 fere
898 2052 1100 2091 redeunt:
1129 2052 1263 2091 totius
1284 2053 1453 2091 fabulae
1471 2050 1743 2094 oecOnomiae

186 2124 230 2162 in
255 2126 449 2173 tempore
472 2119 680 2174 ‘prospicit
705 2128 843 2174 poeta.
873 2127 952 2166 Illa
973 2128 1089 2166 enim
1106 2129 1248 2177 puella
1265 2128 1490 2179 Chaereae,
1510 2131 1743 2169 Phaedriae

185 2199 343 2249 fratris,
388 2201 555 2239 iuvenis
597 2201 778 2240 honesto
819 2202 911 2240 1000
953 2203 1056 2252 nati,
1099 2213 1209 2242 uxor
1240 2203 1325 2243 fiet.
1359 2205 1412 2243 Et
1443 2206 1604 2254 optime
1635 2207 1744 2244 mihi

185 2275 354 2314 videtur
399 2286 548 2315 veram
595 2276 676 2315 loci
722 2277 812 2315 vim
858 2278 1130 2326 perspexisse
1178 2279 1429 2319 Scholiasta.
1480 2280 1585 2329 Quid
1627 2282 1743 2320 enim

185 2351 396 2390 attinebat
423 2351 630 2390 Thaidem
656 2353 749 2391 tam
775 2351 957 2392 firmiter
983 2354 1063 2392 hoc
1088 2364 1257 2404 negare,
1287 2366 1394 2403 quae
1425 2356 1504 2405 „ad
1529 2357 1743 2405 virginem

186 2427 380 2465 animum
422 2427 657 2466 adiecisse''
699 2428 887 2467 militem
929 2429 1256 2479 suspicetur
1297 2432 1610 2482 tantummodo,
1658 2433 1741 2471 nisi

185 2502 382 2551 subesset
413 2502 482 2542 hic
513 2503 682 2552 aliquod
713 2505 911 2553 poetae
944 2505 1202 2544 consilium?

243 2587 307 2616 vs.
355 2578 436 2617 146
469 2589 559 2626 sqq.
593 2578 684 2618 Has
716 2579 842 2618 affert
874 2590 1026 2620 causas
1059 2580 1189 2620 Thais
1221 2592 1296 2621 cur
1326 2582 1515 2631 puellam
1547 2593 1572 2622 a
1602 2584 1741 2623 milite

189 2651 450 2702 „abducere”
485 2654 650 2703 cupiat:

301 2727 496 2767 Primum
528 2729 638 2777 quod
670 2739 789 2770 soror
820 2732 887 2770 est
918 2732 1043 2781 dicta,
1077 2733 1298 2780 praeterea
1327 2735 1376 2772 ut
1407 2734 1498 2773 suis

303 2802 548 2843 Restituam
581 2815 630 2844 ac
660 2787 858 2845 reddam:
892 2807 984 2846 sola
1015 2817 1126 2858 sum,
1160 2808 1295 2847 habeo
1325 2809 1396 2848 1110
1427 2788 1645 2849 neminem

302 2878 446 2928 Neque
478 2881 667 2919 amicum
699 2891 835 2929 neque
867 2883 1119 2930 cognatum:
1153 2884 1432 2931 quamobrem
1463 2885 1672 2924 Phaedria

304 2953 435 3004 Cupio
468 2955 632 3004 aliquos
663 2966 812 3006 parere
844 2956 1006 2997 amicos
1036 2957 1241 3006 beneficio
1271 2970 1382 3001 meo.
