2034 3334
967 383 1046 420 181

286 509 351 547 1-2.
395 508 500 556 Ego
544 508 723 546 dicam
756 507 888 553 tibi]
926 506 1087 556 „senile
1119 508 1197 556 est,
1232 518 1334 546 narn
1366 507 1408 547 id
1440 508 1528 548 iam
1560 509 1787 548 dicendum

213 583 314 633 -fuit,
349 585 393 622 et
423 584 504 622 hoc
534 581 705 634 ἔμφασιν
738 583 880 622 habet·
900 583 998 621 vilis
1030 582 1104 632 rei,
1138 593 1246 631 quae
1279 584 1347 623 vel
1377 584 1502 624 facile
1528 585 1611 624 dici
1636 585 1785 635 possit,

221 660 290 699 vel
336 670 422 698 non
468 659 645 699 celanda
681 659 780 698 sit.”
816 659 884 697 Sic
917 659 1162 707 accipienda
1193 659 1299 698 haec
1331 660 1500 708 opinor:
1537 660 1788 710 „exordium

222 745 318 783 ego
345 734 524 774 dicam
551 735 657 774 tibi
684 734 957 783 loquacitatis
985 735 1133 774 senilis
1161 737 1238 785 est,
1268 735 1510 784 indicatque
1538 736 1579 775 id
1597 737 1707 785 quod
1724 747 1785 776 se-

221 810 365 859 quitur
391 821 476 850 non
504 821 599 850 esse
620 811 767 860 magni
784 811 1007 860 momenti,
1026 821 1163 859 neque
1176 811 1409 859 quidquam
1426 813 1571 851 arcani
1587 813 1786 852 habere.”

284 887 335 925 18
367 897 429 935 sq.
865 885 1003 926 1408σῆ.
1038 886 1172 925 Perii!
1206 886 1276 926 Mi.
1313 886 1418 936 Quid
1451 889 1549 926 est?

459 962 599 1002 Aesch.
633 962 760 1011 Nihil,
795 963 922 1012 recte,
956 972 1096 1011 perge.

279 1038 317 1077 N
328 1038 454 1088 ihil,
489 1040 668 1084 recte]
702 1039 769 1088 „id
796 1039 874 1088 est,
903 1039 1018 1077 recte
1045 1038 1156 1086 quod
1183 1038 1300 1087 perii.
1329 1038 1383 1077 Et
1398 1039 1495 1078 vide
1511 1031 1786 1088 trisyllabum

221 1113 451 1154 artificiose
484 1124 579 1153 esse
611 1114 865 1163 subiectum,
900 1114 948 1152 ut
979 1114 1051 1162 qui
1082 1113 1227 1162 perii
1259 1113 1380 1164 dixit,
1409 1114 1484 1153 vix
1510 1115 1591 1154 hoc
1617 1115 1786 1154 locutus

221 1190 355 1229 fuisse
389 1190 625 1229 videatur.’'
659 1189 837 1238 Egregie
868 1188 1125 1238 Wielingius
1156 1189 1467 1238 trisyllabo
1493 1200 1568 1239 pro
1596 1189 1786 1238 trisyl-

221 1266 308 1305 lab
321 1277 348 1304 11
362 1276 419 1304 111.
464 1265 659 1304 Primum
692 1265 808 1304 enim
839 1265 1063 1313 trisyllabo
1090 1264 1235 1313 perii
1267 1265 1509 1304 Aeschinus
1544 1276 1647 1304 usus
1679 1266 1783 1315 erat,

222 1352 335 1380 nunc
366 1352 518 1380 vocem
550 1340 822 1389 trisyllabam
854 1340 978 1380 edere
1009 1340 1098 1379 iam
1129 1350 1214 1379 non
1243 1341 1398 1389 potest.

283 1418 351 1457 26.
395 1418 583 1456 Nonne
626 1418 762 1456 haec
794 1417 947 1455 iusta
978 1417 1085 1456 tibi
1117 1417 1385 1456 videntur
1415 1419 1637 1466 postea]
1676 1418 1785 1467 „Sci-

187 1532 189 1534 ,
222 1493 323 1532 licet
354 1493 429 1532 illa
461 1503 569 1541 quae
602 1493 768 1531 amicus
801 1493 902 1531 tuus
935 1492 1104 1531 dixerat
1135 1492 1253 1541 prius
1285 1502 1415 1540 quarn
1442 1493 1548 1532 haec
1574 1493 1786 1533 audires.”

221 1568 424 1608 Deleatur
471 1579 622 1616 quae.
672 1569 780 1607 Tota
827 1568 1047 1607 annotatio
1088 1578 1339 1617 perversam
1371 1568 1562 1607 continet
1591 1570 1788 1608 vocabuli

220 1645 422 1694 postea
463 1644 808 1693 explicationem.
842 1644 1014 1683 Etenim
1045 1644 1244 1693 postea
1270 1643 1351 1693 hic,
1380 1645 1429 1683 ut
1455 1654 1582 1694 saepe
1609 1645 1785 1695 hodie,

222 1720 538 1760 stomachantis
570 1721 637 1759 est
668 1721 712 1759 et
744 1730 843 1759 cum
875 1720 1061 1768 quadam
1093 1719 1326 1758 acerbitate
1357 1719 1584 1768 loquentis.

282 1796 351 1835 32.
401 1795 630 1845 Quicum
677 1795 780 1834 illa
826 1795 1152 1841 consuevit]
1205 1795 1387 1844 „legitur
1434 1796 1476 1834 et
1518 1795 1700 1846 illam,
1745 1797 1788 1835 et

222 1871 421 1910 dicebant
461 1873 631 1911 veteres
664 1872 804 1911 hanc
835 1882 948 1910 rem
981 1871 1325 1911 consuevit.’'
1359 1872 1492 1920 Lege:
1530 1871 1712 1921 „legitur
1744 1874 1786 1912 et

223 1946 316 1995 qui
349 1946 551 1987 illam.”

283 2023 351 2061 51.
506 2023 555 2061 In
587 2033 671 2071 qua
703 2022 879 2062 civitate
911 2023 1087 2062 tandem
1119 2023 1162 2061 te
1195 2022 1402 2062 arbitrare
1433 2023 1610 2063 vivere?

223 2098 364 2138 Verba
410 2099 516 2138 haec
561 2100 663 2137 sunt
709 2098 914 2148 Micionis,
964 2099 1080 2138 senis
1126 2099 1339 2137 lenissimi
1385 2099 1437 2138 ad
1479 2098 1617 2138 filium
1664 2100 1786 2148 adop-

224 2174 376 2214 tivum.
411 2174 531 2213 Sch.:
566 2175 619 2212 in
651 2184 754 2222 qua
786 2173 1052 2220 civitate]
1091 2174 1214 2223 „vide
1247 2185 1397 2213 omnes
1423 2175 1663 2214 sententias
1688 2175 1787 2224 poni

224 2251 515 2289 accusatorias
553 2251 596 2289 et
626 2249 734 2289 nihil
765 2249 938 2288 amoris.
973 2249 1052 2288 Isti
1083 2250 1185 2288 sunt
1216 2249 1460 2288 orationum
1493 2250 1654 2290 colores
1686 2251 1786 2290 diffi-

225 2325 395 2364 cillimi:
429 2326 504 2365 sed
537 2325 772 2364 elaboravit
804 2324 1029 2364 Terentius
1061 2325 1287 2365 Micionem
1318 2325 1457 2364 facere
1489 2325 1643 2365 leniter
1669 2337 1787 2366 accu-

225 2402 395 2440 santem
438 2403 482 2440 et
512 2401 711 2440 inducere
742 2401 950 2440 Demeam
983 2400 1212 2439 durissime
1243 2401 1578 2440 blandientem.”
1611 2402 1788 2451 Egregie

225 2476 481 2524 Wielingius
513 2487 588 2525 pro
619 2476 764 2514 nihil
802 2476 1010 2515 amoris
1042 2476 1232 2525 reposuit
1263 2476 1424 2515 nimii
1457 2477 1678 2527 amoris,
1713 2478 1788 2517 sed

225 2554 447 2600 praeterea
502 2562 577 2600 pro
633 2551 984 2590 difficillimi
1033 2551 1200 2599 requiro
1248 2551 1655 2603 dissimillimi,
1706 2535 1807 2602 qua·

225 2637 330 2666 voce
377 2638 483 2676 opus
531 2628 600 2666 hic
645 2638 740 2667 esse
790 2628 855 2666 vel
902 2638 987 2666 una
1032 2627 1242 2676 particula
1283 2628 1388 2677 sed,
1433 2639 1541 2676 quae
1582 2629 1786 2678 sequitur,

227 2703 518 2741 demonstrat:
556 2704 684 2752 „sunt
714 2702 936 2750 quidem
968 2702 1130 2742 colores
1162 2702 1424 2742 accusatoris
1451 2705 1494 2742 et
1519 2704 1628 2743 lenis
1654 2704 1789 2752 patris

228 2777 520 2827 dissimillimi,
564 2778 639 2817 sed
681 2778 761 2817 hoc
801 2778 943 2827 ipsum
981 2778 1117 2818 voluit
1148 2779 1384 2818 Terentius.
1419 2779 1790 2828 Quemadmodum

229 2853 344 2892 enim
386 2853 594 2895 Demeam
635 2863 740 2892 mox
782 2853 1000 2892 duriter
1035 2853 1422 2900 blandientem
1453 2855 1593 2901 faciet,
1627 2854 1690 2893 sic
1721 2855 1789 2895 hic

230 2928 456 2968 Micionem
503 2929 665 2968 inducit
711 2929 922 2968 leniter
965 2922 1369 2968 accusa‘ntem.”
1414 2929 1530 2978 Quod
1572 2931 1615 2968 in
1657 2931 1790 2969 altero
