2034 3334
1051 343 1106 386 30

322 469 467 512 minus
507 467 730 512 ferendum
774 468 917 511 visum
950 480 1054 512 esse
1077 481 1208 525 quam
1242 469 1562 513 substantivum
1595 483 1833 515 acervos

321 545 383 588 sic
415 546 508 588 sine
540 544 627 588 ullo
660 544 869 587 adiectivo
902 544 969 587 vel
999 545 1191 601 genitivo
1223 545 1276 588 ad
1307 559 1483 602 magnas
1511 546 1682 590 divitias
1699 548 1832 604 signi-

319 621 509 664 ficandas
556 622 757 678 positum,
801 620 885 664 Sed
927 634 978 664 eo
1021 621 1125 664 vitio
1159 622 1349 666 notando
1381 636 1468 666 non
1501 625 1832 680 grammaticum

321 698 508 755 aliquem
551 698 618 740 vel
660 697 883 741 librarium
917 698 1169 755 perstrinxit
1202 699 1724 765 sfflfloratim,
1757 702 1835 759 qui

321 775 445 818 metri
486 773 738 818 difficultate
779 774 832 818 ad
866 775 1022 817 incitas
1054 774 1254 818 redactus
1286 777 1525 820 sententiae
1555 777 1644 821 vim
1674 777 1834 822 fecerit.

320 851 563 896 Dicendum
606 855 708 907 erat,
752 855 801 895 ut
834 851 997 908 opinor,
1028 852 1355 905 thesauros,
1388 857 1517 910 atque
1548 854 1656 898 illud
1687 856 1831 912 ipsum

319 929 365 972 in
397 933 540 972 mente
570 928 753 972 habebat
784 927 1003 972 Horatius.
1036 927 1135 971 Non
1168 930 1283 973 enim
1317 930 1473 973 melius
1505 932 1650 974 animo
1682 935 1832 976 nostro

320 1010 640 1063 repraesentare
685 1018 919 1062 possumus
969 1007 1110 1050 virum
1153 1007 1403 1063 sapientem,
1447 1020 1528 1051 suo
1569 1012 1833 1066 contentum,

321 1083 568 1126 divitiarum
612 1086 961 1139 contemptorem,
1005 1096 1137 1139 quam
1171 1084 1208 1126 si
1240 1096 1340 1126 eum
1372 1083 1592 1141 fingimus,
1623 1085 1725 1130 dum
1758 1085 1834 1130 ali-

321 1159 422 1203 cubi
454 1160 683 1203 thesaurus
715 1159 925 1215 effoditur,
958 1161 1085 1204 cuius
1119 1173 1242 1204 suam
1276 1161 1359 1204 sibi
1390 1166 1556 1218 partem
1582 1164 1678 1207 iure
1695 1163 1835 1207 vindi-

205 1238 207 1245 ’
321 1250 417 1280 care
458 1241 635 1294 poterat,
676 1240 1019 1294 praetereuntem
1061 1250 1205 1294 neque
1247 1239 1558 1294 respicientem.
1592 1239 1676 1284 Sed
1707 1253 1833 1284 voca-

320 1313 471 1356 bulum
505 1314 631 1357 unice
662 1313 766 1356 huic
790 1314 968 1370 imagini
995 1318 1143 1370 aptum
1171 1327 1323 1358 versus
1350 1316 1600 1372 respuebat3
1628 1317 1712 1360 alio
1728 1330 1830 1374 ergo

286 1394 550 1453 ,contentus
590 1403 685 1434 esse
716 1390 896 1434 debebat
926 1394 1050 1447 poeta
1083 1396 1126 1435 et
1156 1404 1257 1448 prae
1290 1393 1483 1437 numeris
1515 1398 1655 1438 cetera
1685 1395 1831 1439 omnia

279 1456 283 1469 ¹
313 1459 601 1512 ‘contemnens
641 1467 920 1525 pulcherrimi
968 1469 1209 1513 ornamenti
1249 1468 1350 1512 fecit
1380 1471 1601 1514 iacturam.
1635 1470 1759 1523 Quod
1792 1472 1830 1516 si

320 1546 418 1603 quis
464 1547 597 1589 nimia
642 1544 812 1589 Horatii
853 1546 1135 1589 admiratione
1182 1546 1341 1589 ductus
1387 1547 1639 1592 incredibile
1682 1553 1724 1592 et
1753 1549 1829 1592 illo

319 1622 548 1679 indignum
589 1626 723 1679 putat,
766 1623 967 1679 inspiciat
997 1623 1103 1665 mihi
1134 1622 1266 1666 alium
1299 1624 1456 1676 locum,
1488 1624 1563 1667 ubi
1595 1625 1684 1668 fere
1714 1625 1827 1669 idem

321 1700 361 1742 ei
393 1699 600 1742 accidisse
627 1699 808 1742 videtur.

379 1775 412 1830 I,
445 1777 482 1817 2.
515 1774 706 1818 Summis
739 1774 858 1818 effert
888 1775 1091 1818 laudibus
1122 1776 1374 1832 Augustum
1406 1780 1552 1832 poeta:
1587 1791 1673 1821 non
1702 1779 1829 1822 homo

319 1853 392 1896 ille
440 1853 479 1896 ei
525 1852 696 1895 videtur
739 1852 815 1895 sed
847 1853 976 1903 deus;
1024 1852 1286 1896 Mercurium
1319 1854 1371 1896 de
1406 1854 1524 1897 coelo
1557 1855 1829 1899 descendisse

319 1930 453 1973 credit
485 1931 562 1986 qui
593 1931 655 1973 rei
686 1929 906 1972 Romanae
939 1930 1182 1986 prospiciat.
1211 1929 1343 1972 Hunc
1371 1943 1471 1987 ergo
1489 1932 1551 1974 sic
1568 1932 1826 1989 alloquitur:

619 2039 750 2083 Serus
780 2040 826 2082 in
857 2039 1024 2082 coelum
1058 2040 1220 2095 redeas,
1251 2040 1415 2096 diuque

617 2116 774 2159 Laetus
805 2117 978 2159 intersis
1009 2117 1170 2172 populo
1202 2115 1384 2173 Quirini,

617 2193 736 2237 Neve
767 2197 809 2237 te
840 2195 998 2237 nostris
1030 2195 1147 2237 vitiis
1179 2196 1380 2251 iniquum

800 2270 928 2313 Ocior
958 2284 1065 2313 aura

616 2347 775 2399 Tollat3
809 2348 879 2390 hic
910 2361 1092 2404 magnos
1123 2350 1269 2405 potius
1301 2350 1557 2407 triumphos,

617 2425 702 2468 Hic
733 2438 850 2468 ames
883 2426 968 2468 dici
999 2429 1118 2482 pater
1148 2429 1278 2482 atque
1310 2428 1523 2483 princeps,

618 2502 712 2545 Neu
746 2503 863 2546 sinas
894 2501 1043 2544 Medos
1074 2503 1267 2558 equitare
1297 2503 1474 2558 inultos,

794 2578 851 2621 Te
884 2579 1005 2634 duce,
1037 2578 1201 2623 Caesar.

378 2695 750 2738 Praestantissime
798 2696 878 2738 hoc
924 2696 1085 2739 dictum
1133 2700 1208 2752 est,
1256 2701 1299 2740 et
1340 2697 1492 2740 vellem
1537 2698 1582 2739 in
1615 2696 1825 2741 vocabulo

318 2772 489 2815 tollat
535 2771 664 2814 finem
706 2772 844 2815 facere
885 2774 1094 2828 potuisset
1128 2772 1358 2816 Horatius:
1392 2774 1436 2815 in
1472 2775 1566 2829 ipsa
1597 2775 1711 2816 enim
1744 2773 1824 2818 Dei

319 2849 559 2906 praesentia
589 2849 739 2892 insunt
771 2850 939 2904 omnia;
971 2854 1194 2906 praesente
1225 2851 1304 2894 deo
1336 2852 1480 2894 omnia
1510 2850 1677 2909 florent,
1704 2865 1824 2909 prae-
