2034 3334
949 371 1031 410 175

267 500 337 539 46.
605 499 753 538 Peiore
789 508 858 537 res
889 497 982 536 loco
1013 507 1099 536 non
1129 498 1272 546 potest
1305 506 1412 546 esse,
1448 505 1579 544 quam
1611 495 1655 533 in
1687 504 1770 543 quo

1356 574 1484 618 [nunc
1515 571 1601 610 sita
1633 571 1711 609 est.

415 650 611 689 Primum
642 649 836 688 indotata
867 650 946 687 est.

209 727 404 766 Sostrata
435 726 486 764 de
517 724 606 764 filia
635 725 790 764 vitiata
821 725 926 763 haec
958 724 1242 772 conqueritur.
1271 723 1336 762 Ad
1363 734 1389 772 p
1401 734 1422 762 r
1434 723 1447 761 i
1459 733 1503 761 m
1516 734 1544 761 u
1555 733 1601 761 m
1628 723 1682 761 in
1694 722 1720 761 d
1731 732 1771 761 o-

208 803 227 840 t
239 803 293 841 at
305 811 329 840 a
362 811 384 840 e
396 811 418 840 s
429 802 447 839 t
479 801 732 839 annotatur:
770 800 904 849 „ratio
937 799 1129 838 subiecta
1156 801 1223 838 est
1250 799 1447 838 causae.’'
1475 798 1591 837 Nihil
1618 798 1773 837 horum

209 877 401 927 intelligo
415 889 423 926 ;
443 888 498 916 an
514 887 589 926 pro
613 887 634 916 c
646 887 671 915 a
682 887 710 915 u
722 886 744 915 s
756 887 781 915 a
793 887 815 915 e
837 876 1066 925 legendum
1083 877 1150 915 est
1172 886 1198 924 q
1209 887 1237 915 u
1250 874 1271 914 e
1284 887 1304 914 r
1317 876 1364 915 el
1376 886 1402 914 a
1414 886 1435 914 e
1452 875 1521 914 vel
1538 875 1624 915 tale
1642 875 1741 923 quid
1753 876 1773 914 ‘?

268 994 343 1044 III,
363 995 402 1044 3,
423 995 462 1034 8.
480 994 562 1033 Hic
579 994 754 1032 omnino
772 993 1024 1042 inspiciatur
1035 993 1324 1032 Westerhovii
1343 993 1484 1043 editio,
1505 993 1577 1041 qui
1593 992 1774 1032 feliciter

203 1070 476 1110 'emendando
521 1070 776 1118 prudentem
817 1069 928 1107 hanc
969 1068 1161 1108 restituit
1202 1069 1570 1108 observationem:
1617 1069 1774 1118 „ordo

210 1148 278 1186 est
307 1146 527 1196 nobilium,
561 1156 696 1194 grex
729 1145 1008 1184 obscurorum
1032 1145 1309 1203 „hominumss’

270 1223 339 1261 40.
382 1221 535 1260 Nihil
576 1221 687 1260 nisi
729 1220 1020 1269 sapientia
1057 1222 1157 1266 est]
1195 1220 1398 1270 „ridicule
1428 1220 1547 1269 prius
1579 1220 1771 1259 additum

210 1298 354 1336 nihil
411 1307 541 1345 quam
598 1297 827 1345 quicquam
883 1296 1022 1335 laudis
1068 1296 1285 1335 nomine.’'
1332 1296 1414 1334 Hic
1459 1296 1626 1345 haereo,
1677 1306 1775 1334 cum

209 1365 464 1422 praesertim
511 1384 596 1413 non
643 1373 769 1412 liceat
817 1375 990 1422 iungere
1032 1372 1373 1421 priusquam.
1419 1372 1618 1420 Sequitur
1659 1372 1776 1411 enim

212 1449 425 1489 deinde.

271 1525 340 1564 42.
385 1525 629 1571 Sineres]
678 1524 755 1574 „ab
798 1525 1052 1573 argumento
1093 1524 1262 1562 fabulae
1299 1523 1455 1572 repetit
1486 1523 1774 1562 sinerem.’'

211 1601 305 1640 Non
337 1600 541 1649 intelligo.
571 1601 639 1639 An
665 1600 774 1639 forte
802 1600 907 1639 haec
934 1601 1001 1639 est
1026 1599 1264 1638 sententia:
1297 1598 1503 1648 „verbum
1530 1599 1776 1638 sinerem

192 1676 491 1725 desumptum
548 1686 603 1714 ex
659 1675 781 1715 initio
838 1675 1008 1715 fabulae
1065 1677 1142 1721 (vs.
1195 1675 1304 1724 108),
1353 1675 1425 1713 ubi
1472 1676 1777 1723 argumentum

214 1752 469 1801 exponitur”
482 1753 503 1791 ‘?

275 1829 343 1866 50.
385 1827 601 1867 Vitiosum
638 1828 691 1866 ad
722 1828 836 1866 hunc
866 1837 1043 1866 versum
1075 1826 1268 1866 scholion
1298 1837 1451 1866 sanare
1482 1837 1568 1866 non
1599 1827 1779 1876 contigit

214 1903 526 1953 Westerhovio‚
561 1903 644 1942 nisi
677 1904 787 1951 quod
814 1903 858 1942 in
887 1903 1049 1942 verbis:
1082 1889 1321 1951 „adoriri
1349 1903 1416 1941 est
1442 1902 1564 1950 quasi
1591 1903 1778 1951 aliquem

216 1980 316 2019 oriri
348 1979 389 2017 id
422 1980 488 2018 est
522 1980 780 2027 exsurgere”
813 1979 1056 2018 rectissime
1088 1978 1285 2027 probavit
1317 1978 1534 2027 egregiam
1560 1978 1779 2026 Wielingii

216 2055 562 2094 emendationem
595 2054 656 2093 ad
689 2054 935 2102 aliquem
966 2064 1041 2102 pro
1075 2053 1333 2102 aliquem.

277 2131 345 2170 55.
389 2130 643 2169 Lacrimo
681 2129 896 2178 gaudio]
935 2130 1076 2178 „recte
1108 2129 1302 2168 additum
1335 2130 1402 2168 est
1432 2130 1645 2179 gaudio,
1680 2129 1780 2177 quia

215 2205 420 2245 lacrimae
452 2206 592 2244 solum
625 2215 866 2244 moerorem
898 2203 1184 2254 significant.”
1217 2204 1472 2253 Wielingius
1498 2215 1573 2253 pro
1601 2205 1778 2244 solum

216 2281 321 2330 legit
362 2282 530 2320 solae.
574 2281 772 2319 Praestat
815 2282 862 2319 ut
903 2280 1051 2329 opinor
1091 2290 1166 2329 pro
1207 2281 1479 2319 lacrimae
1523 2302 1573 2307 -—
1613 2281 1778 2329 signi-

217 2356 400 2395 ficant
429 2356 592 2404 legere:
626 2356 1002 2395 lacrimare...
1037 2355 1352 2404 significat.

279 2432 348 2470 84.
381 2431 558 2480 Egregie
591 2431 783 2470 scholion
815 2431 868 2470 ad
899 2431 1013 2470 hunc
1043 2441 1219 2469 versum
1252 2430 1438 2470 correxit
1454 2431 1781 2470 Westerhovius

219 2516 317 2555 pro:
375 2506 506 2555 „bene
559 2507 706 2545 autem
753 2506 920 2545 dubitat
967 2507 1010 2545 et
1055 2506 1268 2549 familiam
1314 2507 1506 2545 inveniat
1553 2506 1692 2546 civem
1739 2509 1782 2546 et

220 2581 409 2620 multum
451 2581 606 2620 absens
648 2591 673 2620 a
715 2582 945 2630 conspectu
987 2581 1175 2620 civium''
1212 2581 1414 2630 legendo:
1452 2582 1583 2631 „bene
1616 2583 1782 2621 dubitat

221 2667 277 2696 an
317 2656 577 2695 familiarem
620 2657 812 2696 inveniat
853 2657 1006 2706 civem,
1050 2657 1141 2706 ipse
1187 2656 1376 2696 multum
1423 2657 1579 2696 absens
1621 2668 1646 2696 a
1687 2668 1780 2696 con-

222 2734 372 2781 spectu
405 2732 608 2771 civium.’'

282 2849 357 2899 111,
402 2850 440 2899 4,
481 2850 524 2901 8.v
568 2879 584 2898 „
595 2848 812 2898 Quomodo
849 2849 1092 2899 accipimus
1115 2849 1144 2887 h
1157 2859 1220 2888 au
1232 2849 1257 2888 d
1290 2849 1372 2889 sic
1403 2861 1428 2889 a
1439 2861 1467 2889 u
1479 2850 1528 2889 fe
1541 2861 1561 2889 r
1573 2861 1595 2889 e
1607 2861 1636 2888 n
1647 2851 1697 2890 t?
1727 2861 1782 2890 an

223 2923 387 2968 factum
409 2935 538 2963 suum
557 2925 751 2964 auferent
768 2925 852 2975 sic;
871 2936 925 2964 an
953 2925 1000 2963 si
1028 2925 1291 2966 correxerint
1308 2926 1490 2976 culpam,
1510 2937 1595 2965 non
1611 2926 1782 2966 silentio
