2034 3334
999 421 1054 460 28

235 536 486 581 Ἠθικώτατα
538 542 610 583 ille
661 545 888 585 vocativus
939 545 1210 586 Parmeno
1251 547 1508 588 interiicitur
1548 548 1601 588 ab
1642 556 1694 589 eo
1733 548 1807 600 qui

240 618 321 657 sibi
353 619 571 668 egregiam
602 621 820 669 quandam
851 622 1112 672 sapientiam
1142 623 1331 672 proferre
1361 623 1571 664 videatur.

299 705 363 734 vs.
397 695 615 736 335—42.
649 697 827 747 Ineptus
852 698 924 738 ille
954 709 1090 739 senex
1116 699 1205 739 iam
1231 709 1287 739 ex
1311 699 1459 760 longi}
1459 710 1543 759 quo
1568 699 1806 742 Chaeream

239 772 487 822 retinuerat,
531 773 683 813 deinde
724 784 833 824 quae
869 774 1049 815 dicenda
1079 776 1204 829 erant
1234 785 1365 825 quam
1383 776 1605 831 ,maximis
1635 775 1806 818 dixerat

239 847 506 897 ambagibus.
549 849 731 889 Balbam
772 850 866 890 eius
905 850 1214 900 loquacitatem
1255 851 1394 901 lepide
1434 850 1624 893 Chaerea
1649 852 1803 902 rerem

242 924 444 973 „tandem
476 925 609 965 abeo”
642 925 783 975 inquit

764 1012 895 1052 quom
926 1003 1011 1043 huc
1040 1003 1222 1053 respicio
1253 1003 1307 1043 ad
1337 1003 1564 1054 virginem,

476 1076 557 1116 Illa
586 1087 684 1117 sese
715 1078 882 1118 interea
912 1079 1189 1118 commodum
1220 1079 1305 1119 huc
1335 1079 1584 1120 advorterat
1638 1071 1643 1076 ’

476 1153 527 1192 In
557 1153 670 1193 hanc
699 1155 896 1194 nostram
926 1155 1130 1204 plateam.

237 1227 319 1267 Hic
350 1238 517 1278 quoque
548 1229 593 1269 in
623 1230 767 1270 verbis
803 1230 1027 1271 interea
1063 1233 1407 1272 commodum
1444 1230 1806 1282 deprehendimus

237 1303 481 1344 ubertatem
522 1306 643 1345 illam
684 1307 915 1346 verborum
957 1307 1125 1347 intimis
1156 1308 1318 1348 mentis
1351 1308 1682 1357 cogitationibus
1711 1318 1804 1359 pro·

236 1381 423 1421 ferendis
455 1382 743 1433 aptissimam,
778 1383 829 1422 de
861 1393 946 1432 qua
980 1383 1064 1423 alio
1095 1384 1188 1424 loco
1218 1385 1358 1424 fusius
1389 1393 1543 1432 sumus
1574 1384 1742 1425 dicun-i.

295 1458 520 1509 Parmeno,
570 1459 621 1498 de
667 1459 848 1508 virginis
895 1470 922 1499 a
967 1459 1157 1500 Chaerea
1197 1462 1290 1501 tam
1331 1460 1532 1501 laudatae
1572 1460 1803 1501 comitibus

237 1534 413 1573 edoctus
445 1535 489 1574 et
520 1545 604 1583 qua
634 1535 706 1574 via
737 1535 866 1575 ierint
897 1536 1080 1585 cognito,
1114 1546 1220 1576 mox
1250 1536 1372 1576 illam
1403 1536 1545 1586 ipsam
1576 1545 1674 1576 esse
1704 1545 1803 1577 eam

236 1610 440 1659 intelligit
481 1621 590 1659 quae
631 1611 758 1650 modo
801 1621 826 1650 a
862 1611 1087 1651 Gnathone
1118 1612 1272 1651 militis
1302 1612 1478 1652 nomine
1509 1612 1563 1652 ad
1593 1611 1803 1653 Thaidem

235 1687 294 1725 sit
324 1686 580 1726 introducta.
614 1686 814 1735 Sequitur
845 1687 964 1727 locus
990 1688 1406 1739 praestantissimus,
1434 1687 1507 1736 qui
1533 1687 1688 1727 ceteris
1713 1698 1801 1728 om·
1832 1649 1853 1814 ὃ

235 1761 361 1800 nibus
392 1761 550 1801 melius
581 1760 732 1801 doeeat
762 1764 949 1811 quantus
980 1764 1039 1802 sit
1069 1763 1227 1803 artifex
1257 1765 1385 1813 poeta
1414 1765 1573 1818 noster:
1606 1763 1802 1804 Profecto

236 1838 457 1887 egregium
490 1838 559 1878 hic
590 1838 720 1878 habet
751 1839 1001 1888 exemplum
1034 1840 1106 1888 qui
1137 1839 1325 1879 Terentii
1357 1840 1453 1879 vult
1482 1839 1658 1880 laudare
1683 1849 1801 1880 oeco-

236 1915 452 1963 nomiam;
486 1914 687 1964 Terentii,
722 1915 801 1965 ai0,
836 1926 939 1955 nam
971 1925 1056 1955 non
1089 1916 1213 1955 credo
1245 1916 1352 1956 haec
1382 1916 1530 1956 omnia
1559 1916 1624 1956 sic
1648 1916 1694 1956 in
1718 1916 1800 1956 Me-

235 1991 387 2030 nandri
413 1991 558 2031 fabula
583 1991 730 2041 fuisse,
761 1993 804 2031 et
831 2002 905 2031 cur
931 2002 1017 2031 non
1043 1992 1215 2031 credam
1232 1992 1421 2031 breviter
1437 1992 1591 2031 dicam.
1610 1992 1803 2033 Annotat

109 2076 222 2123 amsi·
236 2047 499 2107 Scholiasta:
548 2068 671 2118 „vide
708 2078 838 2117 quam
870 2068 1060 2108 molliter
1091 2070 1136 2108 et
1166 2069 1260 2108 sine
1292 2068 1514 2108 intellectu
1545 2068 1802 2118 spectatoris

236 2144 288 2183 ad
321 2145 566 2193 argumenti
593 2145 777 2193 spectati
803 2145 998 2184 ordinem
1024 2137 1152 2194 poeta
1178 2145 1413 2194 perveniat,
1443 2146 1493 2184 ut
1519 2144 1571 2184 de
1596 2130 1801 2184 Eunucho

0 2265 4 2284 ,
235 2220 350 2258 facta
391 2220 612 2259 mentione
654 2220 882 2260 consilium
924 2222 1129 2260 nascatur
1160 2221 1426 2270 supponendi
1458 2219 1716 2260 Chaereae.'’
1746 2220 1802 2260 Et
1877 2216 1879 2218 ’

0 2269 197 2316 “Am
235 2296 439 2343 permulti
481 2297 583 2335 sunt
625 2297 731 2345 loci,·
763 2297 834 2335 ubi
876 2297 939 2335 sic
981 2296 1226 2336 Scholiasta
1253 2298 1477 2346 poetam
1507 2295 1578 2335 vel
1609 2295 1799 2336 Teren-

0 2349 188 2387 M‘*
235 2371 375 2409 tium
406 2371 576 2419 laudat;
609 2382 694 2411 non
726 2372 806 2411 hoc
836 2372 1008 2422 faceret,
1042 2372 1081 2411 si
1107 2372 1203 2411 illos
1229 2372 1358 2422 locos,
1386 2372 1566 2411 verbum
1593 2371 1645 2411 de
1668 2371 1800 2413 verbo

0 2412 502 2495 anxpressum,
548 2458 570 2486 e
612 2448 841 2487 Menandro
884 2448 966 2494 (vel
1004 2448 1272 2497 Apollodoro)
1305 2447 1540 2487 translatos
1571 2447 1724 2496 sciret;
1755 2448 1802 2487 et

236 2532 366 2569 quam
414 2524 611 2562 accurate
658 2523 728 2562 ille
776 2523 938 2563 Graeca
984 2523 1173 2563 Terentii
1219 2523 1419 2572 exempla
1459 2525 1562 2562 nota
1602 2522 1801 2562 habuerit

236 2598 387 2644 quavis
419 2599 575 2646 pagina
607 2601 795 2647 apparet.
829 2585 934 2638 Non*
955 2601 1047 2638 tam
1079 2599 1251 2648 ineptus
1283 2600 1351 2638 est
1382 2598 1624 2637 Scholiasta
1648 2599 1698 2638 ut
1723 2597 1797 2637 Te·

235 2673 423 2710 rentium
451 2673 687 2712 admiretur
713 2676 885 2722 propter
913 2674 1102 2723 aliquam
1130 2684 1223 2713 rem
1250 2684 1275 2713 a
1295 2675 1423 2723 poeta
1438 2673 1599 2712 Graeco
1615 2674 1798 2712 venuste

180 2792 182 2794 ,
236 2748 470 2786 inventam.
506 2749 646 2787 Immo
679 2751 878 2789 omnibus
911 2751 995 2789 illis
1026 2751 1132 2790 locis
1164 2750 1405 2790 Scholiasta
1429 2750 1621 2799 legentes
1647 2750 1797 2788 docere

235 2823 403 2861 videtur
435 2824 653 2862 Menandri
687 2826 767 2870 (vel
801 2826 1058 2874 Apollodori)
1092 2826 1261 2875 aliquod
1289 2824 1519 2865 artificium
1547 2835 1573 2864 a
1598 2823 1796 2863 Terentio

236 2898 296 2935 ita
323 2909 417 2936 esse
445 2901 676 2947 mutatum,
707 2903 977 2949 exornatum,
1008 2900 1319 2950 amplificatum
1345 2902 1395 2940 ut
1414 2900 1633 2949 proprium
1660 2900 1795 2948 ipsius

235 2971 368 3011 fieret.
414 2974 494 3012 Sed
537 2975 586 3013 de
632 2978 720 3013 toto
754 2976 833 3015 hoc
865 2979 1119 3025 argumento
1151 2977 1252 3015 alibi
1283 2975 1526 3016 accuratius
1557 2975 1793 3025 disputabo,

0 2196 195 2234 mvn-im*-
