2034 3334
1051 254 1110 299 46

279 379 390 437 quod
432 391 607 422 exorsus
649 380 740 420 erat
780 376 1054 434 Lampetides
1095 376 1341 420 miserabile
1383 380 1516 421 esset:
1560 374 1670 420 illud
1701 389 1804 435 ergo
1834 376 1876 420 ei

278 464 353 507 pro
395 447 593 506 singultu
634 451 678 490 et
718 446 1025 491 lamentatione
1069 461 1160 491 esse
1202 451 1383 504 poterat,
1415 447 1559 505 Igitur
1589 461 1639 491 eo
1669 445 1875 498 artifieio,

279 519 392 577 quod
422 521 467 562 in
498 518 915 574 Metamorphosesin
949 523 1037 561 tam
1069 531 1192 574 saepe
1225 518 1489 570 observatur,
1522 516 1705 562 Ovidius
1735 517 1878 561 utitur

279 597 329 634 ut
371 605 450 633 non
495 591 639 633 omnia
680 603 787 646 quae
827 595 951 647 gesta
993 593 1095 631 sunt
1136 590 1248 632 sicut
1289 594 1411 646 gesta
1443 592 1544 632 sunt
1574 587 1722 632 ordine
1753 586 1877 632 velut

279 665 524 712 enumeret,
557 660 630 704 sed
660 660 879 703 interdum
910 661 1165 703 narrationis
1194 674 1371 703 cursum
1402 661 1692 716 interrumpat
1721 657 1775 702 ad
1800 656 1878 701 ali-

279 747 410 790 quam
450 746 565 783 rem,
610 745 740 789 quam
779 745 879 774 cum
910 733 1099 774 maxime
1131 732 1239 774 scire
1269 730 1462 789 legentes
1492 733 1682 787 oportet,
1714 730 1778 773 ita
1806 727 1877 772 ad·

279 802 460 846 dendam
501 803 623 859 quasi
665 815 759 845 eam
790 803 832 844 in
868 801 1216 858 praecedentibus
1247 814 1417 845 narrare
1447 800 1701 858 neglexerit.
1733 798 1877 843 Possis

280 888 383 932 ergo
424 873 554 916 verba
594 874 725 916 citata
763 874 823 916 sic
854 874 900 915 in
930 872 1157 931 vulgarem
1190 872 1417 916 transferre
1439 883 1712 916 sermonem:
1748 868 1878 923 „Oar-

280 960 380 989 men
421 949 592 996 autem,
635 943 747 1001 quod
790 958 992 987 exorsum
1033 958 1124 987 esse
1166 943 1466 1001 Lampetidem
1496 942 1624 986 modo
1656 941 1874 994 dicebam,

280 1017 389 1060 forte
421 1014 664 1059 miserabile
690 1016 824 1058 erat”.
857 1014 942 1059 Sed
967 1029 1109 1058 meam
1135 1014 1218 1059 loci
1244 1015 1642 1072 interpretationem
1667 1010 1878 1070 exemplis

280 1087 526 1131 confirmare
556 1087 749 1130 conabor.

342 1158 376 1211 Ι,
412 1157 499 1202 587
517 1171 606 1214 sqq.

458 1228 633 1271 Viderat
664 1241 689 1271 a
720 1229 858 1284 patrio
890 1227 1139 1272 redeuntem
1170 1228 1366 1286 Iuppiter
1394 1227 1521 1271 illam

463 1299 662 1342 Flumine
693 1303 736 1343 et
768 1314 822 1350 „o
855 1300 977 1356 virgo
1009 1298 1111 1343 Iove
1143 1299 1274 1357 digna
1303 1303 1463 1356 tuoque
1494 1299 1670 1342 beatum

463 1371 614 1414 Nescio
647 1384 775 1427 quem
807 1371 972 1414 factura
1004 1375 1119 1421 toro,
1152 1370 1278 1427 pete''
1312 1371 1479 1414 dixerat
1511 1369 1715 1421 „umbras

463 1442 664 1485 Altorum
691 1441 962 1493 nemorum'’‚
989 1447 1033 1485 et
1057 1456 1283 1485 nemorum
1312 1443 1627 1485 monstraverat
1652 1439 1839 1483 umbras.

345 1512 432 1555 596
467 1512 558 1564 „Ne
589 1513 692 1570 fuge
723 1513 838 1564 me'’‚
872 1513 1067 1570 fugiebat
1098 1515 1228 1556 enim.

282 1582 520 1626 Verborum
562 1585 678 1626 enim
719 1597 827 1639 quae
869 1588 971 1626 sunt
1013 1589 1051 1626 et
1089 1599 1288 1626 nemorum
1323 1599 1372 1627 m.
1405 1599 1446 1626 u.
1480 1587 1524 1626 et
1546 1581 1743 1640 fuqiebat
1772 1579 1876 1623 enim

283 1654 352 1697 hic
399 1668 547 1697 sensus
593 1658 680 1697 est:
727 1668 888 1711 „paene
930 1654 1091 1698 oblitus
1132 1669 1251 1698 eram
1291 1668 1461 1698 narrare
1504 1668 1553 1698 eo
1594 1653 1688 1697 loco
1720 1651 1878 1696 silvam

284 1724 442 1768 fuisse”
476 1731 519 1768 et
553 1739 621 1780 ,.p.
654 1738 691 1767 o.
725 1738 762 1767 e.
797 1740 836 1768 n.
869 1725 915 1768 Io
946 1725 1154 1782 fugisse”.

344 1794 420 1846 111,
454 1794 556 1837 232.
601 1795 749 1852 Longa
791 1797 898 1839 serie
940 1803 1065 1852 poeta
1107 1798 1332 1839 Actaeonis
1364 1810 1510 1847 canes,
1544 1796 1619 1852 qui
1650 1793 1879 1838 dominum

285 1870 609 1923 persequuntur,
643 1868 885 1909 nominavit
895 1880 906 1918 ;
940 1866 1058 1909 addit
1089 1867 1215 1910 haec:

465 1936 613 1979 Prima
644 1936 960 1980 Melanchaetes
991 1939 1037 1980 in
1068 1942 1190 1994 tergo
1222 1936 1401 1980 vulnera
1432 1938 1555 1989 fecit,

467 2007 668 2050 Proxima
699 2007 1003 2060 TheridamaS,
1036 2007 1340 2064 Oresitrophus
1372 2009 1509 2051 haesit
1537 2009 1583 2050 in
1613 2019 1746 2050 armo.

466 2078 645 2121 Tardius
679 2080 894 2130 exierant,
930 2080 1003 2123 sed
1036 2094 1111 2136 per
1142 2080 1393 2136 compendia
1423 2080 1584 2123 montis

466 2150 713 2206 Auticipata
743 2152 814 2193 via
844 2155 921 2193 est.

284 2221 313 2263 i.
337 2234 372 2263 e.
406 2225 492 2262 tres
522 2219 619 2263 illos
650 2235 772 2263 canes
803 2224 927 2264 antea
959 2235 1041 2264 non
1074 2223 1297 2265 nominavi
1328 2223 1429 2278 quia
1457 2220 1648 2264 nondum
1680 2218 1877 2263 aderant:

286 2305 411 2333 causa
443 2305 518 2334 cur
551 2298 692 2334 tamen
726 2294 856 2348 primi
887 2291 1112 2335 dominum
1144 2293 1480 2350 aggrederentur
1510 2292 1615 2335 haec
1645 2294 1736 2334 erat
1765 2287 1880 2346 quod

287 2376 322 2403 e.
358 2376 396 2417 q.
431 2376 463 2403 s.

349 2430 398 2480 V,
433 2431 520 2474 278
539 2447 626 2488 sqq.
671 2433 734 2476 De
773 2434 942 2477 insidiis
982 2435 1065 2477 sibi
1106 2449 1131 2477 a
1172 2435 1360 2492 Pyramo
1402 2435 1576 2477 structis
1613 2434 1675 2475 ita
1706 2432 1881 2474 narrant

288 2501 500 2544 Pierides:

469 2571 649 2628 Templa
680 2575 932 2629 petebamus
964 2575 1191 2619 Parnasia:
1225 2576 1337 2619 vidit
1367 2579 1516 2618 euntes

469 2643 706 2699 Nostraque
739 2644 879 2687 fallaci
913 2651 1141 2688 veneratus
1173 2648 1351 2688 numina
1382 2645 1510 2688 vultu

474 2713 825 2763 „Mnemonides”
859 2721 1063 2769 (eoqnomt
1094 2717 1216 2770 enim)
1251 2715 1526 2767 „consistite”
1560 2713 1670 2756 dixit

473 2783 587 2832 „Nec
619 2784 834 2835 dubitate,
868 2801 1027 2842 precor,
1062 2791 1173 2830 tecto
1205 2801 1338 2843 grave
1370 2786 1488 2829 sidus
1520 2789 1563 2827 et
1591 2780 1804 2826 imbrem''

471 2854 616 2903 (Imber
647 2860 750 2906 erat)
787 2858 951 2905 „vitare
982 2857 1122 2899 meo’'.

353 2922 419 2971 VI,
455 2923 540 2964 358
559 2939 617 2979 sq.
662 2926 863 2981 Agrestes
904 2926 1059 2982 Lycios
1100 2932 1143 2969 et
1185 2927 1281 2969 aliis
1322 2927 1463 2968 verbis
1495 2926 1685 2968 obsecrat
1716 2923 1878 2966 Latona

289 2998 339 3034 ut
370 2995 437 3034 sui
468 2996 723 3036 misereatur
756 3000 798 3037 et
831 2996 968 3038 hisce:
