2034 3334
969 220 1053 264 137

214 344 460 388 Absurdum
500 344 686 394 videtur,
729 358 829 386 eum
870 343 914 385 id
956 345 1106 386 aetatis
1150 341 1338 399 puellam
1379 341 1626 397 alloqueris,
1661 340 1804 382 mariti

214 416 473 458 mentionem
515 415 674 466 facere;
719 418 863 456 eontra
905 415 1178 469 aptissimum
1220 418 1283 456 est
1324 413 1436 469 quod
1469 412 1666 468 probavit-
1696 411 1805 453 Bur-

217 499 398 530 mannus
427 485 626 540 maqietri.

905 736 1039 778 LIBER
1070 735 1124 778 X.

277 859 333 902 38
487 859 608 912 Quod
639 860 676 901 si
707 858 795 900 fata
826 849 986 914 negant
1017 858 1188 900 veniam
1222 870 1297 912 pro
1329 857 1526 912 coniuge.

215 931 438 974 Rariorem
470 929 670 986 loquendi
701 931 910 972 rationem
944 930 1116 985 egregie
1147 926 1337 970 illustrat
1369 926 1444 977 XI,
1480 925 1567 968 400
1579 941 1639 982 sq.

759 999 908 1042 Thetis
939 1000 1045 1041 hano
1076 1012 1152 1054 pro
1185 999 1367 1055 coniuge
1398 997 1579 1054 supplex

486 1070 666 1126 Accepit
697 1072 882 1113 veniam.

277 1206 333 1249 50
396 1206 517 1249 Hanc
547 1206 680 1248 simul
711 1210 754 1248 et
785 1205 928 1262 legem
960 1205 1231 1260 Rhodopeius
1264 1205 1417 1260 accipit
1453 1204 1642 1258 Orpheus.

215 1277 614 1334 Languidissimum
643 1276 781 1326 istud,
816 1276 888 1318 sed
921 1275 1060 1318 solum
1093 1275 1244 1318 Ovidio
1279 1274 1460 1331 dignum
1492 1274 1604 1330 quod
1631 1276 1808 1317 coniecit

215 1348 420 1391 Heinsius
454 1349 580 1389 heros.

281 1483 367 1526 114
384 1497 472 1539 sqq.
507 1481 634 1524 Bulla
666 1495 793 1537 super
823 1481 1008 1523 frontem
1039 1482 1181 1536 parvis
1214 1484 1416 1537 argentea
1446 1480 1550 1523 loris

506 1552 658 1595 Vincta
687 1552 953 1602 movebatur,
987 1550 1196 1607 parilique
1228 1556 1364 1593 aetate
1396 1551 1588 1593 nitebant

502 1623 690 1665 Auribus
723 1636 744 1664 e
776 1623 963 1678 geminis
997 1623 1159 1664 circum
1191 1635 1304 1665 cava.
1327 1625 1518 1677 tempora
1546 1622 1687 1663 bacae.

218 1694 278 1737 Ut
309 1693 425 1737 istud
449 1693 659 1749 parilique
689 1697 819 1734 aetate
852 1695 1056 1734 tueantur
1081 1694 1165 1735 viri
1193 1692 1307 1734 docti
1333 1693 1589 1734 sententiam
1615 1690 1812 1733 incidunt

219 1770 313 1822 post
353 1769 484 1806 aetate
526 1768 568 1807 et
599 1767 831 1819 provocant
862 1763 914 1806 ad
946 1777 1111 1806 morem
1143 1763 1386 1806 Romanum
1420 1762 1558 1804 bullas
1592 1762 1719 1804 dandi
1749 1763 1810 1803 in—

220 1837 409 1879 fantibus
449 1835 574 1877 modo
616 1835 741 1876 natis.
774 1833 857 1876 Sed
889 1834 990 1889 quid
1020 1834 1138 1876 istud
1169 1837 1311 1878 nostro
1341 1833 1433 1876 loco
1466 1833 1585 1875 affert
1617 1830 1806 1875 decoris?

218 1906 279 1949 Ut
321 1910 484 1948 taceam
525 1906 702 1946 minime
744 1919 766 1946 e
807 1905 947 1947 verbis
989 1919 1101 1947 nune
1143 1918 1342 1960 apparere
1384 1904 1531 1947 eadem
1573 1918 1656 1944 eum
1679 1917 1807 1956 puero

219 1979 355 2019 aetate
381 1974 542 2017 bullam
569 1976 698 2017 istam
724 1974 869 2016 fuisse.
897 1974 952 2016 Et
978 1989 1106 2030 quam
1130 1977 1299 2031 ingrata
1315 1975 1538 2030 dispositio
1556 1974 1807 2016 verborum:

223 2048 396 2098 „vineta
442 2045 693 2087 movebatur
737 2044 945 2100 parilique
994 2043 1179 2087 aetate’'!
1236 2044 1522 2086 Balbutientis
1567 2043 1685 2085 istud
1732 2046 1806 2085 est.

222 2116 335 2159 Mihi
376 2129 451 2171 pro
494 2118 607 2157 certo
649 2117 733 2156 stat
774 2117 918 2155 totum
957 2114 1075 2155 istud
1108 2115 1318 2170 parilique
1360 2118 1487 2155 aetate
1527 2113 1625 2155 inde
1659 2116 1808 2155 natum

223 2200 311 2229 esse
345 2185 455 2241 quod
487 2184 688 2227 librarius
719 2185 1021 2239 intempestive
1052 2184 1341 2226 recordaretur
1374 2198 1523 2226 versus

507 2254 588 2297 Sed
620 2256 689 2310 pia
721 2253 872 2296 Baucis
906 2268 1010 2296 anus
1043 2254 1252 2310 parilique
1285 2258 1422 2296 aetate
1454 2253 1679 2295 Philemon

224 2341 306 2383 quo
349 2324 520 2367 nullum
564 2326 663 2367 totis
704 2324 1117 2380 Metamorphosesin
1161 2326 1370 2367 notiorem
1411 2325 1539 2366 fuisse
1572 2325 1733 2379 opinor,
1767 2328 1809 2366 et

225 2411 325 2439 eum
354 2395 532 2438 Heinsio
562 2394 817 2450 legendum:

509 2464 660 2506 Vincta
692 2464 957 2514 movebatur,
990 2463 1200 2520 parilique
1232 2478 1283 2506 ex
1315 2478 1408 2507 aere
1441 2465 1632 2506 nitebant

510 2533 702 2577 Auribus
734 2549 755 2576 e
786 2535 971 2590 geminis
1004 2548 1039 2576 e.
1059 2548 1097 2589 q.
1117 2548 1149 2576 s.

225 2607 459 2662 Argenteas
485 2606 616 2647 etiam
642 2605 764 2647 bacas
789 2604 944 2655 fuisse,
974 2605 1051 2647 hoc
1078 2604 1229 2647 addere
1262 2604 1440 2647 debebat
1466 2604 1646 2648 Ovidius
1672 2618 1808 2660 neque

224 2675 457 2732 quidquam
487 2679 577 2717 erat
609 2674 719 2730 quod
751 2673 913 2716 mallet.

288 2808 374 2851 132
392 2823 479 2865 sqq.
991 2807 1106 2860 Quae
1135 2822 1219 2850 non
1251 2808 1402 2851 solatia
1433 2809 1629 2852 Phoebus

511 2879 631 2920 Dixit
662 2879 718 2919 ad
747 2879 850 2919 laune
881 2878 1034 2920 leviter
1068 2893 1141 2934 pro
1174 2881 1434 2934 materiaque
1468 2880 1625 2937 doleret

514 2947 766 2990 Admonuit.
