2034 3334
1000 406 1082 444 235

254 525 422 564 iuvenis
454 526 574 564 illam
607 528 734 566 ducat
765 539 894 576 quam
927 539 974 567 se
1007 529 1235 575 ducturum
1268 530 1360 567 tam
1392 529 1500 568 belle
1531 529 1815 579 simulaverit,

254 610 353 639 cum
399 601 508 639 forte
554 602 726 642 fortuna
771 603 814 641 in
857 604 1040 642 eundem
1081 604 1224 642 locum
1267 603 1380 642 Crito
1417 604 1617 653 Andrius,
1652 605 1817 644 amicae

253 675 370 714 illius
412 676 531 726 civis,
575 678 706 727 venit,
750 679 822 726 qui
854 679 921 717 dei
953 689 1008 717 ex
1038 678 1241 717 machina
1272 679 1409 716 instar
1439 688 1532 717 rem
1564 679 1616 717 ad
1647 679 1817 718 felicem

251 751 456 799 perducat
497 752 679 792 exitum.
722 754 878 793 Narrat
920 755 1036 793 enim
1079 754 1264 793 amicam
1307 754 1428 792 illam
1459 764 1545 792 non
1577 764 1672 792 esse
1702 764 1816 802 pere—

251 825 420 874 grinam
453 828 527 866 sed
554 828 878 879 Atheniensem,
908 840 1045 878 neque
1071 830 1384 869 Atheniensem
1411 829 1551 867 solum
1579 829 1654 867 sed
1682 829 1817 877 ipsius

251 900 367 940 illius
399 902 579 951 virginis
611 914 816 954 sororem,
851 915 959 953 quae
992 906 1177 943 amatori
1210 905 1302 943 eius
1334 905 1470 943 invito
1498 906 1564 943 est
1591 905 1815 953 desponsa.

310 978 374 1016 En
414 978 601 1018 Andriae
644 980 924 1020 Menandreae
967 982 1272 1029 argumentum
1303 981 1612 1019 brevissimum
1644 980 1817 1028 quidem

251 1054 327 1092 sed
368 1054 412 1092 in
453 1065 536 1102 quo
578 1055 684 1093 nihil
726 1056 874 1094 tamen
912 1057 970 1094 sit
1002 1057 1214 1095 omissum
1246 1056 1356 1104 quod
1389 1056 1569 1094 alicuius
1602 1066 1698 1094 esse
1729 1066 1815 1094 mo-

250 1130 388 1168 menti
429 1130 565 1169 videri
606 1131 754 1179 possit.
798 1131 992 1170 Profecto
1031 1132 1156 1170 exilis
1189 1142 1239 1170 ea
1271 1133 1338 1170 est
1370 1131 1571 1180 narratio,
1606 1141 1727 1180 quae,
1762 1142 1816 1170 ne

251 1205 288 1243 si
320 1205 365 1243 in
396 1215 525 1244 scena
553 1206 725 1254 quidem
752 1216 882 1254 quam
909 1207 1070 1255 optime
1098 1207 1261 1256 agatur,
1292 1207 1523 1254 quidquam
1550 1206 1680 1245 habet
1706 1207 1816 1254 quod

250 1290 511 1329 magnopere
537 1282 807 1329 spectantem
835 1282 1166 1330 audientemque
1194 1281 1376 1320 delectet
1400 1282 1467 1320 vel
1484 1282 1686 1320 detineat.
1706 1282 1815 1320 Tum

251 1356 428 1394 demum
474 1356 614 1404 lepida
658 1355 708 1395 fit
754 1366 853 1395 cum
900 1357 1009 1396 alter
1050 1357 1223 1405 quidam
1266 1356 1500 1395 intervenit
1530 1357 1710 1406 iuvenis,
1745 1357 1816 1405 qui

251 1431 392 1480 ipsam
435 1431 555 1470 illam
597 1431 822 1481 virginem,
867 1442 998 1480 quam
1030 1433 1206 1481 spernat
1236 1432 1350 1480 prior
1381 1432 1464 1481 ille,
1499 1432 1815 1471 ardentissimis

204 1536 208 1539 .
252 1508 366 1546 votis
398 1507 479 1546 sibi
511 1517 693 1546 uxorem
726 1508 881 1555 cupiat.
916 1508 1042 1547 Hunc
1073 1508 1189 1547 enim
1222 1508 1325 1556 eius,
1360 1517 1489 1555 quem
1521 1507 1602 1545 sibi
1633 1498 1814 1546 rivalem

250 1584 386 1632 putat,
436 1583 712 1621 simulatione
760 1583 986 1631 deceptum
1033 1584 1145 1622 inter
1191 1593 1313 1631 spem
1355 1583 1606 1630 metumque
1638 1582 1815 1621 dubium

251 1658 515 1705 anxiumque
552 1657 803 1696 haerentem
834 1658 1012 1697 videbis.
1046 1658 1240 1697 Profecto
1274 1658 1508 1706 excogitari
1539 1658 1678 1706 potuit
1708 1658 1815 1696 nihil

249 1732 435 1772 iocosius
473 1733 669 1781 magisve
702 1733 915 1772 comicum
947 1743 1078 1781 quam
1110 1734 1173 1772 ira
1204 1733 1405 1781 dolorque
1438 1733 1615 1771 alterius
1647 1733 1814 1771 iuvenis

249 1808 447 1856 servique
480 1819 535 1847 ex
566 1809 743 1847 alterius
775 1820 861 1848 non
892 1809 1111 1848 intellecta
1142 1809 1419 1847 simulatione
1451 1809 1685 1847 nascentia.
1808 1797 1812 1801 ’

307 1884 468 1923 Deinde
499 1884 779 1923 verissimum
813 1885 879 1923 est
906 1885 1018 1933 quod
1045 1885 1246 1924 observat
1274 1884 1526 1933 Scholiasta,
1545 1886 1641 1923 'non
1659 1883 1814 1922 additis

249 1959 432 1999 Charino
463 1960 698 2008 Byrriaque
730 1960 882 2008 tragici
914 1960 1073 2008 aliquid
1099 1960 1346 1998 habituram
1372 1960 1506 1998 fuisse
1533 1959 1812 1999 comoediam.

249 2034 356 2084 Quid
388 2035 537 2074 enim?
567 2035 697 2083 Virgo
730 2035 953 2083 quaedam,
988 2035 1169 2073 honesto
1200 2035 1292 2073 loco
1325 2036 1439 2084 nata,
1474 2035 1526 2073 ab
1554 2035 1694 2083 aliquo
1722 2034 1813 2073 cive

248 2110 292 2149 in
332 2110 662 2150 matrimonium
702 2110 863 2158 petitur
893 2110 1009 2148 illius
1041 2109 1140 2159 filio,
1175 2120 1200 2148 a
1231 2111 1352 2158 patre
1384 2111 1629 2159 spondetur,
1663 2110 1814 2150 deinde

247 2188 440 2237 negatur,
499 2187 658 2225 iterum
714 2186 959 2235 spondetur,
1008 2186 1167 2225 iterum
1214 2187 1407 2236 negatur,
1459 2187 1592 2225 donec
1637 2186 1814 2224 tandem

248 2262 475 2310 aliquando
517 2262 693 2310 apparet
730 2261 851 2299 illam
882 2261 1095 2300 facessere
1126 2261 1215 2299 iam
1246 2270 1372 2309 posse
1403 2260 1560 2308 illaque
1592 2271 1698 2309 opus
1728 2271 1813 2300 non

248 2347 356 2386 esse,
400 2337 615 2385 quoniam,
659 2336 697 2374 si
734 2337 872 2374 iustas
903 2336 1076 2384 nuptias
1109 2336 1335 2374 contrahat
1366 2335 1614 2374 adolescens
1645 2336 1728 2385 ille,
1763 2337 1813 2375 de

248 2423 330 2461 quo
377 2413 529 2461 agitur,
573 2411 680 2450 nihil
721 2411 863 2450 obstet
904 2412 1134 2460 quominus
1178 2421 1276 2450 cum
1317 2410 1391 2449 illa
1427 2411 1652 2450 contrahat
1683 2421 1809 2459 quam

247 2497 348 2526 vere
379 2488 508 2536 amet,
543 2487 886 2535 quandoquidem
918 2488 961 2525 et
992 2487 1066 2525 illa
1096 2486 1276 2525 honesto
1309 2485 1401 2524 loco
1433 2487 1536 2524 nata
1561 2488 1814 2535 spretaeque

246 2562 363 2601 illius
409 2573 592 2612 sponsae
638 2573 758 2602 soror
804 2563 874 2601 sit.
923 2562 1045 2601 Nunc
1091 2562 1227 2601 altera
1272 2572 1392 2601 soror
1436 2572 1535 2611 cum
1575 2561 1729 2610 plausu
1771 2562 1814 2600 et

247 2638 534 2686 gratulatione
576 2637 799 2686 excipitur,
834 2637 969 2676 altera
1000 2637 1180 2685 innupta
1211 2638 1359 2675 manet
1391 2638 1535 2685 spreta
1567 2637 1814 2684 contempta

247 2713 406 2752 reiecta
446 2713 571 2761 idque
603 2714 832 2761 postquam
864 2712 1159 2752 crudelissime
1191 2712 1274 2750 huc
1305 2712 1406 2750 illuc
1436 2712 1560 2760 rapta
1590 2712 1813 2759 tractaque

247 2788 317 2827 sit.
368 2787 504 2836 Quem
550 2798 636 2826 non
681 2787 821 2826 tristis
867 2787 982 2825 illius
1029 2787 1159 2826 sortis
1205 2787 1442 2825 misereat?
1484 2785 1641 2825 Contra
1672 2786 1709 2824 si
1740 2786 1814 2824 illa

247 2873 413 2911 quoque
456 2863 639 2912 amatur,
683 2863 808 2910 idque
845 2863 1009 2901 sincere
1052 2863 1095 2900 et
1127 2872 1182 2900 ex
1213 2862 1370 2911 animo,
1405 2862 1443 2900 si
1475 2861 1664 2900 amantis
1696 2861 1811 2899 illius

247 2937 297 2977 fit
327 2949 437 2977 uxor
466 2938 696 2986 postquam
728 2937 765 2975 is
797 2947 962 2985 quoque
995 2936 1061 2975 cui
1095 2937 1222 2975 antea
1248 2936 1388 2975 fuerat
1415 2937 1602 2986 obtrusa,
1631 2946 1812 2974 uxorem
