2034 3334
951 355 1003 393 57

741 513 886 551 Acrus
918 512 976 550 IV
1008 512 1151 551 SGENA
1183 514 1222 551 6.

258 638 425 676 Ardens
466 638 529 676 ira
570 638 700 676 Thais
742 637 938 685 advenit;
981 647 1085 676 mox
1117 637 1364 675 adfuturum
1396 637 1594 686 militem,
1629 647 1756 684 quem

198 713 307 752 ferre
339 714 427 752 iam
458 724 543 752 non
574 714 727 762 potest,
763 713 1007 761 exspectat;
1045 712 1164 761 „sine
1194 712 1368 751 veniat'’
1402 712 1464 751 ait
1495 715 1572 758 (vs.
1608 713 1730 757 739):

317 789 396 839 Qui
423 789 460 828 si
487 789 607 828 illam
634 789 766 838 digito
792 799 877 828 uno
904 788 1108 837 attigerit,
1138 788 1249 827 oculi
1276 788 1337 827 illi
1365 788 1461 827 ilico
1479 788 1754 827 ecfodientur.

198 865 384 914 Vulgata
414 866 541 905 lectio
574 867 662 905 est:

315 941 447 989 Atqui
474 941 511 980 si
538 941 658 980 illam
685 941 817 990 digito
844 940 1037 989 attigerit
1062 951 1159 990 uno,
1188 940 1299 979 oculi
1326 940 1422 979 ilico
1450 940 1724 990 ecfodientur,

197 1027 272 1066 pro
319 1027 401 1065 qua
446 1017 748 1055 Fleckeisenus
789 1026 887 1055 eam
928 1016 1044 1055 dedit
1085 1026 1215 1064 quam
1258 1015 1399 1065 citavi,
1444 1015 1544 1063 quia
1585 1016 1757 1055 dativus

198 1092 352 1141 aliquis
379 1092 711 1131 desiderabatur.
741 1093 822 1131 Sed
849 1092 951 1130 illud
979 1091 1069 1140 qui
1095 1091 1142 1130 si
1171 1092 1336 1130 rectum
1364 1102 1459 1130 esse
1485 1102 1570 1134 non
1590 1093 1767 1140 potest;·

197 1168 354 1207 melius
391 1147 504 1207 ‘foret
545 1168 682 1215 quod
725 1167 793 1215 si;
837 1168 911 1206 sed
952 1167 1140 1216 simplex
1176 1166 1224 1205 si
1255 1167 1455 1206 omnibus
1486 1167 1582 1206 aliis
1614 1167 1754 1206 lectio-

197 1244 324 1283 nibus
354 1245 606 1292 praestaret.
640 1234 831 1292 Propono
864 1243 994 1292 igitur

317 1319 360 1357 Si
391 1319 512 1358 illam
543 1319 675 1367 digito
707 1319 900 1367 attigerit
930 1328 1027 1368 uno,
1061 1318 1172 1357 oculi
1203 1318 1265 1357 illi
1296 1318 1392 1357 ilico
1425 1318 1688 1358 ecfodientur

198 1399 311 1442 (cum
352 1396 474 1435 hiatu
515 1397 614 1434 ante
657 1406 881 1435 caesuram
922 1395 1230 1444 principalem).
1272 1396 1394 1434 Nunc
1434 1396 1582 1434 tamen
1623 1395 1756 1442 iniis

198 1482 305 1520 quae
337 1471 488 1510 statim
520 1473 778 1519 sequuntur:

315 1548 461 1596 Usque
488 1548 592 1586 adeo
619 1547 734 1586 illius
761 1548 870 1586 ferre
896 1558 1075 1596 possum
1092 1547 1300 1596 ineptiam
1322 1548 1365 1585 et
1381 1546 1611 1595 magnifica
1627 1547 1758 1585 verba

313 1623 454 1662 Verba
484 1623 587 1662 dum
619 1623 728 1662 sint:
762 1634 914 1662 verum
946 1623 1062 1662 enim
1095 1623 1132 1662 si
1163 1624 1216 1662 ad
1248 1634 1340 1662 rem
1373 1623 1655 1671 conferentur,

1522 1698 1758 1747 [vapulabit

198 1773 393 1822 displicet
438 1785 673 1823 pronomen
715 1773 929 1831 §uffiauudv
971 1775 1135 1814 illius
1177 1776 1220 1814 et
1265 1774 1328 1823 „si
1371 1775 1527 1819 (verba)
1571 1774 1623 1812 ad
1664 1784 1757 1812 rem

201 1849 496 1887 conferentur’'
528 1850 605 1888 vix
636 1861 791 1888 sanum
823 1861 918 1889 esse
951 1851 1087 1889 credo.

260 1922 526 1972 Simulatque
567 1924 838 1964 Chremetem
873 1926 1024 1964 adesse
1056 1926 1266 1975 cognovit,
1302 1936 1401 1964 eum
1434 1925 1495 1964 sic
1527 1924 1757 1972 alloquitur

200 1998 330 2037 Thais
376 2002 453 2045 (vs.
503 2000 624 2045 743):
677 2011 726 2048 „o
771 2001 833 2039 mi
875 2000 1092 2050 Chremes,
1135 2002 1179 2039 te
1222 2001 1363 2049 ipsum
1406 2001 1754 2049 exspectabam.''

199 2074 380 2113 Tollitur
421 2085 519 2124 pars
559 2075 795 2124 molestiae,
835 2076 885 2114 de
918 2086 1001 2123 qua
1032 2077 1083 2114 ad
1115 2086 1179 2114 vs.
1215 2077 1298 2114 738
1333 2076 1540 2124 dicebam,
1574 2075 1756 2122 Bentleji

201 2150 443 2189 coniectura
484 2151 787 2198 expetesso
829 2161 903 2198 pro
946 2151 1359 2199 exspectabam.
1403 2151 1496 2189 Non
1532 2152 1680 2189 tamen
1713 2150 1756 2188 in

199 2237 244 2265 re
275 2227 367 2265 tam
399 2226 526 2264 dubia
556 2236 654 2265 eam
684 2226 861 2274 probare
893 2227 1046 2265 ausim.

263 2302 464 2350 „Propter
495 2302 565 2340 te”
594 2301 724 2340 Thais
751 2301 812 2340 ait
839 2304 915 2347 (vs.
946 2302 1044 2348 746)
1074 2302 1204 2350 „haec
1232 2304 1358 2350 atque
1386 2302 1631 2341 huiusmodi
1658 2313 1755 2340 sum

200 2377 338 2415 multa
370 2377 539 2425 passa.’'
573 2377 770 2415 Ostendit
800 2377 881 2426 hic,
915 2378 964 2415 ut
994 2377 1152 2426 opinor,
1182 2379 1350 2416 vestem
1377 2378 1572 2417 scissam.
1606 2378 1754 2426 „Prop-

200 2453 269 2511 ter
306 2453 370 2499 te;
414 2462 516 2490 nam
557 2462 748 2490 sororem
789 2453 910 2491 tuam
952 2452 1029 2490 tibi
1069 2452 1296 2491 restituere
1338 2454 1625 2492 studebam.''’
1649 2454 1755 2502 „Ubi

201 2537 250 2565 ea
291 2527 416 2565 est?''
460 2529 580 2575 rogat
624 2526 839 2566 Chremes.
874 2527 1117 2575 Respondet
1147 2528 1277 2566 Thais
1312 2528 1463 2577 „Domi
1494 2529 1604 2578 apud
1640 2530 1753 2567 me.”

200 2601 281 2640 Hic
312 2601 538 2640 Chremes:
576 2602 765 2650 „Hemi”
800 2604 843 2640 et
873 2602 1025 2641 Thais:

1107 2678 1212 2727 Quid
1245 2680 1342 2717 est?

515 2751 677 2790 Educta
708 2751 769 2790 ita
800 2752 863 2790 uti
895 2754 1021 2800 teque
1052 2753 1207 2801 illaque
1224 2753 1456 2802 dignumst.

201 2825 392 2865 Annotat
424 2826 683 2865 Scholiasta:
722 2827 901 2875 „Hemz
935 2827 1138 2866 extimuit
1165 2829 1411 2868 adolescens
1439 2840 1537 2868 cum
1564 2840 1754 2869 sororem

202 2910 327 2941 Suam
359 2901 403 2942 in
434 2901 559 2943 domo
591 2902 830 2944 meretricis
861 2913 955 2943 esse
988 2903 1164 2955 audiret,
1199 2904 1266 2943 cui
1297 2904 1358 2945 rei
1389 2904 1540 2945 statim
1572 2905 1755 2945 occurrit
