2034 3334
974 355 1053 393 191

225 479 344 518 rela
375 479 427 518 ab
460 489 508 518 eo
541 480 613 527 qui
644 479 707 518 sic
738 479 1088 519 ratiocinaretur:
1126 490 1376 529 „querorz
1410 483 1662 533 querela,
1693 494 1791 533 ergo

225 565 454 602 quaero:
488 555 798 604 quaerela.”

285 632 354 671 32.
417 632 617 670 Fortasse
649 642 784 670 unum
817 631 986 679 aliquod
1018 631 1198 670 verbum
1230 631 1342 671 inter
1374 644 1447 672 eas
1479 634 1590 673 iram
1623 634 1734 673 hanc

1531 711 1791 756 [conciverit.

225 783 363 823 Schol.
410 794 520 832 „qua
561 784 777 822 sententia
818 785 959 822 totum
1001 784 1070 822 hic
1102 785 1322 824 sublatum
1355 786 1422 824 est
1455 786 1565 833 quod
1600 785 1683 824 ait:
1718 786 1793 825 sed

223 870 431 909 magnum
466 860 610 899 nescio
642 860 742 908 quid
773 870 950 900 necesse
982 861 1049 899 est
1081 861 1289 911 evenisse,
1324 862 1548 911 Parmeno,
1584 862 1697 901 unde
1730 862 1794 901 ira

223 936 335 974 inter
381 946 455 975 eas
501 937 788 975 intercessit.”
831 937 942 985 Lege
973 936 1074 975 hoc
1105 947 1179 985 pro
1212 937 1322 976 hic:
1361 938 1498 986 „quod
1530 937 1634 976 olim
1669 938 1790 988 dixit,

223 1011 304 1051 hoc
335 1022 449 1050 nunc
476 1012 632 1051 tollit.”
922 1020 923 1023 ’

283 1129 357 1178 ΙΙΙ,
389 1129 427 1167 2.
459 1159 476 1178 „
486 1129 626 1167 Instat
652 1128 878 1167 Terentius
904 1128 1062 1167 bonam
1090 1139 1262 1168 socrum
1289 1130 1442 1179 facere,
1464 1131 1512 1168 ut
1530 1130 1689 1169 bonam
1706 1140 1791 1169 me-

222 1204 424 1243 retricem
455 1203 628 1242 faciat.’'
661 1204 810 1243 Potest
836 1204 990 1252 aliquis
1016 1205 1042 1243 b
1055 1215 1079 1243 o
1091 1215 1119 1243 n
1132 1215 1157 1243 a
1168 1215 1214 1243 m
1225 1229 1235 1239 ·
1246 1215 1291 1244 m
1304 1216 1326 1244 e
1339 1216 1359 1243 r
1371 1216 1393 1243 e
1405 1206 1424 1244 t
1435 1216 1456 1243 r
1469 1205 1482 1243 i
1495 1215 1517 1244 c
1529 1216 1551 1244 e
1564 1216 1609 1243 m
1638 1206 1790 1255 facere,

222 1279 324 1318 licet
369 1290 590 1327 nunquam
637 1281 764 1318 antea
805 1279 963 1318 bonam
996 1290 1168 1318 socrum
1200 1280 1361 1319 fecerit.
1396 1281 1507 1329 Lege
1540 1281 1560 1319 f
1570 1291 1595 1319 a
1607 1291 1629 1319 c
1641 1281 1685 1320 it
1717 1292 1791 1330 pro

222 1356 276 1394 fa
288 1356 373 1394 cia
383 1357 402 1394 t
434 1358 475 1401 (u
487 1357 505 1394 t
536 1356 589 1395 fa
601 1356 679 1394 cit
708 1368 768 1393 Ξ
799 1356 1165 1403 quemadmodum
1197 1356 1328 1402 facit).

283 1431 324 1469 4.
376 1430 507 1480 „Vide
554 1431 918 1479 quemadmodum
958 1442 1033 1480 per
1074 1442 1121 1470 se
1153 1432 1296 1480 ipsum
1329 1433 1552 1482 Parmeno,
1588 1443 1662 1482 per
1694 1434 1790 1472 Par-

191 1533 193 1535 -
223 1516 458 1546 menonem·
496 1508 693 1546 arceatur
734 1507 940 1556 Sostrata,
986 1517 1094 1555 quae
1135 1518 1272 1556 neque
1315 1508 1463 1546 deesse
1503 1509 1674 1556 propter
1705 1508 1789 1547 offi-

225 1582 352 1631 cium,
381 1593 518 1630 neque
545 1582 708 1630 ingredi
733 1584 906 1631 propter
932 1592 1104 1621 socrum
1131 1583 1388 1622 inducitur.’'
1417 1583 1620 1622 Potestne
1642 1594 1668 1632 p
1680 1595 1700 1622 r
1713 1594 1736 1622 o
1747 1595 1789 1632 p-

223 1658 310 1696 ter
351 1668 572 1696 socrum
613 1656 878 1706 significare:
921 1659 1225 1706 propterea
1267 1659 1407 1706 quod
1448 1668 1647 1697 socrus
1681 1661 1787 1709 est,

225 1742 280 1771 an
310 1733 391 1772 hoc
421 1743 496 1782 pro
528 1733 600 1772 illo
631 1733 862 1782 legendum
873 1734 893 1772 ‘?

285 1810 354 1849 24.
387 1811 424 1849 A
437 1811 455 1848 t
467 1820 492 1858 q
505 1820 532 1848 u
545 1820 567 1848 e
594 1809 681 1848 his
709 1820 732 1848 o
745 1820 773 1847 n
785 1820 807 1848 e
820 1820 840 1848 r
852 1819 878 1848 a
904 1819 929 1847 a
941 1809 1031 1848 diu
1043 1811 1062 1848 t
1074 1811 1112 1855 a]
1146 1810 1329 1858 „locutio
1358 1810 1535 1857 antiqua
1562 1809 1788 1859 figurata.”

224 1885 306 1923 Pro
363 1881 598 1933 antiqha
653 1885 806 1923 malim
853 1885 1110 1933 antique:
1160 1886 1335 1933 antique
1382 1886 1643 1925 adiutare
1691 1896 1790 1925 cum

225 1961 471 1999 accusativo
503 1961 546 1998 et
578 1960 723 1998 dativo
756 1960 1030 1998 construitur.

284 2069 358 2118 III,
394 2069 432 2117 3⁷
469 2068 536 2106 20.
572 2067 781 2106 Omnibus
813 2067 937 2106 nobis
968 2069 1017 2106 ut
1049 2077 1118 2106 res
1152 2068 1256 2106 dant
1289 2078 1396 2118 sese,
1417 2069 1478 2108 ita
1494 2070 1642 2118 magni
1660 2072 1788 2118 atque

225 2143 413 2182 humiles
445 2153 612 2182 sumus

286 2219 406 2258 Sch.:
444 2219 578 2267 „mire
611 2217 721 2256 dixit
753 2218 885 2256 dant
926 2228 1064 2257 sese,
1099 2218 1315 2258 Homerus

465 2296 568 2340 τοῖος
599 2291 672 2345 γὰρ
706 2292 796 2339 νόος
829 2290 931 2331 ἐστὶν
964 2291 1203 2344 ἐπιχθονίων
1237 2292 1465 2346 ἀνθρώπων

467 2364 552 2407 οἷον
585 2363 638 2407 ἐπ’
675 2362 780 2419 ἦμαρ
814 2365 931 2423 ἄγῃσι
961 2368 1088 2419 πατὴρ
1120 2366 1278 2420 ἀνδρῶν
1311 2383 1348 2408 τε
1379 2372 1488 2409 θεῶν
1519 2384 1568 2409 τε.

229 2445 309 2484 Sed
352 2445 421 2483 hic
453 2454 578 2483 sese
610 2443 682 2482 illo
715 2445 758 2482 et
789 2443 973 2482 validius
1005 2444 1126 2493 dixit,
1161 2446 1204 2483 et
1236 2447 1302 2484 est
1333 2445 1439 2484 haec
1469 2446 1665 2498 καθολική
1697 2458 1788 2487 sen-

226 2521 406 2559 tentia.’'
441 2519 640 2558 Scholion
671 2520 747 2557 aut
779 2520 1026 2567 corruptum
1058 2521 1134 2558 aut
1164 2520 1307 2569 inepte
1339 2522 1624 2561 enuntiatum.

289 2596 357 2634 22.
452 2595 483 2633 O
517 2595 578 2633 mi
609 2594 854 2643 Pamphile!
889 2594 965 2633 abs
997 2596 1040 2634 te
1073 2596 1352 2643 quamobrem
1383 2597 1489 2636 haec
1520 2598 1672 2636 abierit

1372 2674 1564 2718 [causam
1595 2674 1728 2713 vides.

229 2746 392 2785 Schol.:
441 2756 492 2794 „a
533 2745 707 2784 nomine
750 2746 792 2783 et
833 2745 1149 2785 blandimento:
1182 2746 1302 2796 mire,
1337 2748 1436 2795 quia
1467 2750 1633 2788 secreta
1665 2749 1787 2788 confi-

227 2822 355 2860 tetur.
389 2820 615 2869 Virgilius:

436 2896 573 2945 Anna⁷
607 2896 772 2934 fatebor
804 2896 932 2945 enim,
966 2897 1114 2935 miseri
1145 2899 1243 2945 post
1274 2898 1363 2937 fata
1396 2899 1574 2939 Sichaei.
