2034 3334
919 240 975 284 43

215 364 300 408 Sed
342 363 453 407 nihil
493 365 701 414 iocosius,
745 363 853 406 nihil
899 363 1012 419 quod
1054 365 1197 420 magis
1239 365 1378 419 ipsam
1420 362 1565 405 Ovidii
1597 363 1750 405 referat

154 435 363 486 indolem,
406 449 535 491 quam
578 435 689 490 quod
731 434 807 485 IX,
850 433 935 477 667
977 434 1152 491 legitur.
1196 434 1258 477 De
1302 433 1448 478 Cauno
1491 437 1533 476 et
1564 433 1749 490 Byblida

155 508 346 549 narravit
387 505 591 557 Ovidius,
633 519 808 562 pergere
851 505 948 548 vult
991 505 1041 547 de
1082 504 1230 561 Iphide
1273 504 1492 547 narrando.
1541 503 1622 546 Sed
1665 518 1748 560 quo

152 579 303 619 itinere
347 575 501 618 Mileto
543 578 587 618 in
629 575 816 618 insulam
861 574 1031 619 Cretam
1074 574 1391 631 proficiscatur?
1430 574 1656 617 Transsilit
1686 577 1749 617 in-

154 647 387 691 tervallum
419 647 492 689 sed
525 646 636 689 saltu
664 648 980 689 venustissimo,
1009 647 1243 702 Postquam
1270 648 1314 688 in
1343 647 1504 688 fontem
1532 651 1746 688 mutatam

155 717 383 775 Byblidem
415 719 721 774 cognovimus,
755 719 815 759 sic
848 718 989 759 subito
1020 719 1063 759 in
1098 716 1270 760 Cretam
1302 717 1622 759 transferimur:

395 788 527 830 Fama
557 790 658 831 novi
690 794 865 831 centum
896 786 1091 831 Cretaeas
1123 789 1299 846 forsitan
1332 788 1458 830 urbes

395 858 622 915 Implesset
651 860 856 909 monstri,
890 860 927 900 si
958 873 1042 901 non
1075 858 1283 901 miracula
1314 872 1448 914 nuper

398 928 547 985 Iphide
580 934 747 972 mutata
779 928 903 972 Crete
935 931 1132 985 propiora
1163 928 1333 971 tulisset
1355 928 1398 979 ¹).

153 1000 301 1056 Neque
344 999 642 1042 tantummodo
685 999 737 1042 ad
779 999 946 1042 fabulas
986 1001 1099 1041 inter
1129 1013 1172 1042 se
1204 999 1442 1055 iungendas
1472 998 1748 1054 lepidissimis

154 1076 279 1127 poeta
309 1074 452 1113 noster
485 1072 623 1112 utitur
652 1069 865 1125 artificiis3
900 1069 984 1112 alia
1016 1083 1181 1125 quoque
1212 1084 1295 1112 non
1328 1071 1471 1111 minus
1499 1072 1679 1111 venusta
1704 1070 1748 1110 in

157 1141 569 1196 Metamorphosesin
611 1141 909 1191 observamus,
941 1155 1047 1196 quae
1081 1140 1264 1197 singulis
1295 1139 1449 1182 sabulis
1482 1144 1579 1195 apte
1612 1140 1749 1195 dispo—

155 1211 303 1254 nendis
342 1213 597 1254 inserviunt.
640 1210 720 1253 Illa
761 1216 905 1253 autem
940 1212 1137 1268 equidem
1171 1212 1222 1253 ab
1254 1213 1346 1267 ipso
1379 1211 1532 1253 ovidio
1564 1225 1654 1253 esse
1687 1212 1750 1252 in-

155 1286 283 1324 venta
324 1283 434 1324 mihi
476 1282 608 1324 habeo
650 1296 903 1338 persuasum
915 1296 926 1334 ;
971 1282 1123 1337 quodsi
1165 1283 1257 1337 qnis
1291 1282 1580 1325 demonstrare
1613 1283 1748 1337 possit

155 1367 203 1395 ea
234 1367 399 1408 quoque
430 1353 481 1395 ab
515 1367 562 1395 eo
595 1367 617 1395 e
643 1354 731 1394 suis
758 1367 848 1395 esse
875 1353 1066 1395 fontibus
1091 1351 1318 1401 translata,
1348 1352 1462 1394 haud
1489 1365 1746 1407 magnopere

153 1437 202 1466 ea
232 1424 520 1466 observatione
547 1427 691 1466 nostra
716 1427 909 1466 mutetur
935 1425 1090 1479 opinio.
1125 1422 1448 1466 Concedendum
1477 1424 1589 1464 enim
1618 1424 1674 1464 sit
1700 1424 1744 1464 in

155 1493 317 1537 deliciis
358 1508 407 1536 ea
447 1495 645 1537 habuisse
688 1493 892 1537 Ovidium
926 1500 969 1536 et
1001 1495 1222 1550 aptissime
1256 1493 1658 1550 elegantissimeque
1690 1495 1744 1535 iis

154 1579 283 1607 usum
314 1579 416 1607 esse.
450 1564 513 1608 De
545 1565 612 1607 his
645 1569 790 1607 autem
821 1564 1011 1607 artificiis
1043 1564 1224 1620 aliisque
1256 1564 1512 1620 quibusdam
1546 1578 1652 1619 quae
1678 1564 1744 1606 his

153 1639 253 1678 sunt
295 1639 474 1692 cognata
514 1637 602 1678 iam
641 1637 686 1677 in
728 1637 867 1692 priore
908 1635 984 1677 illa
1027 1635 1117 1677 dixi
1160 1635 1462 1691 disputatione.
1496 1633 1630 1678 Cuius
1662 1634 1746 1677 loci

154 1707 361 1748 maiorem
407 1709 573 1762 partem
615 1707 700 1748 huc
741 1706 992 1748 transferam
1035 1707 1135 1762 quia
1177 1705 1218 1748 et
1260 1719 1367 1761 quae
1411 1709 1510 1747 sunt
1553 1705 1745 1747 eiusdem

152 1778 396 1833 argumenti
437 1778 515 1819 sub
557 1791 693 1819 unum
736 1777 834 1819 dare
875 1776 975 1819 volo
1020 1780 1294 1833 conspectum
1338 1776 1380 1818 et
1412 1778 1471 1818 sic
1502 1777 1611 1818 mihi
1641 1791 1743 1832 paro

153 1849 383 1889 transitum
427 1847 479 1889 ad
510 1847 770 1903 peculiarem
803 1847 1019 1902 quandam
1046 1847 1096 1889 de
1128 1847 1292 1889 duobus
1324 1846 1428 1889 locis
1461 1847 1746 1902 disputatiun-

152 1916 318 1968 culam,
352 1931 435 1973 qua
467 1922 564 1973 apte
598 1922 740 1960 totum
772 1918 851 1959 hoc
884 1921 1010 1973 caput
1043 1917 1279 1959 claudatur.

210 1987 380 2044 Longae
407 1989 659 2044 saepiusque
684 1990 948 2044 interruptae
974 1989 1233 2031 narrationes
1261 1988 1471 2031 eiusmodi
1497 2002 1624 2031 versu
1651 2003 1744 2030 con-

202 2171 236 2207 1)
262 2171 444 2212 Cognatum
467 2169 559 2208 hnic,
583 2170 637 2201 sed
661 2169 823 2211 aliquanto
843 2169 948 2201 minus
966 2169 1116 2207 iocosum,
1137 2174 1183 2201 est
1201 2169 1379 2212 exemplum
1399 2170 1483 2211 quod
1496 2180 1512 2200 e
1526 2169 1580 2207 VI,
1594 2170 1659 2201 411
1673 2180 1739 2211 sqq.

153 2225 300 2268 petimus.
333 2225 513 2256 Nan-atum
544 2226 590 2255 est
622 2224 660 2255 de
693 2223 903 2255 Niobidarum
926 2223 1061 2255 interitu
1086 2223 1287 2261 tristissimo,
1312 2226 1458 2265 parentes
1482 2234 1606 2265 quoque
1631 2234 1741 2255 eorum

153 2280 312 2322 quomodo
342 2279 426 2311 vitae
459 2278 560 2310 lucem
591 2278 780 2319 reliquerint
810 2278 1023 2319 cognovimus.
1056 2278 1212 2310 Audimus
1243 2278 1355 2310 deinde
1388 2288 1453 2309 rem
1485 2289 1556 2310 cum
1587 2278 1653 2309 illis
1675 2278 1743 2320 ipsa

156 2336 273 2366 natura
297 2344 353 2365 sua
376 2333 533 2365 artissime
557 2332 713 2364 iunctam:
742 2332 893 2375 Pelopem
919 2333 1036 2364 sororis
1059 2343 1132 2364 suae
1155 2333 1263 2364 tristia
1285 2333 1351 2364 fata
1375 2332 1544 2364 deflevisse.
1576 2332 1726 2374 Sequitur

155 2389 195 2420 ad
219 2389 304 2420 hunc
327 2390 363 2420 ut
386 2387 568 2419 consolandi
591 2397 683 2418 causa
703 2386 823 2428 legatos
845 2387 974 2419 mittant
994 2397 1082 2428 reges
1102 2398 1119 2418 a
1138 2387 1258 2419 civibus
1278 2387 1342 2418 suis
1362 2389 1526 2428 rogantur.
1550 2387 1745 2419 Enumeran-

153 2444 208 2475 tur
231 2442 376 2474 civitates
400 2451 480 2483 quae
503 2441 604 2472 officio
628 2440 685 2472 illo
710 2441 835 2472 functae
859 2443 943 2472 sunt.
968 2440 1138 2482 Sequitur:

511 2495 647 2527 Credere
670 2495 741 2537 quis
764 2498 892 2537 posset?
916 2495 1000 2527 solae
1024 2495 1165 2527 cessastis
1188 2496 1350 2528 Athenae:

511 2549 646 2581 Obstitit
668 2549 768 2581 officio
791 2549 927 2588 bellum,
952 2549 1159 2591 subvectaque
1182 2552 1280 2591 ponto

514 2604 655 2636 Barbara
684 2605 865 2646 Mopsopios
887 2604 1050 2636 terrebant
1074 2605 1202 2644 agmina
1224 2615 1342 2636 muros.

480 2650 483 2654 ⁸
510 2659 675 2690 Threicius
698 2659 815 2690 Tereus
838 2659 914 2690 haec
937 2659 1142 2690 auxiliaribus
1166 2659 1263 2690 armis

510 2713 647 2745 Fuderat
670 2715 702 2744 et
725 2713 846 2744 clarum
870 2712 1023 2744 vincendo
1046 2723 1161 2744 nomen
1186 2712 1335 2745 habebat:

507 2768 610 2809 Quem
634 2767 693 2798 sibi
717 2767 861 2798 Pandion
886 2766 1059 2808 opibusque
1082 2766 1221 2808 virisque
1244 2769 1405 2809 potentem

507 2822 547 2853 Et
571 2832 669 2862 genus
691 2831 709 2852 a
732 2831 846 2862 magno
869 2821 1034 2852 ducentem
1058 2820 1141 2852 forte
1165 2821 1304 2852 Gradivo

508 2876 650 2910 Conubio
676 2876 815 2917 Prognes
838 2875 953 2907 iunxit.

150 2931 198 2962 En
230 2935 358 2972 paratus
388 2932 434 2962 est
465 2930 617 2962 transitus
641 2930 681 2961 ad
706 2929 920 2961 narrationem
946 2929 983 2960 de
1009 2929 1186 2962 Philomela
1212 2930 1415 2971 Procneque,
1440 2941 1520 2971 qnae
1543 2941 1614 2963 cum
1636 2930 1740 2963 Niobe

151 2995 183 3017 se
205 2985 328 3017 iunctas
351 2985 492 3016 videntes
515 2984 632 3016 habent
654 2985 737 3026 quod
763 2983 977 3015 admirentur!
