2034 3334
999 370 1079 409 183

313 498 405 536 Hoc
445 497 591 536 fratris
633 497 683 536 de
716 497 856 536 amica
887 496 941 535 ad
971 496 1110 535 iustas
1141 495 1314 544 nuptias
1345 495 1643 535 transferenda
1673 495 1819 534 audito

255 574 431 614 consilio
463 574 625 613 Demea
656 574 895 613 exclamat:

1084 659 1108 688 0
1141 649 1341 699 Iuppiter,

549 726 759 765 Istoccine
790 727 915 775 pacto
947 725 1145 774 oportet?

253 803 499 842 Annotatur
513 814 520 841 :
573 834 590 851 „
599 813 623 841 o
666 803 684 841 Ι
698 813 724 841 u
735 814 761 852 p
774 814 799 852 p
812 803 825 841 1
838 804 856 841 t
869 813 890 841 e
903 813 924 841 r
966 801 1128 850 tragice
1168 800 1324 840 adiecit
1356 811 1380 840 a
1412 801 1591 840 Micione
1622 800 1818 839 versus.”

253 878 365 927 Lege
397 888 634 917 aversus
665 889 740 928 pro
772 888 984 918 versus.
1021 877 1176 916 Secum
1209 876 1325 916 enim
1357 877 1460 915 illud
1493 887 1516 915 0
1548 876 1816 925 Iuppiter,

254 955 328 994 sed
376 955 657 994 istoccine
704 957 867 1004 pacto
915 955 1172 1004 oportet?
1220 954 1269 993 ad
1318 954 1545 993 Micionem
1586 963 1820 993 conversus

253 1031 415 1071 Demea
446 1032 560 1071 dicit.

312 1223 361 1271 V,
396 1225 435 1272 3,
470 1224 509 1262 4.
548 1224 870 1272 ,‚Neptunus...
901 1222 1097 1261 omnium
1125 1222 1439 1261 elementorum
1465 1220 1646 1269 potior.”
1674 1220 1820 1268 Neque

253 1299 440 1349 potior
495 1299 565 1338 hic
611 1299 852 1348 legendum,
903 1308 1040 1347 neque
1088 1308 1186 1337 cum
1233 1297 1534 1336 Westerhovio
1580 1297 1818 1347 potitor,

253 1377 329 1415 sed
359 1377 571 1425 potens.

313 1453 382 1491 39.
490 1451 584 1490 Non
616 1451 726 1499 quod
759 1450 984 1489 dissimilis
1016 1460 1085 1489 res
1117 1449 1186 1499 sit,
1221 1450 1295 1488 sed
1327 1449 1439 1498 quod
1470 1449 1507 1488 is
1539 1449 1612 1497 qui
1642 1448 1758 1488 facit.

193 1534 195 1536 ’
255 1528 349 1567 Sch.
398 1537 479 1576 „an
521 1527 621 1575 quia
661 1509 760 1565 huic
801 1527 961 1565 licet?'’
999 1526 1311 1575 Fragmentum
1342 1526 1423 1564 hoc
1453 1525 1608 1574 integri
1644 1524 1818 1564 scholii:

258 1613 339 1652 „an
371 1613 479 1651 quae
511 1602 611 1642 huic
641 1602 742 1641 licet
773 1602 913 1641 facere
944 1601 1044 1641 huic
1075 1612 1160 1641 non
1190 1601 1350 1640 licet?”

314 1680 383 1718 45.
419 1679 450 1717 O
483 1679 680 1717 noster
711 1678 926 1724 Demea]
966 1677 1146 1726 „blanda
1178 1679 1221 1716 et
1253 1687 1352 1716 cum
1379 1677 1565 1725 quodam
1592 1676 1820 1725 complexu

255 1755 347 1793 eius
388 1754 460 1803 qui
502 1754 826 1803 reprehenditur
857 1753 1069 1792 incusatio
1102 1754 1145 1791 et
1176 1753 1227 1792 de
1259 1763 1378 1791 more
1411 1752 1623 1790 sublata.'’
1655 1751 1822 1790 Ultima

256 1833 309 1869 et
349 1830 410 1868 de
451 1840 600 1869 more
642 1830 871 1868 sublata
902 1829 1035 1868 etiam
1068 1828 1204 1867 critici
1235 1838 1417 1867 manum
1450 1828 1715 1876 exspectant.

316 1907 370 1945 56
413 1916 504 1954 sqq.
552 1906 715 1954 „Istam
747 1905 974 1954 psaltriam
1009 1914 1182 1943 mecum
1214 1904 1314 1943 hinc
1346 1903 1625 1943 abstraham'’
1659 1903 1821 1941 Demea

256 1981 329 2020 ait.
363 1981 609 2030 Respondet
640 1981 785 2020 Micio:

553 2067 601 2095 eo
633 2058 757 2105 pacto
789 2066 988 2104 prorsum
1020 2055 1108 2094 illic
1139 2055 1329 2104 alligaris
1359 2054 1510 2094 filium.

256 2132 538 2181 alligaris]
593 2132 714 2181 „quis
760 2142 862 2171 vero
905 2132 1059 2170 dicitur
1100 2131 1267 2179 alligari
1308 2131 1360 2169 ad
1403 2130 1562 2178 aliquid
1604 2130 1698 2169 sine
1740 2139 1821 2177 quo

256 2219 351 2247 esse
383 2218 470 2247 non
495 2208 663 2256 possit?
690 2208 799 2256 Ergo
825 2207 993 2256 proprie
1020 2207 1073 2246 ad
1099 2191 1286 2246 amicam
1313 2206 1480 2254 alligari
1506 2206 1823 2245 adolescentem

256 2284 359 2322 dicit
401 2284 685 2322 amatorem.''
723 2283 814 2321 Duo
846 2282 917 2321 hic
948 2282 1112 2321 scholia
1142 2282 1340 2330 imperite
1372 2282 1474 2320 sunt
1506 2281 1821 2329 conglutinata:

257 2360 391 2398 altero
435 2359 707 2398 contenditur
749 2358 931 2397 iocantis
972 2368 1067 2396 esse
1110 2357 1297 2405 aliquem
1329 2357 1495 2405 alligari
1527 2356 1666 2395 dicere
1698 2357 1750 2395 ad
1782 2357 1823 2395 id

257 2435 368 2482 quod
400 2435 491 2473 toto
525 2435 644 2473 amet
674 2435 857 2483 pectore,
893 2433 1026 2472 altero
1058 2432 1224 2481 proprie
1252 2434 1295 2471 et
1321 2432 1494 2470 veritati
1522 2431 1824 2470 convenienter

256 2509 361 2548 illud
392 2510 573 2548 verbum
604 2509 673 2548 hic
703 2509 814 2558 poni.

316 2698 364 2748 V,
396 2699 435 2748 4,
457 2699 525 2738 27.
548 2698 679 2748 „Vide
696 2708 919 2737 remanere
938 2698 981 2737 in
997 2698 1160 2737 Demea
1176 2709 1261 2737 non
1278 2699 1449 2747 penitus
1467 2699 1650 2738 eiectam
1668 2699 1822 2738 securi-

258 2775 439 2813 tatem.’'
492 2774 632 2812 Immo
680 2783 701 2812 s
714 2783 736 2812 e
748 2784 775 2812 v
789 2784 812 2812 e
823 2784 844 2811 r
855 2774 869 2812 i
881 2774 899 2812 t
911 2784 936 2812 a
947 2774 966 2812 t
978 2784 1000 2812 e
1012 2784 1070 2812 m.
1119 2774 1290 2813 Etenim
1339 2784 1420 2813 usu
1467 2774 1618 2813 doctus
1664 2774 1826 2813 Demea

259 2849 401 2889 subito
443 2849 565 2888 mitis
605 2848 746 2888 factus
787 2849 865 2898 est,
910 2849 984 2887 sed
1028 2848 1186 2888 excidit
1229 2850 1378 2888 tamen
1411 2849 1449 2888 ei
1481 2850 1630 2888 acerbe
1663 2850 1826 2889 dictum

260 2935 379 2964 mea
419 2923 649 2964 minime
690 2924 880 2963 refert.
