2034 3334
960 362 1017 404 89

236 487 351 543 fatio,
383 501 493 544 quae
524 487 599 547 diu
633 490 730 543 post
761 486 988 529 Horatium
1023 487 1179 542 scripta
1212 488 1287 540 est,
1318 486 1362 527 in
1392 497 1569 527 censum
1587 485 1736 528 venire
1844 542 1851 548 Γ
1891 538 1899 551 ,

238 567 390 620 posset.
437 563 591 620 Neque
631 565 872 619 argumenti
914 565 1002 606 vim
1045 563 1202 606 habent
1242 562 1475 616 Iuvenalis,
1520 562 1595 617 qui
1637 553 1822 625 plusfl'j
1845 547 2031 625 ssfssf'bm

238 641 550 696 quinquaginta
591 642 718 683 annis
759 644 854 696 post
895 640 1065 683 Horatii
1102 642 1281 682 mortem
1316 642 1445 681 natus
1476 641 1551 694 est,
1584 641 1754 681 versus'
1796 623 1821 633 ¹⁷
1869 622 1871 628 Ι
1966 623 1973 627 ’

235 717 333 771 VII,
365 718 452 758 225
484 730 587 772 sqq.,
618 716 694 759 ubi
725 717 769 758 in
801 717 904 759 ludo
937 717 1122 759 literario
1155 716 1303 758 adesse
1334 715 1538 758 dicuntur
1568 714 1736 757 Horatii

235 793 494 850 Virgiliique
525 794 692 836 codices
722 794 790 836 vel
821 794 1039 849 imagines.
1806 818 1852 840 ns
1878 816 2019 837 W

295 869 452 912 Contra
495 870 609 926 apud
652 870 1128 924 SeneQ—rnetoreQ
1171 869 1339 912 Horatii
1382 869 1469 911 fere
1502 868 1738 924 aequalem,
1765 862 1867 905 sz-
1896 854 1938 890 ⁵-
1958 884 1974 891 Α
1994 873 2006 888 ²

234 947 334 989 licet
379 946 612 1002 permultos
660 947 852 989 nominet
896 949 1054 1002 poetas,
1101 958 1320 1001 nusquam
1368 944 1536 987 Horatii
1578 957 1734 987 nomen

236 1023 432 1065 occurrit.

294 1098 497 1142 Fautores
530 1112 632 1142 suos
663 1100 756 1155 ipse
786 1098 993 1142 Horatius
1026 1101 1248 1141 enumerat
1279 1097 1362 1141 Sat.
1395 1097 1428 1152 Ι,
1464 1098 1530 1152 10,
1558 1097 1611 1138 81
1643 1110 1735 1154 sqq.
1833 1131 1873 1156 ‘w

234 1175 286 1218 In
336 1175 493 1232 quibus
538 1177 763 1232 primarios
810 1176 1003 1219 obtinent
1050 1176 1168 1218 locos
1214 1175 1455 1237 Augustus,
1499 1173 1736 1228 Maecenas,
1841 1157 1867 1210 ζ

234 1253 415 1295 Asinius
452 1252 602 1295 Pollio.
633 1252 702 1294 Ab
735 1253 822 1295 illis
853 1265 952 1308 ergo
983 1251 1211 1294 Horatium
1244 1251 1492 1305 lectitatum,
1522 1250 1609 1292 illis
1641 1263 1736 1305 pro-

235 1327 383 1371 batum
426 1341 520 1372 esse
551 1331 800 1372 testatur...
830 1329 960 1384 quis?
992 1328 1090 1384 Ipse
1120 1327 1340 1370 Horatius.
1371 1327 1491 1370 Ubi?
1521 1326 1574 1368 In
1607 1326 1737 1368 satira

234 1404 332 1447 libri
377 1406 515 1461 primi,
563 1418 662 1461 ergo
713 1418 846 1461 quum
898 1405 1106 1447 nihildum
1151 1405 1277 1459 lyrici
1318 1404 1486 1460 generis
1517 1404 1561 1445 in
1595 1403 1734 1445 lucem

235 1481 431 1523 ediderat.
465 1481 548 1524 Sed
580 1481 632 1523 de
663 1482 863 1537 Augusto
896 1485 937 1524 et
969 1481 1084 1523 aliud
1117 1485 1181 1523 est
1212 1481 1529 1523 testimonium:
1566 1479 1735 1522 notissi-

236 1570 354 1600 mum
384 1558 492 1600 illud
524 1557 730 1612 Suetonii,
762 1558 887 1600 cuius
918 1558 1022 1600 haec
1055 1561 1157 1600 sunt
1184 1556 1335 1600 verba:
1370 1555 1498 1611 „Post
1515 1568 1736 1599 sermones

234 1646 335 1677 vero
369 1634 574 1690 quosdam
608 1633 690 1677 sibi
718 1634 851 1677 lectos
883 1634 1046 1676 nullam
1081 1635 1148 1676 sui
1182 1634 1440 1676 mentionem
1469 1632 1658 1675 habitam
1674 1633 1733 1674 ita

236 1714 300 1752 est
346 1713 549 1765 questus:
599 1711 726 1752 irasci
772 1723 843 1753 me
886 1709 960 1752 tib'
1011 1711 1129 1764 scito,
1175 1709 1290 1765 quod
1323 1710 1487 1751 nonin
1520 1709 1735 1765 plerisque

236 1786 445 1828 eiusmodi
492 1787 658 1842 scriptis
706 1798 872 1828 mecum
923 1787 1009 1842 poti
1060 1786 1192 1828 ‘mum
1235 1785 1448 1841 loquaris3
1483 1799 1536 1827 an
1573 1786 1735 1828 vereris

237 1874 291 1904 ne
336 1862 448 1917 apud
495 1866 684 1918 posteros
732 1862 891 1905 infame
933 1862 1011 1905 tibi
1056 1863 1092 1905 si
1153 1863 1266 1918 quod
1301 1863 1484 1905 videaris
1515 1862 1736 1905 familiaris

239 1937 360 1980 nobis
401 1938 533 1981 esse.’'
576 1939 628 1980 In
671 1939 830 1994 quibus
874 1932 1199 1995 negligendum*
1211 1940 1387 1982 minime
1419 1939 1589 1982 videtur
1619 1939 1735 1982 istud

238 2018 364 2070 post
394 2027 705 2058 sermones:
739 2016 915 2070 lyricam
948 2029 1047 2072 ergo
1079 2015 1247 2058 Horatii
1278 2017 1515 2077 poesinsin
1544 2030 1629 2071 qua
1646 2016 1736 2059 sola

238 2090 444 2132 hactenus
492 2103 583 2132 mea
630 2095 795 2134 versata
844 2096 907 2134 est
953 2092 1197 2148 disputatio,
1223 2093 1438 2148 'Augusto
1459 2078 1736 2148 *magnopere

239 2167 450 2222 placuisse
497 2179 552 2209 ne
593 2180 645 2209 ex
654 2168 1082 2233 jpjfflfllffl-QQQQ
1092 2169 1188 2227 „Qa
1219 2173 1416 2225 apparet3
1452 2172 1564 2212 certe
1593 2170 1734 2225 ipsum

240 2242 490 2298 Augustum
522 2243 565 2284 id
596 2243 755 2286 alicubi
787 2229 1010 2288 scribendo
1044 2245 1307 2301 significasse
1339 2259 1425 2288 non
1459 2249 1635 2288 constat.

300 2317 673 2360 Maecenatem
721 2332 821 2362 vero
852 2307 904 2363 'et
945 2321 1262 2364 Pollionem
1295 2321 1347 2363 ab
1380 2321 1558 2363 Horatio
1590 2335 1736 2378 sump-

239 2395 347 2437 sisse
389 2394 550 2449 aliquid
593 2395 788 2436 nonnulli
832 2397 913 2438 viri
946 2397 1057 2439 docti
1089 2398 1414 2452 contenderunt,
1449 2411 1557 2454 quos
1588 2399 1736 2441 rectis-

240 2471 346 2512 sime
377 2470 530 2512 refellit
560 2469 774 2512 Hertzius.
804 2470 974 2514 Dicitur
1005 2476 1147 2516 autem
1180 2473 1232 2515 ab
1265 2474 1351 2516 illis
1378 2473 1600 2516 Maecenas
1617 2487 1736 2530 prae-

239 2549 368 2588 eunte
413 2545 592 2587 Horatio
635 2546 844 2601 singulari
886 2561 1065 2590 numero
1107 2550 1225 2591 vocis
1268 2548 1460 2599 Quiris
1494 2562 1599 2592 usus
1630 2563 1736 2606 esse,

239 2622 375 2664 Pollio
410 2622 663 2664 sententiam
697 2621 974 2665 Horatianam

1592 2677 1619 2713 s
1645 2694 1653 2709 ψ’

416 2730 644 2786 Verbaque
674 2732 886 2787 provisam
919 2745 1008 2774 rem
1041 2746 1126 2775 non
1161 2735 1297 2777 invita
1324 2740 1559 2791 sequentur
1601 2755 1655 2785 ,m
1699 2735 1702 2739 ’
1734 2763 1739 2766 -
1774 2759 1779 2763 ·
1843 2731 1857 2764 ·)
1900 2736 1918 2791 ὅ
1984 2742 1985 2745 ’

240 2848 302 2890 sic
333 2849 603 2891 immutasse:
636 2848 783 2905 „Male‚
811 2850 964 2906 hercle,
990 2851 1156 2894 eveniat
1182 2851 1321 2895 verbis
1339 2854 1422 2897 nisi
1437 2867 1526 2897 rem
1545 2867 1733 2911 sequun-
