2034 3334
8 2592 14 2611 ‘¹'
0 2454 23 2583 ,T''‘=!&⁸'²:ae
0 2378 19 2446 fimf,
0 2322 13 2371 rvyffi
0 2273 10 2276 3
1 2225 3 2227 ⁵
0 2194 3 2198 ¹

868 381 949 421 181

162 506 338 549 Horatio
370 519 492 562 opem
523 507 736 562 petiv1sse.
771 507 830 548 At
860 505 999 548 aliena
1031 518 1109 560 ope
1142 504 1294 546 Ovidio
1322 518 1430 560 opus
1460 497 1662 559 nonfuit,

162 596 301 638 neque
349 583 384 625 si
426 582 631 624 voluisset
673 595 722 624 ea
765 583 829 624 uti
871 582 1088 637 potuisset.
1130 580 1315 623 Prorsus
1348 581 1462 623 enim
1493 593 1656 623 novum

161 658 371 714 quoddam
404 671 459 700 ex
489 658 570 699 hoc
600 658 692 700 loco
723 657 833 700 fec-it.
866 657 983 700 Usus
1010 658 1094 699 iam
1122 661 1210 700 erat
1237 656 1460 699 vocabulis
1489 670 1659 700 aurea

160 737 334 788 aetas,
382 747 467 776 non
510 747 610 789 ergo
653 734 692 776 ei
724 733 871 776 multis
902 746 1010 789 opus
1042 736 1130 776 erat
1162 733 1360 776 versibus
1393 733 1445 775 ad
1483 733 1656 776 demon-

160 809 379 852 strandum
415 813 573 865 quanta
604 813 694 852 tum
727 809 878 852 fuisset
910 809 1131 851 hominum
1163 809 1364 862 felicitas;
1397 809 1515 851 illam
1543 810 1656 852 enim

159 899 306 928 omnes
343 890 550 929 noverant
581 886 769 928 lectores.
803 885 886 928 Sed
918 886 1083 928 nescire
1114 898 1186 928 eos
1218 885 1342 941 fingit
1375 898 1483 941 quae
1515 888 1658 929 tantae

157 962 369 1005 felicitatis
402 976 530 1005 causa
560 962 710 1005 fuerit:
744 966 966 1005 enumerat
996 975 1096 1018 ergo
1124 962 1344 1004 hominum
1374 963 1656 1018 pristinorum

160 1040 348 1094 virtutes,
378 1041 710 1095 praesertimque
737 1040 780 1082 in
812 1053 958 1082 eorum
976 1039 1246 1095 simplicitate
1262 1039 1474 1081 laudanda
1491 1040 1654 1082 multus

157 1118 242 1158 est:
293 1115 414 1169 „Non
463 1115 570 1158 bella
617 1120 708 1158 tum
753 1115 900 1158 erant''
942 1117 1001 1158 ait
1046 1129 1158 1170 „non
1190 1128 1338 1170 naves,
1366 1129 1453 1158 non
1486 1116 1656 1171 iudicia,

158 1205 244 1234 non
291 1205 443 1247 graves
487 1192 691 1235 labores’'.
732 1192 814 1235 His
845 1194 930 1235 iam
963 1194 1021 1235 ita
1052 1193 1258 1248 expositis
1291 1206 1399 1249 opus
1433 1193 1559 1235 etiam
1593 1195 1658 1235 est

159 1272 255 1323 apta
297 1268 668 1311 demonstrationis
704 1269 920 1323 clausula3
953 1270 1033 1311 hoc
1065 1270 1180 1312 enim
1215 1268 1368 1312 Ovidio
1400 1282 1498 1312 cum
1532 1268 1657 1311 bonis

159 1344 398 1386 oratoribus
445 1357 671 1387 commune
719 1348 784 1387 est
825 1345 940 1401 quod
983 1358 1150 1401 semper
1192 1345 1383 1401 singulas
1416 1345 1654 1387 carminum

158 1425 298 1476 partes
344 1425 539 1464 accurate
586 1421 712 1464 habet
754 1422 1001 1477 dispositas3
1050 1421 1154 1463 nihil
1200 1422 1328 1477 deest,
1363 1434 1504 1477 neque
1537 1434 1658 1464 exor-

160 1497 276 1539 dium
311 1510 451 1553 neque
492 1499 690 1553 narratio,
722 1511 864 1554 neque
895 1499 1219 1554 argumentatio,
1252 1511 1392 1554 neque
1422 1498 1656 1554 perorati03

159 1574 262 1616 haec
310 1587 408 1616 vero
450 1577 600 1630 sponte
642 1587 686 1616 se
729 1574 950 1617 offerebat:
985 1574 1179 1617 addenda
1211 1576 1335 1617 etiam
1369 1588 1506 1631 pauca
1538 1578 1656 1618 erant

160 1650 211 1693 de
243 1649 366 1693 bonis
398 1650 555 1706 quibus
588 1654 680 1692 tum
711 1654 822 1693 terra
852 1650 1062 1693 affluebat.
1095 1650 1163 1693 Ibi
1195 1664 1295 1693 vero
1328 1652 1551 1694 notissima
1582 1651 1656 1693 illa

160 1726 212 1769 de
251 1739 351 1782 agro
399 1730 549 1782 sponte
595 1727 742 1783 fruges
788 1727 949 1770 ferente
996 1727 1134 1783 deque
1176 1727 1300 1770 melle
1335 1740 1389 1770 ex
1431 1727 1655 1770 arboribus

159 1805 359 1845 manante
389 1803 555 1846 silentio
586 1804 804 1859 praeteriri
835 1817 922 1846 non
953 1807 1156 1859 poterant.

218 1879 336 1921 Artis
368 1880 556 1935 magicae
587 1880 834 1935 frequenter
865 1880 978 1935 apud
1011 1892 1158 1922 omnes
1190 1883 1334 1935 poe'tas
1360 1879 1534 1922 Latinos
1562 1879 1654 1922 fieri

160 1956 415 1998 mentionem
451 1957 549 2012 quis
580 1957 738 2012 neget?
770 1955 834 1999 De
864 1969 913 1999 ea
939 1960 1080 1999 autem
1109 1957 1167 1998 ita
1183 1956 1412 1998 Horatium
1431 1955 1654 1999 Ovidium-

161 2045 245 2087 que
286 2032 405 2088 loqui
447 2032 628 2074 affirmat
669 2032 918 2088 Zingerleus
960 2035 1007 2075 ut
1039 2036 1103 2075 sat
1135 2046 1316 2088 magnus
1348 2033 1460 2075 inter
1494 2046 1566 2075 eos
1599 2033 1654 2076 sit

160 2122 407 2151 consensus.
441 2108 691 2151 Germanica
722 2109 803 2150 viri
836 2109 949 2151 docti
980 2108 1109 2151 verba
1144 2111 1266 2151 sunt:

338 2231 418 2275 Die
474 2232 976 2288 Uebereinstimmungen
1034 2233 1244 2275 zwischen
1304 2232 1509 2275 Horatius
1566 2233 1656 2275 und

281 2307 461 2350 Ovidius
501 2309 636 2363 gehen
670 2309 780 2351 auch
811 2310 867 2351 im
901 2309 1157 2351 Ausdrucke
1188 2308 1429 2351 manchmal
1460 2309 1652 2351 ziemlich

279 2385 348 2426 ins
377 2384 594 2427 Einzelne.

221 2533 354 2576 Cuius
385 2535 617 2576 sententiae
649 2534 752 2576 haec
784 2534 903 2576 affert
935 2537 1208 2590 argumenta:

220 2659 395 2716 Legitur
425 2659 538 2715 apud
570 2658 799 2701 Horatium
830 2658 927 2713 (Sat.
956 2659 990 2714 I,
1022 2660 1061 2714 8,
1094 2661 1187 2713 23):

340 2784 441 2825 Vidi
472 2786 638 2838 egomet
669 2784 791 2838 nigra
822 2783 1082 2825 succinctam
1113 2783 1266 2825 vadere
1297 2783 1408 2838 palla

342 2859 559 2902 Canidiam
592 2858 772 2914 pedibus
802 2858 929 2901 nudis
962 2871 1175 2914 passoque
1207 2859 1370 2915 capillo.
