2034 3334
1051 413 1107 452 66

348 538 488 577 Minus
521 539 638 577 certa
669 538 742 578 sed
775 539 925 578 tamen
957 527 1284 588 elegant-issima
1308 538 1479 578 videtur
1503 537 1689 587 Bentleji
1714 546 1856 579 emen-

290 613 405 653 datio
437 624 590 653 versus
623 615 721 665 826,
755 614 828 654 ubi
860 614 991 654 Thais
1023 614 1238 654 Chaereae
1270 614 1415 654 audito
1447 614 1643 654 nomine:

439 690 546 740 Quid
578 691 615 730 is
647 691 822 731 obsecro
855 691 907 730 ad
939 692 1050 731 nos?
1081 701 1213 740 quam
1244 691 1296 731 ob
1327 701 1420 731 rem
1452 691 1714 749 adductust?

289 766 357 805 Sic
389 766 505 805 enim
537 766 706 816 legitur.
741 767 932 807 Coniecit
962 767 1206 816 BentleJ'us:

408 842 515 893 Quid
546 843 584 882 is
616 843 790 883 obsecro
823 844 876 883 ad
907 854 979 882 me
1011 844 1086 883 aut
1117 853 1249 892 quam
1280 843 1333 882 ob
1365 853 1458 882 rem
1490 842 1754 883 adductust‘?

349 919 593 968 Sequuntur
625 922 773 960 autem
804 920 911 959 haec
943 920 1231 967 (832—835):

1213 996 1412 1046 dispudet
1675 1037 1678 1041 ,

466 1072 535 1111 Sic
566 1072 675 1111 mihi
707 1073 808 1112 data
839 1083 934 1113 esse
965 1073 1109 1124 verba,
1143 1073 1244 1122 quid
1276 1073 1378 1113 illuc
1408 1071 1598 1112 hominis
1628 1072 1728 1112 est?

347 1147 421 1197 Py.
466 1148 548 1187 Era
579 1159 678 1188 mea
708 1150 803 1188 tace
834 1150 930 1188 tace
962 1149 1149 1199 obsecro,
1183 1149 1331 1189 salvae
1362 1159 1538 1189 sumus:

464 1224 686 1264 Habemus
718 1225 940 1264 hominem
972 1226 1128 1275 ipsum.
1162 1225 1231 1265 Th.
1259 1225 1343 1265 Ubi
1370 1226 1408 1264 is
1435 1226 1534 1265 est?
1559 1224 1633 1265 Ph.
1661 1224 1775 1264 Hem
1801 1224 1855 1264 ad

1516 1301 1793 1349 [sinisteram.

345 1375 436 1415 Duo
483 1378 586 1416 sunt
633 1377 676 1416 in
723 1377 878 1426 quibus
924 1378 994 1417 hic
1040 1378 1256 1418 haeream.
1305 1378 1500 1417 Primum
1542 1377 1672 1426 quid
1714 1376 1855 1416 illuc

286 1451 533 1491 hominis
575 1454 662 1492 est
704 1453 923 1493 exclamat
963 1454 1094 1494 Thais
1136 1455 1278 1526 subito
1290 1455 1543 1526 vcgpgpfgto
1574 1452 1776 1504 Chaerea,
1810 1453 1854 1492 et

285 1538 360 1567 cur
416 1528 633 1568 exclamet
680 1529 921 1569 Scholiasta
967 1531 1136 1579 egregie
1182 1541 1205 1570 e
1267 1530 1370 1570 licat
1415 1529 1682 1569 annotando:
1732 1528 1854 1579 „Non

285 1605 480 1653 agnoscit
526 1605 640 1644 hunc
686 1606 907 1645 hominem
949 1607 1171 1656 meretrix,
1215 1607 1316 1655 quia
1356 1607 1438 1646 etsi
1479 1606 1619 1645 adhuc
1658 1603 1853 1645 Eunuchi

284 1682 406 1720 veste
447 1682 622 1720 indutus
665 1683 742 1731 est,
788 1683 983 1721 attamen
1015 1683 1136 1722 exuit
1167 1683 1369 1732 spadonis
1400 1683 1632 1732 incessum,
1665 1681 1850 1730 vultum,

284 1757 564 1806 habitumque
611 1758 811 1807 mutavit,
861 1759 904 1797 et
944 1760 1114 1807 praeter
1154 1760 1325 1798 vestem
1366 1759 1485 1797 totus
1526 1758 1571 1797 in
1613 1756 1851 1797 Chaeream

282 1833 450 1872 rediit.”
485 1833 565 1872 Sed
597 1834 820 1882 poteratne
852 1833 926 1872 illa
952 1834 1212 1873 exclamatio
1239 1834 1302 1873 sic
1329 1833 1682 1883 praecedentibus
1709 1832 1847 1883 adiici,

282 1910 400 1948 nulla
442 1910 695 1959 interposita
736 1909 888 1948 vocula
919 1921 1003 1959 qua
1034 1911 1244 1950 transitus
1275 1911 1530 1960 pararetur?
1561 1909 1722 1950 Deinde
1753 1909 1850 1959 quis

282 1986 401 2024 locus
449 1987 515 2025 est
562 1986 847 2026 interiectioni
894 1986 1015 2025 hem
1120 1988 1138 2025 t
1209 1997 1260 2026 ea
1300 1987 1430 2026 verba
1473 1986 1627 2035 quibus
1668 1985 1849 2035 Pythias

282 2063 590 2101 adventantem
633 2037 954 2102 Chaeream
986 2064 1138 2112 nstrat,
1164 2041 1413 2112 submissa,
1458 2064 1506 2102 ut
1536 2062 1696 2112 opinor,
1729 2071 1847 2111 voce,

284 2139 437 2187 quippe
479 2149 587 2186 quae
629 2139 755 2178 modo
799 2139 949 2178 heram
992 2141 1040 2178 ut
1080 2140 1244 2216 tffiret
1274 2139 1491 2196 monuerit
1522 2141 1600 2184 (vs.
1634 2138 1742 2178 834:
1767 2147 1850 2194 *era

283 2225 381 2253 mea
437 2216 532 2253 tace
589 2216 810 2261 obsecr0)‘?
867 2215 998 2264 Atqui
1055 2209 1187 2254 hem'
1227 2202 1457 2254 clamantis
1503 2215 1570 2253 est
1617 2214 1660 2253 et
1705 2212 1850 2253 subita

281 2301 325 2328 rc
368 2291 647 2330 vehementer
688 2291 871 2339 perculsi
903 2291 972 2330 vel
1004 2291 1253 2340 perturbati.
1286 2290 1436 2330 Nonne
1467 2289 1636 2338 egregie
1665 2290 1847 2338 utraque

281 2366 508 2405 difficultas
546 2366 710 2405 tollitur
742 2367 779 2405 si
811 2366 926 2406 istud
959 2367 1078 2406 hem
1111 2378 1134 2405 e
1165 2377 1228 2405 vs.
1263 2366 1348 2405 835
1381 2366 1433 2404 ad
1466 2366 1551 2404 833
1584 2364 1847 2404 retrahimus

281 2447 323 2482 et
366 2445 465 2482 ante
503 2443 631 2491 quid
665 2443 804 2481 illuc
836 2442 1083 2482 hominis
1115 2444 1202 2481 est
1232 2441 1606 2521 ponimuffiffiffil
1637 2439 1846 2480 Thaidem

282 2520 353 2557 illa
394 2519 457 2557 uti
500 2519 816 2557 exclamatione
858 2519 967 2557 miro
1008 2518 1252 2567 perculsam
1284 2517 1528 2566 spectaculo
1561 2514 1845 2555 adolescentis

281 2595 450 2632 incessu
499 2595 681 2643 ingenuo
724 2594 932 2642 vultuque
974 2594 1150 2643 liberali,
1195 2594 1332 2632 induti
1375 2595 1522 2632 autern
1565 2589 1846 2631 abiectissimi

282 2670 483 2718 mancipii
530 2670 788 2709 vestimento
820 2670 944 2708 facile
976 2669 1272 2718 intelligimus.
1306 2669 1359 2707 Et
1390 2668 1641 2717 plerumque
1671 2666 1845 2715 quidem

281 2745 307 2782 11
322 2756 343 2782 c
357 2756 400 2782 111
429 2746 563 2783 ictum
597 2746 747 2793 habet;
782 2756 866 2784 non
898 2746 1054 2784 desunt
1084 2747 1233 2783 tamen
1265 2744 1358 2794 loci,
1393 2744 1464 2782 ubi
1497 2743 1540 2782 in
1570 2742 1684 2781 thesi
1710 2741 1844 2781 latere

280 2821 487 2858 videatur.
523 2821 582 2859 Cf.
617 2832 680 2859 vs,
717 2822 825 2859 459:

449 2897 608 2934 Eamus
642 2907 740 2944 ergo
770 2897 821 2934 ad
855 2906 1029 2935 cenam:
1063 2896 1162 2944 quid
1195 2897 1319 2935 stas?
1350 2895 1463 2934 Hem
1494 2893 1692 2943 alterum,
1781 2880 1787 2893 '¹
1829 2890 1960 2927 -W

281 2971 349 3008 ubi
394 2972 523 3008 otiam
558 2971 740 3009 eliditur.
779 2973 869 3020 „Ad
903 2972 1179 3010 sinisteram'’
1213 2974 1359 3011 autem
1390 2970 1570 3018 Pythias
1602 2968 1715 3016 dicit,
1750 2968 1787 3006 si
1819 2977 1842 3006 e
