2034 3334
942 382 997 425 69

224 508 396 552 fortuna
427 511 632 565 perpetuo
662 507 868 551 Romanis
899 507 1040 550 fausta
1069 506 1152 550 fuit
1182 520 1324 564 neque
1356 520 1468 551 novo
1495 507 1582 550 ullo
1600 508 1732 550 inter-

225 589 351 642 rupta
383 585 549 628 damno.
587 584 664 639 „In
694 598 744 628 ea
776 588 921 628 autem
950 584 1149 628 fortunae
1179 577 1421 628 constantia
1453 584 1733 642 significanda

226 676 378 719 parum
410 662 516 707 felix
546 665 670 719 poeta
700 662 792 706 fuit.
823 661 944 706 Haeo
976 662 1091 705 enim
1130 662 1253 705 dicit:

523 772 628 815 Post
659 772 740 814 hoo
773 771 974 815 secundis
1006 784 1149 828 usque
1184 770 1404 815 laboribus

442 840 444 843 ’
583 848 777 892 Romana
808 848 944 905 pubes
977 849 1110 891 erevit
1139 851 1181 891 et
1212 849 1345 905 impio

645 925 823 969 Vastata
852 925 1098 969 Poenorum
1129 925 1322 968 tumultu

703 1002 821 1045 Fana
853 1002 954 1045 deos
987 1001 1175 1046 habuere
1209 1005 1362 1046 rectos.

525 1078 736 1136 Dixitque
765 1079 939 1122 tandem
971 1078 1161 1136 perfidus
1190 1078 1433 1122 Hannibal:

291 1198 398 1250 Quis
425 1201 581 1254 autem,
607 1199 692 1241 nisi
717 1198 1023 1241 sententiarum
1042 1209 1161 1240 nexu
1177 1200 1363 1253 coaetus,
1381 1196 1513 1241 verba
1540 1210 1738 1241 seeun-

231 1276 318 1319 dis
363 1288 544 1331 usque
594 1274 894 1317 laboribus
939 1273 1184 1316 Romana
1227 1273 1406 1330 pubes
1453 1275 1638 1318 erevit
1684 1275 1736 1318 de

231 1354 448 1410 perpetuis
486 1351 779 1394 Romanorum
821 1351 1010 1394 victoriis
1041 1351 1286 1408 accipienda
1317 1352 1596 1408 suspicetur?
1629 1350 1736 1403 Quis

229 1431 299 1473 hic
344 1430 466 1472 loeus
508 1429 716 1471 adiectivo
749 1427 1045 1484 perfidus?
1078 1427 1317 1484 Exspectes
1350 1428 1463 1470 enim
1495 1427 1658 1484 aliquid
1690 1429 1735 1470 in

229 1507 340 1549 hanc
373 1506 650 1549 sententiam:
687 1504 930 1559 „Hannibal
963 1505 1039 1560 qui
1071 1517 1240 1560 semper
1273 1507 1398 1547 antea
1429 1507 1514 1547 tam
1545 1504 1627 1548 sibi
1651 1504 1736 1547 for-

231 1587 449 1639 tunaeque
497 1595 600 1626 suae
643 1581 920 1624 confidebat’'.
953 1579 1089 1632 Quam
1123 1582 1267 1637 inepte
1299 1581 1485 1637 denique
1516 1581 1736 1624 Hannibal

233 1661 286 1703 de
330 1660 527 1702 fortunae
574 1671 677 1702 suae
717 1659 956 1701 constantia
987 1658 1286 1721 tuffirdemum
1320 1657 1515 1701 dubitare
1547 1659 1738 1714 coepisse

233 1737 390 1779 dicitur
416 1750 551 1792 quum
578 1737 662 1778 iam
689 1734 819 1778 fana
846 1735 976 1778 deos
1008 1734 1258 1777 habuere
1283 1738 1483 1789 rectos,
1510 1736 1582 1790 ie.
1601 1749 1737 1791 quum

233 1813 418 1856 Romani
465 1813 603 1855 securi
651 1813 734 1854 iam
782 1815 824 1854 et
867 1815 984 1854 metu
1026 1811 1151 1854 liberi
1194 1812 1338 1854 omnia
1377 1814 1568 1854 vastatae
1599 1810 1653 1854 ab
1687 1825 1736 1854 eo

234 1890 383 1932 Italiae
414 1890 595 1945 vestigia
628 1887 882 1933 deleverant.
917 1886 1031 1938 Quid
1065 1887 1181 1943 quod
1207 1887 1416 1930 voeabula
1445 1887 1575 1930 fana
1606 1887 1737 1931 deos

233 1965 480 2008 habuere
523 1967 710 2007 rectos
753 1964 868 2007 salva
904 1963 1134 2006 Latinitate
1165 1977 1251 2006 non
1283 1967 1464 2020 possunt
1496 1963 1738 2020 significare

233 2042 278 2084 id
310 2042 425 2097 quod
467 2042 606 2083 dicere
644 2040 831 2084 voluisse
861 2043 1028 2096 poetam
1061 2040 1226 2096 liquido
1259 2044 1442 2097 apparet.
1474 2040 1591 2083 Fana
1623 2042 1737 2084 enim

235 2122 373 2161 rectos
419 2117 618 2160 habentia
662 2117 763 2160 deos
808 2116 917 2160 bene
964 2120 1241 2173 opponuntur
1287 2117 1457 2174 templis
1498 2118 1584 2160 illis
1629 2130 1738 2174 quae

237 2195 376 2251 primo
411 2194 528 2237 urbis
559 2193 719 2236 Romae
750 2197 940 2250 tempore
971 2193 1161 2248 fuerunt,
1188 2207 1324 2250 quum

474 2304 666 2360 Iuppiter
698 2307 879 2360 angusta
910 2304 987 2346 vix
1017 2307 1134 2346 totus
1166 2303 1306 2346 stabat
1336 2304 1383 2345 in
1414 2303 1528 2346 aede.

298 2422 408 2466 Sunt
454 2434 554 2478 ergo
594 2421 750 2477 templa
796 2423 957 2476 maiora
1004 2425 1046 2464 et
1092 2421 1457 2478 magnificentiora
1501 2435 1630 2478 quam
1663 2436 1739 2479 pro

239 2502 408 2542 vetusta
456 2498 737 2553 simplicitate,
780 2510 867 2539 non
901 2498 1059 2554 templa
1090 2498 1325 2540 deletorum
1358 2498 1615 2553 templorum
1647 2498 1739 2541 loco

239 2577 388 2632 posita.
420 2574 501 2617 Sed
533 2574 834 2630 gravissimum
864 2577 929 2616 est
955 2574 1071 2629 quod
1098 2574 1237 2616 allatis
1253 2573 1451 2616 versibus
1469 2575 1741 2617 vehementer

240 2652 305 2694 vis
352 2650 401 2693 fit
441 2651 665 2692 historiae:
704 2649 833 2703 „Post
863 2648 1105 2692 Metaurum
1141 2662 1308 2704 semper
1337 2649 1446 2692 bene
1475 2663 1565 2693 rem
1597 2663 1739 2706 gesse-

240 2731 341 2770 runt
371 2726 565 2780 Romani,
596 2725 817 2768 tandem
849 2725 1106 2767 exclamavit
1137 2725 1354 2768 Hannibal
1388 2739 1422 2768 e.
1439 2740 1478 2782 q.
1496 2726 1556 2769 s.’'
1583 2726 1739 2771 Nonne

240 2803 308 2845 hio
340 2803 392 2845 de
423 2803 584 2858 proelio
619 2802 671 2844 ad
703 2801 947 2844 Metaurum
978 2801 1023 2843 id
1051 2801 1209 2843 dicitur
1237 2802 1351 2857 quod
1380 2802 1432 2845 de
1447 2803 1608 2858 proelio
1627 2803 1741 2859 apud

243 2878 411 2934 Nolam,
445 2879 560 2935 quod
593 2882 686 2921 octo
718 2879 843 2920 annis
876 2881 973 2920 ante
1001 2877 1094 2933 fuit,
1121 2878 1350 2920 dicendum
1369 2879 1490 2922 erat?
1517 2878 1612 2922 Hoc
1628 2880 1742 2923 enim
