2034 3334
930 433 984 471 53

1264 489 1373 540 ssa„
1387 507 1464 537 lit.

178 559 428 608 emerim,
471 559 582 606 quod
622 558 691 597 vel
732 558 824 596 ideo
867 557 995 606 probo
1028 557 1231 605 quoniam
1263 557 1391 606 quid
1423 558 1541 606 egi?
1573 558 1737 596 certam
1794 601 1800 606 ‚

177 635 259 674 sibi
304 635 432 674 habet
473 633 844 683 significationem,
879 643 1009 681 quam
1041 643 1066 671 a
1098 633 1261 672 comico
1294 633 1500 671 intortam
1533 643 1628 671 esse
1660 633 1736 671 vix

177 710 439 751 crediderim.
484 709 607 749 Certe
654 710 796 758 inepte
842 709 1066 758 vulgatam
1114 709 1302 747 defendit
1348 708 1419 756 qui
1456 709 1521 764 ad
1564 709 1735 748 Phorm.

175 797 240 826 VS.
274 787 359 826 980
395 786 520 834 „quid
553 796 680 834 agam
713 796 811 824 cum
843 785 914 824 illo
946 785 1090 824 nescio
1123 785 1324 833 prorsus'’
1358 785 1572 834 provocat.

236 863 476 910 Interrogat
507 861 728 900 hominem
759 861 980 910 Phaedria,
1015 861 1058 899 et
1084 860 1154 898 ille
1182 871 1208 899 a
1235 860 1443 898 Phaedria
1469 870 1515 898 se
1543 861 1736 908 emptum

177 938 382 986 agnoscit.
428 937 522 991 Sed·
550 947 665 986 mox,
710 936 987 985 permittente
1020 935 1239 984 Phaedria,
1274 935 1563 984 interrogandi
1594 937 1737 984 partes

177 1013 357 1062 suscipit
388 1013 579 1062 Pythias,
613 1012 681 1051 his
714 1012 856 1051 verbis
890 1014 967 1058 (vs.
1004 1012 1127 1058 692):

754 1088 912 1126 venisti
944 1088 1068 1126 hodie
1100 1087 1152 1126 ad
1186 1089 1295 1126 nos?
1327 1088 1467 1135 negat.

237 1166 457 1214 Sequitur:
520 1165 578 1203 At
608 1165 678 1203 ille
711 1165 819 1203 alter
849 1164 968 1203 venit
1000 1174 1135 1202 annos
1167 1165 1295 1202 natus
1327 1163 1537 1202 sedecim:

521 1241 655 1289 Quem
687 1251 834 1279 secum
867 1240 1045 1279 adduxit
1076 1235 1299 1278 Parmeno.

178 1317 280 1366 Quis
307 1317 376 1355 hic
403 1317 621 1365 loquitur?
648 1316 915 1364 Pythiasne?
942 1316 1000 1354 At
1022 1315 1121 1364 quid
1138 1315 1199 1354 1111
1218 1325 1324 1363 opus
1342 1316 1408 1353 est
1424 1315 1738 1353 Parmenonem

177 1393 432 1431 nominare?
463 1392 620 1430 Totum
652 1392 766 1430 istud
794 1402 951 1439 quem
983 1402 1171 1430 secum
1204 1391 1442 1429 adduxit
1468 1391 1737 1428 Parmeno

179 1468 346 1517 egregIe
401 1468 604 1507 Eunucho
652 1468 862 1516 convenit,
912 1468 984 1516 qui
1031 1469 1187 1516 putans
1234 1468 1547 1505 Parmenonem
1595 1466 1736 1505 solum

178 1545 409 1582 venturum
435 1543 484 1581 ut
509 1553 555 1581 se
583 1543 830 1592 arcesseret,
860 1553 945 1580 non
976 1542 1242 1590 intelligebat
1270 1553 1343 1581 cur
1370 1542 1737 1581 adolescentulum

181 1629 367 1658 secum
411 1618 727 1657 adduceret.
771 1618 838 1656 An
880 1617 972 1657 fieri
1014 1629 1098 1656 non
1139 1618 1279 1666 potuit
1315 1619 1363 1656 ut
1395 1618 1625 1656 Eunuchus
1658 1618 1735 1666 pri-

179 1705 302 1733 mum
333 1694 471 1743 capite
503 1694 719 1743 abnueret,
754 1694 915 1743 deinde,
944 1694 1175 1742 postquam
1201 1693 1381 1742 Pythias
1408 1693 1518 1732 dixit
1544 1694 1734 1741 negat,

179 1770 290 1809 ultro
333 1770 528 1808 adderet:
577 1770 659 1818 „at
700 1769 799 1808 ille
832 1769 980 1808 alter
1013 1792 1065 1796 —
1099 1770 1429 1808 Parmen0''?
1461 1769 1603 1808 Etiam
1630 1779 1738 1816 quae

179 1855 244 1884 vs.
279 1845 362 1883 702
394 1845 616 1892 leguntur:

326 1919 466 1957 Meam
497 1919 587 1968 ipse
618 1920 776 1959 induit:
810 1921 908 1968 post
938 1931 1024 1959 una
1055 1920 1180 1959 ambo
1213 1920 1409 1958 abierunt
1441 1920 1555 1958 foras

240 1994 468 2032 Eunuchus
529 1994 630 2033 dicit
689 2005 774 2033 non
829 1996 1016 2043 rogatus.
1080 1995 1133 2034 Et
1187 1995 1343 2033 melius
1399 1995 1549 2033 deinde
1608 1995 1738 2033 verba

183 2069 281 2114 (694
305 2070 434 2116 sqq.):

931 2145 1114 2193 agedum
1146 2146 1226 2184 hoc
1257 2146 1316 2183 mi
1349 2145 1500 2194 expedi

297 2219 513 2258 Primum:
547 2220 677 2258 istam
710 2230 839 2268 quam
871 2220 1002 2259 habes
1033 2221 1144 2259 unde
1170 2221 1302 2259 habes
1328 2221 1528 2259 vestem?
1556 2221 1706 2258 taces?

300 2295 538 2334 Monstrum
568 2294 755 2333 hominis
787 2305 871 2333 non
902 2295 1138 2334 dicturu's?

183 2370 382 2418 Pythiadi
420 2370 643 2408 dabuntur.
687 2369 799 2425 Tum,
839 2369 1091 2417 Eunuchus:
1133 2370 1286 2418 „Venit
1317 2369 1546 2419 Chaerea,''
1586 2372 1629 2409 et
1666 2370 1737 2408 illo

183 2446 358 2484 demum
399 2446 572 2484 nomine
613 2446 756 2484 audito
788 2456 936 2484 rursus
968 2446 1175 2484 Phaedria
1206 2451 1354 2494 rogare
1386 2447 1545 2495 incipit.
1581 2446 1738 2496 Quodsi

183 2523 297 2571 recte
337 2522 388 2560 de
429 2531 492 2560 VS.
526 2522 610 2560 693
644 2531 705 2569 sq.
740 2521 911 2570 conieci,
945 2521 1080 2570 lepide
1112 2522 1353 2571 Eunuchus,
1390 2533 1517 2570 quem
1549 2523 1738 2571 primum

188 2598 335 2647 „illum
377 2597 589 2636 aIterum⁹⁹
628 2597 748 2646 dixit,
783 2607 894 2635 nunc
926 2597 1056 2635 minis
1089 2598 1260 2636 coactus
1292 2607 1369 2636 suo
1402 2598 1575 2636 nomine
1607 2597 1736 2637 Chae-

184 2683 304 2712 ream
345 2672 542 2721 appellat.
585 2672 638 2711 Et
679 2673 788 2720 quod
830 2672 882 2711 ad
925 2672 1044 2711 illam
1086 2673 1372 2712 coniecturam
1412 2674 1607 2722 pertinet,
1640 2674 1738 2712 vide

184 2759 248 2787 vs.
293 2748 400 2787 702:
447 2749 569 2796 „post
609 2758 695 2786 una
735 2747 860 2786 ambo
902 2747 1097 2786 abierunt
1127 2748 1283 2786 foraS.”
1318 2748 1452 2786 Audis
1483 2749 1738 2787 Eunuchum

187 2833 285 2862 cum
327 2823 497 2871 stupida
537 2822 721 2870 quadam
753 2822 1034 2861 admiratione
1066 2824 1313 2861 narrantem
1343 2823 1394 2862 de
1426 2834 1471 2862 re
1501 2823 1625 2872 plane
1657 2824 1738 2862 sibi

187 2898 378 2937 obscura.

246 2973 397 3011 Metuit
438 2974 583 3012 autem
613 2973 822 3011 Phaedria
853 2983 905 3011 ne
938 2973 1096 3011 veritas
1129 2983 1153 3012 a
1185 2973 1343 3012 Thaide
1374 2973 1443 3013 vel
1475 2984 1499 3013 a
1530 2974 1738 3022 Pythi-ade
