2034 3334
1072 364 1098 405 4

299 502 401 531 nam
442 502 468 531 a
509 490 740 535 Menandro
783 500 833 530 ea
868 490 1003 530 fuisse
1035 489 1196 541 scripta
1227 501 1335 540 quae
1366 491 1541 531 Persius
1571 490 1742 532 habeat.
1773 489 1868 533 Hoc

299 568 416 608 enim
458 568 502 607 et
543 567 779 607 scholiasta
818 567 956 607 Persii
998 567 1102 607 dicit
1144 567 1213 607 his
1244 567 1411 608 verbis:
1448 567 1586 618 „apud
1617 565 1869 608 Terentium

298 653 506 694 personae
548 644 807 684 immutatae
849 645 995 684 sunt.”
1028 644 1082 684 Et
1113 643 1289 685 omnino
1321 643 1395 684 illa
1426 644 1471 683 in
1506 642 1755 684 nominibus
1785 642 1868 684 dis·

299 721 520 771 crepantia
559 721 668 761 inihi
710 721 831 771 parvi
868 722 1082 762 momenti
1114 722 1332 761 videretur
1353 716 1393 771 ¹),
1427 721 1511 761 nisi
1542 720 1595 762 de
1625 719 1752 771 plane
1783 719 1870 761 alia

298 808 343 837 re
386 799 534 847 ageret
565 798 739 838 Persius
771 800 900 847 atque
933 798 1008 838 illa
1039 799 1107 837 est
1131 797 1183 858 *in
1214 807 1299 847 qua
1330 798 1374 837 et
1404 797 1595 838 Terentii
1625 797 1670 838 et
1699 794 1869 838 Horatii

298 875 418 915 locus
459 877 702 915 versantur.
745 875 1000 915 Persianum
1043 875 1166 915 illum
1203 874 1406 915 iuvenem
1437 874 1646 925 pristinae
1675 872 1870 915 levitatis

298 952 429 1001 pudet
469 952 756 1002 poenitetque,
801 953 854 991 ad
895 952 1055 991 bonam
1096 951 1191 991 'vult
1231 950 1369 991 redire
1405 951 1587 1000 frugem.
1630 949 1724 990 Hoc
1753 950 1871 990 certe

298 1027 489 1078 simulat,
534 1038 638 1068 nam
679 1027 834 1068 statim
875 1038 923 1068 se
959 1027 1143 1067 indicat:
1177 1027 1245 1067 sui
1276 1027 1538 1067 desiderium
1568 1026 1665 1068 vult
1693 1034 1871 1066 movere

298 1106 476 1145 amicae.
511 1105 748 1146 Exclusum
774 1116 822 1145 se
847 1105 983 1145 fuisse
1010 1097 1064 1145 ne
1090 1105 1222 1145 verbo
1249 1105 1422 1154 quidem
1449 1102 1677 1154 significat.
1703 1102 1871 1154 Ergone

298 1181 430 1221 aliam
466 1182 660 1222 fabulam
692 1182 887 1231 ignotam
919 1182 1043 1222 nobis
1075 1183 1176 1221 ante
1209 1181 1355 1221 oculos
1386 1181 1518 1221 habet
1547 1177 1871 1220 Persam-‘2511

299 1258 441 1297 ausim
483 1258 564 1298 hoc
596 1267 859 1308 asseverare,
893 1257 996 1298 licet
1026 1267 1113 1297 non
1143 1258 1202 1297 sit
1233 1257 1492 1297 incredibile.
1526 1255 1700 1296 Etenim
1728 1254 1872 1307 magis

301 1333 345 1373 in
386 1334 498 1373 hanc
539 1334 696 1373 inclino
739 1333 985 1383 opinionem
1021 1334 1070 1373 ut
1101 1333 1242 1373 dicam
1274 1332 1484 1382 Persium,
1518 1328 1720 1382 pudicum
1750 1342 1870 1372 seve-

302 1420 482 1459 rumque
520 1407 851 1460 adolescentem,
886 1410 1137 1460 disciplinae
1169 1410 1389 1450 addictum
1422 1409 1604 1459 Stoicae,
1637 1410 1682 1449 et
1712 1408 1758 1448 in
1787 1408 1870 1448 Me-
1915 1408 1921 1414 '

302 1486 464 1524 nandro
491 1487 551 1525 -et
593 1485 636 1525 in
678 1486 878 1525 Terentio
910 1486 1045 1526 fuisse
1077 1486 1306 1535 hospitem,
1341 1487 1470 1535 atque
1502 1485 1546 1525 in
1577 1485 1671 1535 hoc,
1703 1485 1758 1525 de
1783 1492 1871 1534 *quo

303 1562 486 1611 agimus,
515 1562 607 1601 loco
635 1562 939 1602 conscribendo
966 1573 1051 1602 uno
1078 1563 1258 1602 Horatio
1281 1563 1426 1602 nisum
1444 1573 1551 1612 esse,
1571 1571 1701 1611 quem
1715 1571 1871 1612 parum

301 1638 584 1688 intelligeret„
607 1639 718 1678 Nam
750 1639 787 1678 si
818 1650 955 1678 unum
981 1639 1085 1678 illud
1116 1640 1348 1689 „quidnam
1374 1639 1506 1688 igitur
1530 1638 1743 1688 faciam,”.
1760 1637 1872 1688 quod

302 1714 494 1754 cuiusvis
536 1716 614 1764 est,
659 1715 853 1764 quodque
896 1715 1032 1754 obiter
1074 1710 1266 1764 inspecto
1308 1714 1507 1766 Terentio
1551 1736 1603 1743 —
1641 1715 1692 1754 ut
1722 1715 1872 1755 tamen

301 1791 382 1830 hoc
422 1791 581 1840 largiar
621 1791 747 1831 aliter
789 1791 1063 1831 censentibus
1107 1814 1154 1820 --
1205 1801 1460 1841 cognoscere
1500 1790 1642 1842 potuit
1681 1789 1869 1841 Persius,

303 1870 445 1907 cetera
477 1868 634 1907 omnia
655 1869 864 1908 vocabula
896 1879 1004 1917 quae
1037 1869 1077 1908 ei
1108 1870 1212 1908 sunt
1245 1878 1343 1908 cum
1375 1867 1575 1907 Terentio
1607 1866 1868 1918 communia,

303 1946 347 1983 et
381 1944 491 1994 apud
523 1944 753 1984 Horatium
785 1945 998 1994 leguntur.
1028 1945 1109 1984 Sed
1137 1945 1243 1984 haec
1269 1944 1511 1994 mittamuS,
1541 1944 1594 1983 ad
1621 1943 1872 1984 Terentium

303 2021 543 2060 redeamus.
586 2021 640 2060 Et
681 2032 780 2060 cum
822 2022 873 2060 de
914 2022 1007 2061 tota
1047 2031 1178 2061 scena
1209 2020 1458 2070 viderimuS,
1492 2019 1664 2070 singula
1693 2018 1871 2070 adspici-

303 2108 429 2137 amus
460 2098 681 2138 vocabula.

481 2185 545 2213 vs.
579 2175 636 2215 46
668 2185 731 2223 sq.
751 2170 780 2221 2)

423 2250 529 2300 Quid
562 2251 693 2300 igitur
724 2251 916 2290 faciam?
948 2251 1041 2291 Non
1075 2261 1185 2301 eam,
1219 2260 1273 2290 ne
1305 2261 1418 2290 nunc
1449 2249 1623 2300 quidem

423 2327 559 2376 Quom
592 2338 786 2367 arcessor
817 2328 963 2368 ultro?
995 2339 1050 2367 an
1081 2328 1224 2378 potius
1256 2327 1318 2367 ita
1348 2338 1419 2367 me
1452 2337 1770 2378 comparem...

303 2403 470 2442 Dixerit
511 2404 667 2452 aliquis
708 2404 943 2452 particulae
985 2414 1049 2443 an
1092 2404 1236 2443 locum
1266 2403 1338 2443 hic
1368 2414 1454 2443 non
1485 2413 1603 2443 esse:
1635 2413 1723 2443 non
1753 2401 1871 2443 enim

304 2479 415 2519 inter
457 2491 503 2519 se
545 2481 747 2529 opponi
789 2482 896 2520 duas
938 2491 1019 2530 reS,
1063 2481 1140 2520 sed
1172 2480 1312 2530 iungi;
1346 2490 1453 2529 opus
1484 2490 1584 2530 ergo
1617 2489 1713 2520 esse
1741 2478 1870 2529 parti-

305 2555 400 2594 cula
432 2566 510 2604 ac,
541 2558 589 2595 ut
615 2556 677 2595 sic
703 2556 791 2595 fere
819 2559 940 2605 roget
966 2556 1197 2596 Phaedria:
1225 2566 1388 2606 „neque
1405 2566 1518 2596 nunc
1533 2566 1672 2605 neque
1691 2554 1872 2605 posthac

341 2726 362 2759 1)
394 2726 536 2755 Terentii
565 2728 748 2756 scholiasta
773 2728 811 2756 de
841 2727 1033 2763 Phaedriae,
1060 2726 1288 2763 Parmenonis,
1314 2727 1449 2756 Thaidis
1468 2726 1504 2755 in
1521 2725 1691 2756 Menandri
1711 2725 1871 2755 Eunucho

303 2778 494 2806 nominibus
523 2779 605 2807 nihil
636 2780 727 2813 dicit,
754 2786 957 2813 quamquam
988 2779 1022 2807 in
1051 2779 1215 2808 eiusmodi
1244 2779 1344 2808 rebus
1374 2778 1674 2808 commemorandis
1692 2777 1871 2807 accuratIs·

304 2829 410 2857 simus
430 2837 505 2858 esse
525 2831 620 2859 solet.

340 2884 361 2915 2)
392 2882 428 2910 In
459 2884 601 2912 citandis
631 2885 784 2913 versibus
815 2886 949 2913 actuum
980 2891 1220 2919 seenarumque
1246 2883 1302 2912 hic
1330 2891 1397 2912 non
1423 2883 1551 2912 habebo
1578 2882 1759 2920 rationem3
1788 2881 1870 2912 indi-

304 2933 383 2961 cabo
403 2935 636 2964 tantummodo
655 2936 789 2965 totius
812 2936 944 2965 rabulae
963 2938 1087 2971 quotus
1107 2936 1155 2966 sit
1173 2943 1294 2966 versus
1315 2935 1354 2965 de
1372 2942 1436 2970 quo
1456 2935 1576 2970 agitur.
