<?xml version="1.0" encoding="UTF-8"?>
<!DOCTYPE html PUBLIC "-//W3C//DTD XHTML 1.0 Transitional//EN"
    "http://www.w3.org/TR/xhtml1/DTD/xhtml1-transitional.dtd">
<html xmlns="http://www.w3.org/1999/xhtml" xml:lang="en" lang="en">
 <head>
  <title>
</title>
<meta http-equiv="Content-Type" content="text/html;charset=utf-8" />
  <meta name='ocr-system' content='tesseract 3.04.00' />
  <meta name='ocr-capabilities' content='ocr_page ocr_carea ocr_par ocr_line ocrx_word'/>
</head>
<body>
  <div class='ocr_page' id='page_1' title='image "./dehoratiopota00hartuoft_0562.png"; bbox 0 0 2034 3334; ppageno 0'>
   <div class='ocr_carea' id='block_1_1' title="bbox 1025 389 1107 431">
    <p class='ocr_par' dir='ltr' id='par_1_1' title="bbox 1025 389 1107 431">
     <span class='ocr_line' id='line_1_1' title="bbox 1025 389 1107 431; baseline 0.024 -2"><span class='ocrx_word' id='word_1_1' title='bbox 1025 389 1107 431; x_wconf 81' lang='lat'>178</span> 
     </span>
    </p>
   </div>
   <div class='ocr_carea' id='block_1_2' title="bbox 261 515 1846 2621">
    <p class='ocr_par' dir='ltr' id='par_1_2' title="bbox 267 515 1846 1175">
     <span class='ocr_line' id='line_1_2' title="bbox 273 515 1846 566; baseline 0.001 -10"><span class='ocrx_word' id='word_1_2' title='bbox 273 517 311 556; x_wconf 80' lang='lat' dir='ltr'>si</span> <span class='ocrx_word' id='word_1_3' title='bbox 357 516 583 557; x_wconf 85' lang='lat' dir='ltr'>habitet</span> <span class='ocrx_word' id='word_1_4' title='bbox 629 516 790 556; x_wconf 87' lang='lat' dir='ltr'>diceret</span> <span class='ocrx_word' id='word_1_5' title='bbox 835 526 921 556; x_wconf 92' lang='lat' dir='ltr'>non</span> <span class='ocrx_word' id='word_1_6' title='bbox 964 517 1057 556; x_wconf 92' lang='lat' dir='ltr'>erat</span> <span class='ocrx_word' id='word_1_7' title='bbox 1099 515 1342 566; x_wconf 86' lang='lat' dir='ltr'>errandum,</span> <span class='ocrx_word' id='word_1_8' title='bbox 1382 516 1530 566; x_wconf 85' lang='lat' dir='ltr'>agnita</span> <span class='ocrx_word' id='word_1_9' title='bbox 1559 526 1744 566; x_wconf 80' lang='lat' dir='ltr'>persona</span> <span class='ocrx_word' id='word_1_10' title='bbox 1771 516 1846 558; x_wconf 83' lang='lat' dir='ltr'>ubi</span> 
     </span>
     <span class='ocr_line' id='line_1_3' title="bbox 273 591 1846 642; baseline 0.001 -11"><span class='ocrx_word' id='word_1_11' title='bbox 273 592 439 632; x_wconf 83' lang='lat' dir='ltr'>habitet</span> <span class='ocrx_word' id='word_1_12' title='bbox 480 593 673 642; x_wconf 84' lang='lat' dir='ltr'>cognito;</span> <span class='ocrx_word' id='word_1_13' title='bbox 717 594 761 632; x_wconf 90' lang='lat' dir='ltr'>et</span> <span class='ocrx_word' id='word_1_14' title='bbox 801 591 840 631; x_wconf 83' lang='lat' dir='ltr'>si</span> <span class='ocrx_word' id='word_1_15' title='bbox 872 593 1001 632; x_wconf 81' lang='lat' dir='ltr'>notus</span> <span class='ocrx_word' id='word_1_16' title='bbox 1033 593 1150 632; x_wconf 80' lang='lat' dir='ltr'>esset</span> <span class='ocrx_word' id='word_1_17' title='bbox 1183 592 1302 632; x_wconf 90' lang='lat' dir='ltr'>nulla</span> <span class='ocrx_word' id='word_1_18' title='bbox 1332 602 1464 632; x_wconf 82' lang='lat' dir='ltr'>causa</span> <span class='ocrx_word' id='word_1_19' title='bbox 1494 592 1768 642; x_wconf 85' lang='lat' dir='ltr'>quaerendi.”</span> <span class='ocrx_word' id='word_1_20' title='bbox 1799 592 1846 634; x_wconf 86' lang='lat' dir='ltr'>Si</span> 
     </span>
     <span class='ocr_line' id='line_1_4' title="bbox 272 667 1844 718; baseline 0.002 -11"><span class='ocrx_word' id='word_1_21' title='bbox 272 668 407 716; x_wconf 82' lang='lat' dir='ltr'>Syrus</span> <span class='ocrx_word' id='word_1_22' title='bbox 448 668 654 708; x_wconf 78' lang='lat' dir='ltr'>dixisset:</span> <span class='ocrx_word' id='word_1_23' title='bbox 700 668 816 717; x_wconf 81' lang='lat' dir='ltr'>„scio</span> <span class='ocrx_word' id='word_1_24' title='bbox 857 667 930 707; x_wconf 89' lang='lat' dir='ltr'>ubi</span> <span class='ocrx_word' id='word_1_25' title='bbox 972 668 1103 707; x_wconf 88' lang='lat' dir='ltr'>homo</span> <span class='ocrx_word' id='word_1_26' title='bbox 1138 667 1209 708; x_wconf 91' lang='lat' dir='ltr'>ille</span> <span class='ocrx_word' id='word_1_27' title='bbox 1251 668 1431 718; x_wconf 89' lang='lat' dir='ltr'>habitet,</span> <span class='ocrx_word' id='word_1_28' title='bbox 1465 678 1608 708; x_wconf 88' lang='lat' dir='ltr'>errare</span> <span class='ocrx_word' id='word_1_29' title='bbox 1639 667 1728 709; x_wconf 86' lang='lat' dir='ltr'>iam</span> <span class='ocrx_word' id='word_1_30' title='bbox 1757 678 1844 710; x_wconf 86' lang='lat' dir='ltr'>non</span> 
     </span>
     <span class='ocr_line' id='line_1_5' title="bbox 270 743 1845 795; baseline 0.002 -12"><span class='ocrx_word' id='word_1_31' title='bbox 270 746 419 793; x_wconf 80' lang='lat' dir='ltr'>posset</span> <span class='ocrx_word' id='word_1_32' title='bbox 462 744 638 795; x_wconf 84' lang='lat' dir='ltr'><strong>Demea,</strong></span> <span class='ocrx_word' id='word_1_33' title='bbox 687 744 788 793; x_wconf 90' lang='lat' dir='ltr'>quia</span> <span class='ocrx_word' id='word_1_34' title='bbox 833 744 1004 794; x_wconf 86' lang='lat' dir='ltr'>cognito</span> <span class='ocrx_word' id='word_1_35' title='bbox 1051 743 1167 784; x_wconf 81' lang='lat' dir='ltr'>illius</span> <span class='ocrx_word' id='word_1_36' title='bbox 1213 744 1403 785; x_wconf 82' lang='lat' dir='ltr'>hominis</span> <span class='ocrx_word' id='word_1_37' title='bbox 1449 744 1679 795; x_wconf 80' lang='lat' dir='ltr'>domicilio,</span> <span class='ocrx_word' id='word_1_38' title='bbox 1711 744 1845 786; x_wconf 78' lang='lat' dir='ltr'>simul</span> 
     </span>
     <span class='ocr_line' id='line_1_6' title="bbox 270 820 1844 871; baseline 0.001 -11"><span class='ocrx_word' id='word_1_39' title='bbox 270 821 414 870; x_wconf 85' lang='lat' dir='ltr'>ipsum</span> <span class='ocrx_word' id='word_1_40' title='bbox 460 822 735 871; x_wconf 84' lang='lat' dir='ltr'>agnosceret;</span> <span class='ocrx_word' id='word_1_41' title='bbox 785 824 829 861; x_wconf 92' lang='lat' dir='ltr'>et</span> <span class='ocrx_word' id='word_1_42' title='bbox 874 821 912 860; x_wconf 81' lang='lat' dir='ltr'>si</span> <span class='ocrx_word' id='word_1_43' title='bbox 959 822 1089 861; x_wconf 82' lang='lat' dir='ltr'>notus</span> <span class='ocrx_word' id='word_1_44' title='bbox 1131 820 1202 861; x_wconf 89' lang='lat' dir='ltr'>ille</span> <span class='ocrx_word' id='word_1_45' title='bbox 1244 821 1374 861; x_wconf 91' lang='lat' dir='ltr'>homo</span> <span class='ocrx_word' id='word_1_46' title='bbox 1406 821 1445 861; x_wconf 92' lang='lat' dir='ltr'>ei</span> <span class='ocrx_word' id='word_1_47' title='bbox 1477 822 1594 861; x_wconf 80' lang='lat' dir='ltr'>esset</span> <span class='ocrx_word' id='word_1_48' title='bbox 1625 822 1684 869; x_wconf 87' lang='lat' dir='ltr'>(et</span> <span class='ocrx_word' id='word_1_49' title='bbox 1714 821 1844 862; x_wconf 80' lang='lat' dir='ltr'>notus</span> 
     </span>
     <span class='ocr_line' id='line_1_7' title="bbox 269 879 1844 948; baseline 0.001 -12"><span class='ocrx_word' id='word_1_50' title='bbox 269 898 336 936; x_wconf 86' lang='lat' dir='ltr'>est</span> <span class='ocrx_word' id='word_1_51' title='bbox 378 897 500 937; x_wconf 84' lang='lat' dir='ltr'>cuius</span> <span class='ocrx_word' id='word_1_52' title='bbox 541 897 809 937; x_wconf 85' lang='lat' dir='ltr'>domicilium</span> <span class='ocrx_word' id='word_1_53' title='bbox 853 897 1069 943; x_wconf 82' lang='lat' dir='ltr'>novimus)</span> <span class='ocrx_word' id='word_1_54' title='bbox 1112 879 1211 938; x_wconf 51' lang='lat' dir='ltr'>non¹</span> <span class='ocrx_word' id='word_1_55' title='bbox 1230 897 1316 938; x_wconf 88' lang='lat' dir='ltr'>iam</span> <span class='ocrx_word' id='word_1_56' title='bbox 1350 899 1442 938; x_wconf 88' lang='lat' dir='ltr'>erat</span> <span class='ocrx_word' id='word_1_57' title='bbox 1474 897 1586 947; x_wconf 87' lang='lat' dir='ltr'>quod</span> <span class='ocrx_word' id='word_1_58' title='bbox 1617 898 1844 948; x_wconf 77' lang='lat' dir='ltr'>quaereret</span> 
     </span>
     <span class='ocr_line' id='line_1_8' title="bbox 267 973 1048 1014; baseline 0.003 -3"><span class='ocrx_word' id='word_1_59' title='bbox 267 973 472 1013; x_wconf 87' lang='lat' dir='ltr'>Demea.&#39;’</span> <span class='ocrx_word' id='word_1_60' title='bbox 506 973 567 1014; x_wconf 85' lang='lat' dir='ltr'>Cf.</span> <span class='ocrx_word' id='word_1_61' title='bbox 601 973 804 1013; x_wconf 89' lang='lat' dir='ltr'>Phormio</span> <span class='ocrx_word' id='word_1_62' title='bbox 836 983 902 1012; x_wconf 83' lang='lat' dir='ltr'>vs.</span> <span class='ocrx_word' id='word_1_63' title='bbox 939 973 1048 1013; x_wconf 81' lang='lat'>305:</span> 
     </span>
     <span class='ocr_line' id='line_1_9' title="bbox 986 1049 1636 1090; baseline 0.002 -1"><span class='ocrx_word' id='word_1_64' title='bbox 986 1049 1221 1090; x_wconf 83' lang='lat' dir='ltr'>Hominem</span> <span class='ocrx_word' id='word_1_65' title='bbox 1253 1050 1636 1090; x_wconf 79' lang='lat' dir='ltr'>commonstrarier</span> 
     </span>
     <span class='ocr_line' id='line_1_10' title="bbox 476 1125 1631 1175; baseline 0.001 -10"><span class='ocrx_word' id='word_1_66' title='bbox 476 1126 532 1165; x_wconf 89' lang='lat' dir='ltr'>Mi</span> <span class='ocrx_word' id='word_1_67' title='bbox 563 1126 698 1165; x_wconf 84' lang='lat' dir='ltr'>istum</span> <span class='ocrx_word' id='word_1_68' title='bbox 730 1125 840 1175; x_wconf 90' lang='lat' dir='ltr'>volo,</span> <span class='ocrx_word' id='word_1_69' title='bbox 875 1127 951 1165; x_wconf 90' lang='lat' dir='ltr'>aut</span> <span class='ocrx_word' id='word_1_70' title='bbox 981 1125 1053 1165; x_wconf 89' lang='lat' dir='ltr'>ubi</span> <span class='ocrx_word' id='word_1_71' title='bbox 1084 1125 1252 1165; x_wconf 88' lang='lat' dir='ltr'>habitet</span> <span class='ocrx_word' id='word_1_72' title='bbox 1282 1126 1631 1167; x_wconf 84' lang='lat' dir='ltr'>demonstrarier.</span> 
     </span>
    </p>

    <p class='ocr_par' dir='ltr' id='par_1_3' title="bbox 263 1201 1843 1632">
     <span class='ocr_line' id='line_1_11' title="bbox 328 1201 1843 1251; baseline 0.002 -10"><span class='ocrx_word' id='word_1_73' title='bbox 328 1203 398 1242; x_wconf 83' lang='lat'>35.</span> <span class='ocrx_word' id='word_1_74' title='bbox 446 1201 550 1242; x_wconf 91' lang='lat' dir='ltr'>Ubi</span> <span class='ocrx_word' id='word_1_75' title='bbox 597 1213 656 1242; x_wconf 91' lang='lat' dir='ltr'>eo</span> <span class='ocrx_word' id='word_1_76' title='bbox 697 1202 951 1251; x_wconf 81' lang='lat' dir='ltr'>veneriS‚</span> <span class='ocrx_word' id='word_1_77' title='bbox 997 1202 1181 1242; x_wconf 83' lang='lat' dir='ltr'>clivos</span> <span class='ocrx_word' id='word_1_78' title='bbox 1222 1203 1483 1243; x_wconf 83' lang='lat' dir='ltr'>deorsum</span> <span class='ocrx_word' id='word_1_79' title='bbox 1517 1212 1720 1244; x_wconf 82' lang='lat' dir='ltr'>vorsus</span> <span class='ocrx_word' id='word_1_80' title='bbox 1752 1204 1843 1244; x_wconf 83' lang='lat' dir='ltr'>est</span> 
     </span>
     <span class='ocr_line' id='line_1_12' title="bbox 266 1277 1840 1330; baseline 0.002 -13"><span class='ocrx_word' id='word_1_81' title='bbox 266 1277 367 1317; x_wconf 91' lang='lat' dir='ltr'>hac</span> <span class='ocrx_word' id='word_1_82' title='bbox 413 1280 466 1318; x_wconf 86' lang='lat' dir='ltr'>te</span> <span class='ocrx_word' id='word_1_83' title='bbox 512 1278 928 1328; x_wconf 87' lang='lat' dir='ltr'>praecipitato]</span> <span class='ocrx_word' id='word_1_84' title='bbox 984 1278 1092 1328; x_wconf 88' lang='lat' dir='ltr'>„hoc</span> <span class='ocrx_word' id='word_1_85' title='bbox 1135 1279 1296 1319; x_wconf 84' lang='lat' dir='ltr'>lentius</span> <span class='ocrx_word' id='word_1_86' title='bbox 1338 1279 1469 1329; x_wconf 85' lang='lat' dir='ltr'>aliqui</span> <span class='ocrx_word' id='word_1_87' title='bbox 1512 1280 1673 1330; x_wconf 89' lang='lat' dir='ltr'>legunt,</span> <span class='ocrx_word' id='word_1_88' title='bbox 1707 1279 1840 1330; x_wconf 85' lang='lat' dir='ltr'>aliqui</span> 
     </span>
     <span class='ocr_line' id='line_1_13' title="bbox 267 1353 1842 1407; baseline 0.002 -14"><span class='ocrx_word' id='word_1_89' title='bbox 267 1353 424 1393; x_wconf 88' lang='lat' dir='ltr'>clarius</span> <span class='ocrx_word' id='word_1_90' title='bbox 470 1356 519 1394; x_wconf 91' lang='lat' dir='ltr'>ut</span> <span class='ocrx_word' id='word_1_91' title='bbox 559 1354 619 1394; x_wconf 84' lang='lat' dir='ltr'>sit</span> <span class='ocrx_word' id='word_1_92' title='bbox 659 1354 1047 1404; x_wconf 88' lang='lat' dir='ltr'>praecipitato</span> <span class='ocrx_word' id='word_1_93' title='bbox 1090 1355 1175 1395; x_wconf 93' lang='lat' dir='ltr'>cito</span> <span class='ocrx_word' id='word_1_94' title='bbox 1217 1355 1469 1396; x_wconf 81' lang='lat' dir='ltr'>descende.”</span> <span class='ocrx_word' id='word_1_95' title='bbox 1512 1356 1704 1407; x_wconf 85' lang='lat' dir='ltr'>Antiqua</span> <span class='ocrx_word' id='word_1_96' title='bbox 1733 1356 1842 1397; x_wconf 86' lang='lat' dir='ltr'>haec</span> 
     </span>
     <span class='ocr_line' id='line_1_14' title="bbox 264 1419 1842 1482; baseline 0.002 -13"><span class='ocrx_word' id='word_1_97' title='bbox 264 1430 392 1470; x_wconf 91' lang='lat' dir='ltr'>lectio</span> <span class='ocrx_word' id='word_1_98' title='bbox 438 1441 642 1480; x_wconf 80' lang='lat' dir='ltr'>sanaque,</span> <span class='ocrx_word' id='word_1_99' title='bbox 692 1430 775 1470; x_wconf 81' lang='lat' dir='ltr'>nisi</span> <span class='ocrx_word' id='word_1_100' title='bbox 818 1419 930 1479; x_wconf 87' lang='lat' dir='ltr'>quod</span> <span class='ocrx_word' id='word_1_101' title='bbox 971 1441 1108 1480; x_wconf 89' lang='lat' dir='ltr'>pauca</span> <span class='ocrx_word' id='word_1_102' title='bbox 1149 1431 1358 1471; x_wconf 89' lang='lat' dir='ltr'>vocabula</span> <span class='ocrx_word' id='word_1_103' title='bbox 1389 1432 1710 1473; x_wconf 77' lang='lat' dir='ltr'>desiderantur:</span> <span class='ocrx_word' id='word_1_104' title='bbox 1741 1433 1842 1482; x_wconf 83' lang='lat' dir='ltr'>post</span> 
     </span>
     <span class='ocr_line' id='line_1_15' title="bbox 264 1506 1839 1556; baseline 0.001 -10"><span class='ocrx_word' id='word_1_105' title='bbox 264 1507 384 1556; x_wconf 83' lang='lat' dir='ltr'>prius</span> <span class='ocrx_word' id='word_1_106' title='bbox 415 1507 533 1546; x_wconf 89' lang='lat' dir='ltr'>enim</span> <span class='ocrx_word' id='word_1_107' title='bbox 560 1506 741 1555; x_wconf 86' lang='lat' dir='ltr'>aliqui</span> <span class='ocrx_word' id='word_1_108' title='bbox 771 1506 970 1555; x_wconf 89' lang='lat' dir='ltr'>legunt</span> <span class='ocrx_word' id='word_1_109' title='bbox 996 1506 1274 1546; x_wconf 86' lang='lat' dir='ltr'>inserendum</span> <span class='ocrx_word' id='word_1_110' title='bbox 1301 1508 1369 1546; x_wconf 83' lang='lat' dir='ltr'>est</span> <span class='ocrx_word' id='word_1_111' title='bbox 1394 1508 1453 1547; x_wconf 91' lang='lat' dir='ltr'>ut</span> <span class='ocrx_word' id='word_1_112' title='bbox 1479 1508 1558 1547; x_wconf 82' lang='lat' dir='ltr'>sit</span> <span class='ocrx_word' id='word_1_113' title='bbox 1581 1507 1839 1548; x_wconf 85' lang='lat' dir='ltr'>maledic·</span> 
     </span>
     <span class='ocr_line' id='line_1_16' title="bbox 263 1581 1505 1632; baseline 0.001 -10"><span class='ocrx_word' id='word_1_114' title='bbox 263 1584 392 1622; x_wconf 90' lang='lat' dir='ltr'>tum.</span> <span class='ocrx_word' id='word_1_115' title='bbox 426 1582 640 1631; x_wconf 88' lang='lat' dir='ltr'>Ambigue</span> <span class='ocrx_word' id='word_1_116' title='bbox 672 1582 790 1622; x_wconf 90' lang='lat' dir='ltr'>enim</span> <span class='ocrx_word' id='word_1_117' title='bbox 822 1581 987 1621; x_wconf 89' lang='lat' dir='ltr'>dictum</span> <span class='ocrx_word' id='word_1_118' title='bbox 1019 1583 1408 1632; x_wconf 82' lang='lat' dir='ltr'>praecipitato</span> <span class='ocrx_word' id='word_1_119' title='bbox 1439 1585 1505 1623; x_wconf 88' lang='lat' dir='ltr'>te.</span> 
     </span>
    </p>

    <p class='ocr_par' dir='ltr' id='par_1_4' title="bbox 262 1658 1838 2013">
     <span class='ocr_line' id='line_1_17' title="bbox 324 1658 1838 1709; baseline 0.001 -11"><span class='ocrx_word' id='word_1_120' title='bbox 324 1660 394 1699; x_wconf 84' lang='lat'>47.</span> <span class='ocrx_word' id='word_1_121' title='bbox 437 1658 540 1698; x_wconf 91' lang='lat' dir='ltr'>Ubi</span> <span class='ocrx_word' id='word_1_122' title='bbox 581 1658 800 1708; x_wconf 86' lang='lat' dir='ltr'>potetis</span> <span class='ocrx_word' id='word_1_123' title='bbox 841 1660 964 1705; x_wconf 84' lang='lat' dir='ltr'>vos]</span> <span class='ocrx_word' id='word_1_124' title='bbox 1013 1658 1204 1707; x_wconf 86' lang='lat' dir='ltr'>„incerta</span> <span class='ocrx_word' id='word_1_125' title='bbox 1243 1669 1448 1708; x_wconf 83' lang='lat' dir='ltr'>persona:</span> <span class='ocrx_word' id='word_1_126' title='bbox 1492 1669 1596 1699; x_wconf 90' lang='lat' dir='ltr'>nam</span> <span class='ocrx_word' id='word_1_127' title='bbox 1628 1659 1736 1709; x_wconf 87' lang='lat' dir='ltr'>Syro</span> <span class='ocrx_word' id='word_1_128' title='bbox 1768 1660 1838 1701; x_wconf 87' lang='lat' dir='ltr'>vel</span> 
     </span>
     <span class='ocr_line' id='line_1_18' title="bbox 262 1734 1836 1786; baseline 0.001 -12"><span class='ocrx_word' id='word_1_129' title='bbox 262 1734 450 1774; x_wconf 86' lang='lat' dir='ltr'>Demeae</span> <span class='ocrx_word' id='word_1_130' title='bbox 491 1735 573 1774; x_wconf 90' lang='lat' dir='ltr'>hoc</span> <span class='ocrx_word' id='word_1_131' title='bbox 604 1734 769 1774; x_wconf 89' lang='lat' dir='ltr'>dictum</span> <span class='ocrx_word' id='word_1_132' title='bbox 800 1734 919 1783; x_wconf 89' lang='lat' dir='ltr'>iungi</span> <span class='ocrx_word' id='word_1_133' title='bbox 951 1735 1137 1783; x_wconf 86' lang='lat' dir='ltr'>potest.”</span> <span class='ocrx_word' id='word_1_134' title='bbox 1170 1734 1251 1774; x_wconf 92' lang='lat' dir='ltr'>Pro</span> <span class='ocrx_word' id='word_1_135' title='bbox 1284 1735 1441 1785; x_wconf 88' lang='lat' dir='ltr'>iungi</span> <span class='ocrx_word' id='word_1_136' title='bbox 1472 1735 1567 1785; x_wconf 86' lang='lat' dir='ltr'>lege</span> <span class='ocrx_word' id='word_1_137' title='bbox 1597 1735 1836 1786; x_wconf 82' lang='lat' dir='ltr'>iniungi.</span> 
     </span>
     <span class='ocr_line' id='line_1_19' title="bbox 263 1811 1836 1860; baseline 0.001 -9"><span class='ocrx_word' id='word_1_138' title='bbox 263 1811 317 1851; x_wconf 90' lang='lat' dir='ltr'>Et</span> <span class='ocrx_word' id='word_1_139' title='bbox 347 1822 506 1851; x_wconf 92' lang='lat' dir='ltr'>nomen</span> <span class='ocrx_word' id='word_1_140' title='bbox 537 1811 774 1851; x_wconf 85' lang='lat' dir='ltr'>Demeae</span> <span class='ocrx_word' id='word_1_141' title='bbox 806 1812 1056 1860; x_wconf 86' lang='lat' dir='ltr'>corruptum</span> <span class='ocrx_word' id='word_1_142' title='bbox 1089 1812 1179 1860; x_wconf 79' lang='lat' dir='ltr'>est;</span> <span class='ocrx_word' id='word_1_143' title='bbox 1213 1822 1298 1851; x_wconf 92' lang='lat' dir='ltr'>non</span> <span class='ocrx_word' id='word_1_144' title='bbox 1330 1812 1447 1851; x_wconf 91' lang='lat' dir='ltr'>enim</span> <span class='ocrx_word' id='word_1_145' title='bbox 1475 1812 1536 1852; x_wconf 93' lang='lat' dir='ltr'>illi</span> <span class='ocrx_word' id='word_1_146' title='bbox 1563 1812 1729 1852; x_wconf 88' lang='lat' dir='ltr'>dictum</span> <span class='ocrx_word' id='word_1_147' title='bbox 1756 1812 1836 1853; x_wconf 86' lang='lat' dir='ltr'>hoc</span> 
     </span>
     <span class='ocr_line' id='line_1_20' title="bbox 263 1886 1835 1938; baseline 0.001 -12"><span class='ocrx_word' id='word_1_148' title='bbox 263 1889 331 1927; x_wconf 84' lang='lat' dir='ltr'>est</span> <span class='ocrx_word' id='word_1_149' title='bbox 361 1887 436 1927; x_wconf 83' lang='lat' dir='ltr'>sed</span> <span class='ocrx_word' id='word_1_150' title='bbox 469 1888 560 1936; x_wconf 84' lang='lat' dir='ltr'>ipse</span> <span class='ocrx_word' id='word_1_151' title='bbox 592 1888 714 1926; x_wconf 81' lang='lat' dir='ltr'>dixit.</span> <span class='ocrx_word' id='word_1_152' title='bbox 750 1886 975 1926; x_wconf 85' lang='lat' dir='ltr'>Sententia</span> <span class='ocrx_word' id='word_1_153' title='bbox 1006 1887 1238 1936; x_wconf 87' lang='lat' dir='ltr'>requiritur</span> <span class='ocrx_word' id='word_1_154' title='bbox 1270 1887 1398 1927; x_wconf 90' lang='lat' dir='ltr'>haec:</span> <span class='ocrx_word' id='word_1_155' title='bbox 1436 1887 1570 1938; x_wconf 78' lang='lat' dir='ltr'>„Vos</span> <span class='ocrx_word' id='word_1_156' title='bbox 1596 1886 1835 1938; x_wconf 80' lang='lat' dir='ltr'>significat:</span> 
     </span>
     <span class='ocr_line' id='line_1_21' title="bbox 263 1963 1122 2013; baseline -0.001 -10"><span class='ocrx_word' id='word_1_157' title='bbox 263 1965 306 2002; x_wconf 89' lang='lat' dir='ltr'>te</span> <span class='ocrx_word' id='word_1_158' title='bbox 339 1973 439 2003; x_wconf 86' lang='lat' dir='ltr'>cum</span> <span class='ocrx_word' id='word_1_159' title='bbox 470 1965 562 2003; x_wconf 92' lang='lat' dir='ltr'>toto</span> <span class='ocrx_word' id='word_1_160' title='bbox 594 1964 678 2003; x_wconf 84' lang='lat' dir='ltr'>isto</span> <span class='ocrx_word' id='word_1_161' title='bbox 710 1965 918 2013; x_wconf 90' lang='lat' dir='ltr'>nepotum</span> <span class='ocrx_word' id='word_1_162' title='bbox 950 1963 1122 2012; x_wconf 87' lang='lat' dir='ltr'>grege.”</span> 
     </span>
    </p>

    <p class='ocr_par' dir='ltr' id='par_1_5' title="bbox 261 2038 1837 2621">
     <span class='ocr_line' id='line_1_22' title="bbox 323 2038 1837 2092; baseline 0.003 -15"><span class='ocrx_word' id='word_1_163' title='bbox 323 2039 392 2092; x_wconf 82' lang='grc'>48.</span> <span class='ocrx_word' id='word_1_164' title='bbox 436 2039 547 2079; x_wconf 88' lang='lat' dir='ltr'>Data</span> <span class='ocrx_word' id='word_1_165' title='bbox 578 2038 697 2079; x_wconf 82' lang='lat' dir='ltr'>vocis</span> <span class='ocrx_word' id='word_1_166' title='bbox 731 2038 1102 2079; x_wconf 84' lang='lat' dir='ltr'>Silicernium</span> <span class='ocrx_word' id='word_1_167' title='bbox 1134 2039 1420 2088; x_wconf 86' lang='lat' dir='ltr'>explicatione</span> <span class='ocrx_word' id='word_1_168' title='bbox 1451 2040 1558 2080; x_wconf 90' lang='lat' dir='ltr'>haec</span> <span class='ocrx_word' id='word_1_169' title='bbox 1589 2039 1729 2080; x_wconf 80' lang='lat' dir='ltr'>addit:</span> <span class='ocrx_word' id='word_1_170' title='bbox 1766 2042 1837 2091; x_wconf 87' lang='lat' dir='ltr'>„et</span> 
     </span>
     <span class='ocr_line' id='line_1_23' title="bbox 263 2115 1836 2166; baseline 0.003 -13"><span class='ocrx_word' id='word_1_171' title='bbox 263 2115 326 2153; x_wconf 82' lang='lat' dir='ltr'>sic</span> <span class='ocrx_word' id='word_1_172' title='bbox 373 2117 440 2154; x_wconf 80' lang='lat' dir='ltr'>eet</span> <span class='ocrx_word' id='word_1_173' title='bbox 486 2115 643 2155; x_wconf 83' lang='lat' dir='ltr'>melius</span> <span class='ocrx_word' id='word_1_174' title='bbox 690 2125 821 2163; x_wconf 89' lang='lat' dir='ltr'>quam</span> <span class='ocrx_word' id='word_1_175' title='bbox 869 2117 919 2154; x_wconf 89' lang='lat' dir='ltr'>ut</span> <span class='ocrx_word' id='word_1_176' title='bbox 965 2115 1140 2163; x_wconf 89' lang='lat' dir='ltr'>quidam</span> <span class='ocrx_word' id='word_1_177' title='bbox 1182 2115 1470 2165; x_wconf 83' lang='lat' dir='ltr'>Xenophonta</span> <span class='ocrx_word' id='word_1_178' title='bbox 1501 2115 1836 2166; x_wconf 83' lang='lat' dir='ltr'>interpretantes</span> 
     </span>
     <span class='ocr_line' id='line_1_24' title="bbox 262 2191 1834 2241; baseline 0.003 -11"><span class='ocrx_word' id='word_1_179' title='bbox 262 2193 428 2241; x_wconf 88' lang='lat' dir='ltr'>putant,</span> <span class='ocrx_word' id='word_1_180' title='bbox 478 2191 541 2230; x_wconf 84' lang='lat' dir='ltr'>sic</span> <span class='ocrx_word' id='word_1_181' title='bbox 587 2202 666 2230; x_wconf 89' lang='lat' dir='ltr'>nos</span> <span class='ocrx_word' id='word_1_182' title='bbox 715 2191 1085 2230; x_wconf 86' lang='lat' dir='ltr'>Silicernium</span> <span class='ocrx_word' id='word_1_183' title='bbox 1133 2191 1384 2241; x_wconf 83' lang='lat' dir='ltr'>intelligere,</span> <span class='ocrx_word' id='word_1_184' title='bbox 1432 2192 1513 2232; x_wconf 90' lang='lat' dir='ltr'>hoc</span> <span class='ocrx_word' id='word_1_185' title='bbox 1559 2194 1626 2232; x_wconf 82' lang='lat' dir='ltr'>est</span> <span class='ocrx_word' id='word_1_186' title='bbox 1666 2193 1834 2234; x_wconf 84' lang='lat' dir='ltr'>silicem</span> 
     </span>
     <span class='ocr_line' id='line_1_25' title="bbox 263 2267 1834 2317; baseline 0.002 -11"><span class='ocrx_word' id='word_1_187' title='bbox 263 2269 511 2306; x_wconf 89' lang='lat' dir='ltr'>cernentem</span> <span class='ocrx_word' id='word_1_188' title='bbox 559 2278 722 2317; x_wconf 84' lang='lat' dir='ltr'>senem,</span> <span class='ocrx_word' id='word_1_189' title='bbox 773 2267 876 2306; x_wconf 84' lang='lat' dir='ltr'>dum</span> <span class='ocrx_word' id='word_1_190' title='bbox 924 2267 1129 2306; x_wconf 82' lang='lat' dir='ltr'>incurvus</span> <span class='ocrx_word' id='word_1_191' title='bbox 1171 2269 1249 2317; x_wconf 85' lang='lat' dir='ltr'>est,</span> <span class='ocrx_word' id='word_1_192' title='bbox 1294 2268 1362 2307; x_wconf 90' lang='lat' dir='ltr'>vel</span> <span class='ocrx_word' id='word_1_193' title='bbox 1403 2269 1567 2308; x_wconf 85' lang='lat' dir='ltr'>stratae</span> <span class='ocrx_word' id='word_1_194' title='bbox 1597 2278 1706 2308; x_wconf 84' lang='lat' dir='ltr'>saxo</span> <span class='ocrx_word' id='word_1_195' title='bbox 1736 2269 1834 2309; x_wconf 86' lang='lat' dir='ltr'>viae</span> 
     </span>
     <span class='ocr_line' id='line_1_26' title="bbox 262 2342 1833 2395; baseline 0.003 -14"><span class='ocrx_word' id='word_1_196' title='bbox 262 2342 456 2382; x_wconf 83' lang='lat' dir='ltr'>intentus</span> <span class='ocrx_word' id='word_1_197' title='bbox 502 2343 571 2383; x_wconf 88' lang='lat' dir='ltr'>vel</span> <span class='ocrx_word' id='word_1_198' title='bbox 619 2343 873 2393; x_wconf 84' lang='lat' dir='ltr'>sarcophagi</span> <span class='ocrx_word' id='word_1_199' title='bbox 915 2342 1094 2382; x_wconf 88' lang='lat' dir='ltr'>iamiam</span> <span class='ocrx_word' id='word_1_200' title='bbox 1136 2344 1517 2392; x_wconf 82' lang='lat' dir='ltr'>appropinquantis</span> <span class='ocrx_word' id='word_1_201' title='bbox 1558 2344 1683 2384; x_wconf 83' lang='lat' dir='ltr'>sibi.”</span> <span class='ocrx_word' id='word_1_202' title='bbox 1725 2344 1833 2395; x_wconf 84' lang='lat' dir='ltr'>Quid</span> 
     </span>
     <span class='ocr_line' id='line_1_27' title="bbox 262 2419 1830 2471; baseline 0.002 -14"><span class='ocrx_word' id='word_1_203' title='bbox 262 2419 369 2458; x_wconf 90' lang='lat' dir='ltr'>haec</span> <span class='ocrx_word' id='word_1_204' title='bbox 425 2420 571 2459; x_wconf 89' lang='lat' dir='ltr'>omnia</span> <span class='ocrx_word' id='word_1_205' title='bbox 627 2420 679 2459; x_wconf 89' lang='lat' dir='ltr'>ad</span> <span class='ocrx_word' id='word_1_206' title='bbox 737 2419 1102 2468; x_wconf 84' lang='lat' dir='ltr'>Xenophontem?</span> <span class='ocrx_word' id='word_1_207' title='bbox 1162 2419 1340 2468; x_wconf 85' lang='lat' dir='ltr'>Baylius</span> <span class='ocrx_word' id='word_1_208' title='bbox 1386 2419 1657 2471; x_wconf 81' lang='grc' dir='ltr'><strong><em>ξυννενοφότα</em></strong></span> <span class='ocrx_word' id='word_1_209' title='bbox 1702 2420 1830 2470; x_wconf 85' lang='lat' dir='ltr'>legit;</span> 
     </span>
     <span class='ocr_line' id='line_1_28' title="bbox 261 2485 1831 2544; baseline 0.002 -11"><span class='ocrx_word' id='word_1_210' title='bbox 261 2496 459 2543; x_wconf 87' lang='lat' dir='ltr'>equidem</span> <span class='ocrx_word' id='word_1_211' title='bbox 493 2496 739 2535; x_wconf 88' lang='lat' dir='ltr'>comoediae</span> <span class='ocrx_word' id='word_1_212' title='bbox 770 2494 948 2534; x_wconf 89' lang='lat' dir='ltr'>titulum</span> <span class='ocrx_word' id='word_1_213' title='bbox 979 2494 1114 2534; x_wconf 86' lang='lat' dir='ltr'>latere</span> <span class='ocrx_word' id='word_1_214' title='bbox 1146 2494 1216 2533; x_wconf 91' lang='lat' dir='ltr'>hic</span> <span class='ocrx_word' id='word_1_215' title='bbox 1247 2495 1407 2544; x_wconf 89' lang='lat' dir='ltr'>opinor.</span> <span class='ocrx_word' id='word_1_216' title='bbox 1445 2495 1673 2536; x_wconf 84' lang='lat' dir='ltr'>Stratae</span> <span class='ocrx_word' id='word_1_217' title='bbox 1703 2485 1831 2536; x_wconf 81' lang='lat' dir='ltr'>viae</span> 
     </span>
     <span class='ocr_line' id='line_1_29' title="bbox 262 2570 1829 2621; baseline 0.003 -12"><span class='ocrx_word' id='word_1_218' title='bbox 262 2573 327 2609; x_wconf 82' lang='lat' dir='ltr'>est</span> <span class='ocrx_word' id='word_1_219' title='bbox 360 2571 577 2619; x_wconf 84' lang='lat' dir='ltr'>genitivus</span> <span class='ocrx_word' id='word_1_220' title='bbox 611 2571 662 2610; x_wconf 91' lang='lat' dir='ltr'>ab</span> <span class='ocrx_word' id='word_1_221' title='bbox 696 2571 846 2610; x_wconf 90' lang='lat' dir='ltr'>eodem</span> <span class='ocrx_word' id='word_1_222' title='bbox 874 2580 1011 2610; x_wconf 84' lang='lat' dir='ltr'>saxo</span> <span class='ocrx_word' id='word_1_223' title='bbox 1039 2570 1282 2619; x_wconf 82' lang='lat' dir='ltr'>dependens</span> <span class='ocrx_word' id='word_1_224' title='bbox 1310 2581 1336 2609; x_wconf 93' lang='lat' dir='ltr'>a</span> <span class='ocrx_word' id='word_1_225' title='bbox 1362 2581 1444 2620; x_wconf 90' lang='lat' dir='ltr'>quo</span> <span class='ocrx_word' id='word_1_226' title='bbox 1471 2572 1628 2621; x_wconf 87' lang='lat' dir='ltr'>pendet</span> <span class='ocrx_word' id='word_1_227' title='bbox 1652 2581 1829 2613; x_wconf 79' lang='lat' dir='ltr'>sarco-</span> 
     </span>
    </p>
   </div>
   <div class='ocr_carea' id='block_1_3' title="bbox 260 2647 1001 2696">
    <p class='ocr_par' dir='ltr' id='par_1_6' title="bbox 260 2647 1001 2696">
     <span class='ocr_line' id='line_1_30' title="bbox 260 2647 1001 2696; baseline 0.001 -12"><span class='ocrx_word' id='word_1_228' title='bbox 260 2647 428 2695; x_wconf 82' lang='lat' dir='ltr'>phagi</span> <span class='ocrx_word' id='word_1_229' title='bbox 471 2647 1001 2696; x_wconf 83' lang='lat' dir='ltr'>appropinquantis.</span> 
     </span>
    </p>
   </div>
   <div class='ocr_carea' id='block_1_4' title="bbox 260 2796 1827 2997">
    <p class='ocr_par' dir='ltr' id='par_1_7' title="bbox 260 2796 1827 2997">
     <span class='ocr_line' id='line_1_31' title="bbox 320 2796 1827 2845; baseline 0.003 -12"><span class='ocrx_word' id='word_1_230' title='bbox 320 2796 390 2845; x_wconf 82' lang='lat' dir='ltr'>IV,</span> <span class='ocrx_word' id='word_1_231' title='bbox 435 2797 474 2845; x_wconf 83' lang='lat'>3,</span> <span class='ocrx_word' id='word_1_232' title='bbox 521 2797 558 2835; x_wconf 78' lang='lat'>2.</span> <span class='ocrx_word' id='word_1_233' title='bbox 605 2797 653 2835; x_wconf 92' lang='lat' dir='ltr'>In</span> <span class='ocrx_word' id='word_1_234' title='bbox 685 2796 978 2845; x_wconf 89' lang='lat' dir='ltr'>peccatum</span> <span class='ocrx_word' id='word_1_235' title='bbox 1011 2796 1194 2835; x_wconf 90' lang='lat' dir='ltr'>ortum</span> <span class='ocrx_word' id='word_1_236' title='bbox 1232 2797 1318 2834; x_wconf 83' lang='lat' dir='ltr'>est</span> <span class='ocrx_word' id='word_1_237' title='bbox 1348 2806 1500 2835; x_wconf 87' lang='lat' dir='ltr'>vocem</span> <span class='ocrx_word' id='word_1_238' title='bbox 1532 2798 1827 2845; x_wconf 88' lang='lat' dir='ltr'>peccatum</span> 
     </span>
     <span class='ocr_line' id='line_1_32' title="bbox 260 2872 1826 2922; baseline 0.001 -12"><span class='ocrx_word' id='word_1_239' title='bbox 260 2882 355 2910; x_wconf 79' lang='lat' dir='ltr'>esse</span> <span class='ocrx_word' id='word_1_240' title='bbox 387 2872 630 2911; x_wconf 84' lang='lat' dir='ltr'>subiectum</span> <span class='ocrx_word' id='word_1_241' title='bbox 662 2873 742 2911; x_wconf 89' lang='lat' dir='ltr'>hoc</span> <span class='ocrx_word' id='word_1_242' title='bbox 774 2873 1029 2920; x_wconf 87' lang='lat' dir='ltr'>argumento</span> <span class='ocrx_word' id='word_1_243' title='bbox 1061 2872 1404 2911; x_wconf 83' lang='lat' dir='ltr'>demonstratur:</span> <span class='ocrx_word' id='word_1_244' title='bbox 1436 2883 1683 2922; x_wconf 87' lang='lat' dir='ltr'>„nunquam</span> <span class='ocrx_word' id='word_1_245' title='bbox 1710 2873 1826 2912; x_wconf 89' lang='lat' dir='ltr'>enim</span> 
     </span>
     <span class='ocr_line' id='line_1_33' title="bbox 260 2945 1824 2997; baseline 0.002 -12"><span class='ocrx_word' id='word_1_246' title='bbox 260 2948 409 2985; x_wconf 66' lang='lat' dir='ltr'>eudem</span> <span class='ocrx_word' id='word_1_247' title='bbox 442 2959 541 2995; x_wconf 70' lang='lat' dir='ltr'>pars</span> <span class='ocrx_word' id='word_1_248' title='bbox 570 2948 775 2986; x_wconf 77' lang='lat' dir='ltr'>orationis</span> <span class='ocrx_word' id='word_1_249' title='bbox 799 2948 916 2996; x_wconf 83' lang='lat' dir='ltr'>iungi</span> <span class='ocrx_word' id='word_1_250' title='bbox 934 2948 1017 2986; x_wconf 85' lang='lat' dir='ltr'>nisi</span> <span class='ocrx_word' id='word_1_251' title='bbox 1033 2958 1108 2996; x_wconf 91' lang='lat' dir='ltr'>per</span> <span class='ocrx_word' id='word_1_252' title='bbox 1124 2945 1341 2987; x_wconf 81' lang='grc' dir='ltr'><em>ἀσύνδετον</em></span> <span class='ocrx_word' id='word_1_253' title='bbox 1357 2949 1542 2997; x_wconf 83' lang='lat' dir='ltr'>potest.’&#39;</span> <span class='ocrx_word' id='word_1_254' title='bbox 1560 2948 1662 2988; x_wconf 91' lang='lat' dir='ltr'>Dele</span> <span class='ocrx_word' id='word_1_255' title='bbox 1689 2949 1824 2988; x_wconf 78' lang='lat' dir='ltr'>nisi:</span> 
     </span>
    </p>
   </div>
   <div class='ocr_carea' id='block_1_5' title="bbox 1962 0 2034 3334">
    <p class='ocr_par' dir='ltr' id='par_1_8' title="bbox 1962 0 2034 3334">
     <span class='ocr_line' id='line_1_34' title="bbox 1962 0 2034 3334; baseline 0 0"><span class='ocrx_word' id='word_1_256' title='bbox 1962 0 2034 3334; x_wconf 95' lang='lat' dir='ltr'> </span> 
     </span>
    </p>
   </div>
  </div>
 </body>
</html>
