2034 3334
1001 282 1060 326 36

407 404 658 459 Prospiciens
689 403 852 461 prolem
886 408 1031 448 sancta
1063 404 1114 448 de
1145 406 1329 462 coniuge
1359 408 1508 450 natam

406 475 532 518 Ferre
564 474 696 518 simul
726 489 965 531 nomenque
997 489 1127 518 suum
1157 489 1364 533 curasque
1383 474 1418 530 ¹)
1447 477 1629 520 iubebit.

225 545 374 589 Verbis
417 547 574 588 notatis
617 559 767 588 versus
809 546 1060 596 farciuntur,
1102 560 1186 589 non
1220 551 1426 589 ornantur
1456 561 1592 604 neque
1624 547 1825 604 ponderis

225 616 458 673 quidquam
483 618 801 659 nanciscuntur.
828 615 1022 673 Zeugma
1049 630 1150 659 vero
1175 616 1310 659 illud:
1329 618 1448 675 ferre
1475 633 1612 661 nomen
1628 633 1823 676 curaeque

224 687 373 730 durius
404 688 537 730 etiam
569 691 634 730 est
665 686 741 730 illo
773 686 886 743 quod
919 701 1004 730 vss.
1039 686 1126 730 525
1144 701 1236 744 sqq.
1268 690 1533 732 notavimus.

285 756 372 800 845
391 771 451 813 sq.
485 757 628 800 Venus

404 826 597 872 Caesaris
629 829 789 885 eripuit
820 828 1026 871 membris
1056 842 1195 885 neque
1225 830 1269 875 in
1303 832 1400 873 aera
1431 829 1541 874 solvi

399 898 530 942 Passa
560 903 774 942 recentem
806 900 996 942 animam
1027 898 1281 943 caelestibus
1312 898 1465 944 intulit
1496 901 1636 944 astris.

221 967 287 1011 Ita
328 968 534 1026 disposita
565 974 665 1012 sunt
697 969 904 1013 vocabula
937 974 984 1012 ut
1017 969 1266 1013 mollissimi
1310 974 1538 1014 nascantur
1567 985 1717 1015 versus
1747 970 1821 1016 sed

219 1042 430 1083 sententia
461 1040 809 1097 impeditissima.

280 1110 410 1153 Metri
446 1125 572 1154 causa
604 1116 750 1168 poetas
783 1111 960 1154 Latinos
990 1111 1210 1155 interdum
1241 1118 1386 1169 aptam
1419 1114 1654 1158 sententiae
1681 1113 1820 1172 dispo-

219 1182 417 1225 sitionem
445 1181 683 1239 neglexisse
708 1196 921 1239 nusquam
938 1188 1114 1240 apparet
1130 1182 1285 1226 clarius
1302 1197 1432 1240 quam
1450 1185 1555 1228 A.A.
1573 1184 1606 1236 Ι,
1626 1184 1714 1229 399
1731 1198 1816 1243 sq.:

400 1252 610 1310 Tempora
641 1255 716 1310 qui
747 1253 848 1296 solis
880 1268 1055 1311 operosa
1084 1253 1325 1297 colentibus
1356 1268 1482 1307 arva,

460 1323 658 1376 Fallitur,
690 1329 734 1368 et
763 1326 909 1368 nautis
939 1325 1211 1382 adspicienda
1242 1329 1380 1382 putat.

218 1394 403 1437 Minime
445 1399 588 1438 tamen
630 1396 711 1438 hoc
752 1395 949 1452 exemplo
979 1396 1224 1439 infirmatur
1254 1400 1401 1439 nostra
1431 1395 1737 1441 nonnullorum
1768 1398 1816 1441 in

217 1464 630 1522 Metamorphosesin
663 1480 867 1509 versuum
901 1467 1186 1523 reprehensio.
1220 1466 1375 1510 Poetae
1401 1466 1590 1524 elegiaco
1615 1468 1816 1512 omnibus

216 1535 356 1579 modis
380 1535 528 1579 ludere
555 1536 812 1587 conceditur,
841 1541 1008 1593 poetam
1037 1541 1265 1579 narr-amem
1288 1537 1529 1594 simplicem
1539 1538 1817 1593 perspicuam-

216 1621 291 1662 que
321 1620 410 1649 esse
441 1608 535 1650 iure
567 1612 710 1650 nostro
743 1606 1027 1664 postulamus.
1071 1607 1128 1650 Et
1159 1613 1260 1650 suut
1290 1609 1334 1650 in
1368 1607 1490 1651 libris
1522 1608 1626 1652 XIV
1657 1614 1702 1653 et
1733 1609 1814 1653 XV

215 1676 354 1730 (1730
397 1678 609 1730 versibus)
650 1692 734 1721 nou
775 1680 919 1721 minus
956 1679 1084 1720 decem
1113 1678 1221 1730 loci,
1255 1679 1330 1721 ubi
1362 1680 1525 1722 mirum
1555 1680 1602 1722 in
1633 1679 1812 1724 modum

215 1748 426 1792 vocabula
467 1751 580 1792 inter
620 1763 663 1792 se
695 1749 1027 1801 confunduntur,
1062 1755 1246 1806 suntque
1277 1749 1344 1792 illi
1376 1750 1588 1794 eiusmodi
1619 1754 1671 1794 ut
1700 1751 1813 1795 nihil

211 1833 283 1862 eos
326 1819 470 1862 deceat
502 1821 642 1877 magis
675 1833 804 1876 quam
838 1820 1086 1877 quotidiana
1117 1820 1318 1877 loquendi
1350 1821 1645 1878 scribendique
1676 1824 1809 1866 ratio:

211 1889 326 1941 XIV,
372 1889 471 1941 127,
519 1890 619 1942 158,
665 1890 767 1942 219,
812 1890 914 1942 428,
949 1889 1060 1943 ’772;
1108 1890 1202 1942 XV,
1239 1891 1278 1943 7,
1327 1891 1395 1943 12,
1440 1892 1512 1944 20,
1558 1892 1661 1944 820,
1705 1892 1810 1936 845.

211 1959 368 2004 Contra
408 1964 499 2004 toto
541 1962 659 2003 Artis
700 1975 824 2018 opere
856 1961 1204 2018 „hyperbatum”
1237 1961 1371 2014 illud,
1405 1963 1519 2019 quod
1551 1965 1808 2017 citavimus,

210 2035 296 2074 stat
328 2030 484 2075 solum.
510 2076 513 2079 ,

273 2101 361 2145 858
411 2102 503 2154 „Ne
529 2103 622 2146 Iovi
649 2103 824 2159 quidem
850 2103 962 2146 cedit
987 2104 1241 2161 Augustus”
1271 2108 1394 2161 poeta
1412 2105 1624 2150 declamat
1642 2107 1807 2159 „immo

210 2178 382 2229 superat
413 2174 557 2217 eum’'.
591 2173 704 2216 Tum
736 2176 796 2217 sic
828 2176 995 2231 pergit:

1190 2245 1384 2302 Iuppiter
1415 2261 1530 2290 arces

389 2313 616 2371 Temperat
647 2315 856 2358 aetherias
888 2319 931 2359 et
962 2315 1114 2359 mundi
1146 2330 1278 2372 regna
1310 2318 1521 2360 triformis

389 2385 519 2428 Terra
550 2387 628 2428 sub
661 2387 877 2443 Augusto.

207 2456 341 2509 Quid,
385 2457 576 2508 obsecro,
620 2458 690 2500 hic
732 2458 993 2501 adiectivum
1034 2472 1074 2514 q.
1102 2473 1137 2502 e.
1185 2460 1386 2515 triformis
1425 2459 1663 2517 significat,
1695 2459 1800 2516 quid

205 2528 377 2569 omnino
419 2532 556 2582 potest
597 2527 837 2584 significare
879 2532 930 2570 ut
972 2532 1070 2584 apte
1112 2530 1224 2572 inter
1256 2543 1300 2572 se
1333 2534 1602 2586 opponantur
1631 2530 1801 2572 mundus

205 2597 407 2651 triformis
439 2601 482 2639 et
514 2603 645 2648 terra,
680 2612 788 2654 quae
819 2599 871 2641 ab
903 2599 1103 2655 Augusto
1135 2599 1331 2657 regitur?
1703 2652 1707 2655 ἱ

267 2667 488 2709 Habemus
529 2670 667 2725 igitur
694 2671 738 2711 in
773 2669 927 2712 ultima
958 2673 1077 2725 parte
1109 2670 1538 2727 Metamorphoseon,
1571 2683 1679 2726 quae
1709 2673 1800 2713 tota

204 2742 268 2780 est
310 2737 428 2779 2300
468 2739 553 2780 fere
586 2754 810 2790 versuum,
845 2754 929 2782 non
962 2742 1106 2783 minus
1140 2740 1196 2782 64
1230 2743 1338 2784 vitia
1369 2741 1600 2784 admodum
1632 2742 1797 2797 gravia.

203 2809 299 2851 Non
340 2813 484 2850 tantus
529 2810 597 2851 hic
639 2815 702 2852 est
744 2825 949 2853 numerus
982 2816 1030 2853 ut
1060 2811 1326 2854 incredibilis
1360 2811 1519 2862 videri,
1553 2811 1626 2854 sed
1656 2810 1797 2854 multo

203 2881 341 2922 maior
372 2893 501 2934 quam
534 2885 583 2922 ut
614 2881 721 2923 bono
755 2886 903 2938 poetae
934 2883 1103 2938 ignosci
1134 2884 1279 2938 possit.

250 3042 282 3078 1)
309 3039 346 3071 Iu
373 3040 534 3071 Korniana
557 3039 695 3071 editione
719 3041 920 3083 typothetae,
946 3045 982 3073 ut
1008 3042 1133 3084 opinor,
1156 3051 1264 3074 errore
1289 3041 1341 3073 hic
1363 3051 1516 3083 caraeque
1538 3041 1668 3082 legitur.
