2034 3334
955 381 1009 419 95

202 506 471 555 supervenit:
515 516 673 545 nomen
715 508 864 554 aptum
908 505 1170 554 imprudenti
1201 514 1346 543 rerum
1378 505 1506 552 atque
1539 504 1678 543 alieno
1712 503 1764 544 ab

203 591 352 621 earum
383 582 608 621 scientia.'’

262 658 358 701 III.
415 659 660 697 Admonere
707 659 913 697 lectorem
961 667 1183 706 nunquam
1229 656 1409 705 negligit
1455 658 1621 695 certum
1668 667 1764 696 esse

1447 699 1639 716 1.-

202 736 416 774 certorum
488 735 598 791 apud
664 734 911 772 Terentium
975 733 1204 772 verborum
1266 727 1546 788 breviumque
1606 732 1763 771 formu-

200 810 341 849 larum
383 811 582 849 colorem.
627 810 907 858 Praecipuam
949 809 1077 847 huius
1119 808 1336 847 doctrinae
1378 809 1546 856 partem
1578 808 1765 847 breviter

201 886 270 925 hic
325 896 561 935 proponam
618 887 661 924 et
716 887 926 933 quantum
983 895 1090 933 opus
1147 886 1213 923 est
1269 883 1504 922 illustrabo.
1554 883 1765 932 Quoniam

202 964 348 1001 autem
381 962 477 1000 aliis
509 962 614 1000 locis
646 961 742 1000 aliis
773 961 824 999 de
851 961 1002 999 eadem
1028 970 1074 998 re
1100 959 1237 998 utitur
1262 959 1417 1007 verbis,
1447 969 1618 1007 semper
1645 959 1765 998 illam

202 1037 526 1076 annotationem
573 1035 772 1094 αὐτολεξεί
817 1017 956 1074 citabo
1002 1035 1074 1074 ubi
1116 1035 1225 1073 mihi
1272 1034 1585 1073 disertissimus
1631 1035 1766 1074 fuisse

203 1113 444 1152 Scholiasta
473 1113 655 1151 videtur.
669 1103 797 1130 M*
809 1106 883 1168 Ψ
892 1115 922 1130 ···’
949 1091 1050 1141 ²sd
1060 1114 1097 1158 ζ

261 1189 531 1228 Putabam
563 1189 599 1226 is
626 1188 729 1227 dicit
755 1188 827 1236 qui
853 1189 994 1226 semet
1019 1187 1189 1225 incusat
1215 1187 1326 1235 quod
1353 1186 1536 1240 turpiter
1565 1197 1611 1225 se
1629 1187 1766 1236 decipi

201 1275 356 1319 passus
388 1265 458 1303 sit.

400 1341 518 1379 Haec
548 1350 625 1389 ego
657 1340 863 1397 putabam
895 1349 990 1377 esse
1022 1338 1169 1377 omnia
1199 1337 1379 1376 humani
1411 1338 1557 1386 ingeni

401 1401 697 1464 Mahsheudue
725 1393 868 1454 'ari-imi
901 1415 1050 1453 officia.

203 1492 264 1530 ita
305 1502 402 1530 cum
445 1492 610 1540 gemitu
646 1491 697 1530 de
729 1501 808 1529 sua
839 1491 986 1529 narrat
1017 1490 1204 1528 stultitia
1236 1490 1353 1528 Simo
1388 1490 1531 1535 (Andr.
1571 1491 1653 1529 113
1687 1493 1764 1539 sq.)

203 1569 464 1615 annotatque
522 1567 783 1606 Scholiasta:
838 1567 1069 1616 „Putare
1116 1567 1182 1605 est
1229 1566 1320 1605 eius
1366 1566 1439 1614 qui
1487 1566 1766 1615 simplicitate

203 1643 386 1691 pectoris
419 1643 677 1681 oberravit.'’
1779 1571 1799 1690 ι

254 1719 396 1780 Q
426 1718 643 1757 exclamat
674 1717 712 1755 is
742 1717 815 1765 qui
841 1717 1079 1767 intelligere
1106 1717 1255 1766 incipit
1282 1717 1565 1756 infortunium
1594 1717 1765 1766 aliquod

203 1794 278 1831 aut
308 1794 478 1845 praesto
511 1793 661 1831 adesse
693 1794 768 1831 aut
799 1793 1148 1844 appropinquare.
1186 1793 1249 1841 „A
1282 1803 1386 1831 cena
1417 1793 1530 1841 apud
1562 1793 1762 1842 militem,

203 1878 285 1916 quo
346 1869 395 1906 ut
440 1868 576 1907 abiret
621 1869 697 1906 vix
744 1870 810 1907 est
855 1868 1097 1917 perductus,
1146 1868 1350 1916 suspicax
1398 1869 1469 1908 ille
1516 1869 1765 1908 adolescens

204 1943 408 1982 Chremes
441 1944 609 1982 rediens
642 1944 747 1982 haec
779 1954 927 1982 secum
959 1943 1142 1982 balbutit
1174 1943 1292 1988 (Eun.
1327 1944 1451 1990 727):

322 2020 426 2058 Atat
452 2020 553 2057 data
579 2019 719 2057 hercle
745 2019 876 2057 verba
901 2019 1010 2056 mihi
1035 2020 1148 2067 sunt,
1178 2019 1282 2057 vicit
1309 2019 1459 2058 vinum
1487 2020 1598 2067 quod
1625 2019 1723 2059 bibi.

203 2094 262 2133 Ut
288 2095 422 2133 oculis
450 2105 550 2133 eum
576 2094 838 2142 aspiciamus
855 2094 1112 2142 auribusque
1131 2078 1357 2132 audiamus
1374 2095 1480 2133 haec
1501 2095 1765 2134 scholiastae

203 2170 306 2209 facit
337 2170 579 2208 annotatio:
618 2170 776 2217 „Atat
807 2169 1045 2208 interiectio
1078 2171 1145 2220 est
1175 2170 1386 2218 paulatim
1417 2171 1605 2220 percepti
1638 2173 1798 2253 atque!

207 2245 413 2284 intellecti
444 2244 592 2283 mali.’'
616 2240 641 2290 1)

264 2321 438 2359 Hodie
479 2330 574 2359 raro
616 2322 788 2368 tempus
821 2320 1002 2358 indicat:
1036 2321 1287 2369 plerumque
1319 2326 1362 2359 τῖ
1418 2319 1435 2360 ἐ
1499 2321 1599 2361 άσεω
1653 2320 1766 2362 ἕνεκα

205 2397 374 2435 additur
421 2406 519 2434 cum
561 2396 715 2443 aliquis
758 2398 833 2434 aut
873 2396 1075 2445 minatur,
1120 2398 1196 2435 aut
1236 2397 1325 2436 fore
1357 2398 1516 2446 aliquid
1546 2399 1766 2437 factumve

206 2482 300 2510 esse
333 2481 407 2519 pro
440 2472 554 2509 certo
587 2471 773 2509 affirmat
804 2471 1133 2519 pertinaciterve
1165 2474 1305 2520 negat.
1338 2474 1416 2511 Ad.
1451 2474 1534 2512 215
1567 2474 1682 2512 male
1713 2474 1765 2512 ab

206 2547 522 2586 adolescentulo
568 2547 783 2585 Aeschino
830 2548 1046 2586 mulcatus
1094 2548 1190 2586 leno
1237 2548 1288 2587 ab
1331 2549 1446 2587 illius
1487 2559 1611 2588 servo
1652 2550 1765 2589 ultro

206 2624 432 2661 accusatur
479 2622 590 2670 quod
637 2622 767 2660 nimis
814 2622 943 2661 fuerit
989 2622 1244 2662 obstinatus.
1297 2624 1484 2672 „Morem
1530 2626 1573 2664 te
1619 2636 1764 2674 gerere

206 2697 466 2736 adolescenti
499 2697 712 2745 oportuit’'
747 2698 820 2736 ait.
854 2698 936 2736 Hic
966 2698 1084 2736 leno:

399 2772 477 2821 Qui
508 2772 627 2820 potui
660 2772 827 2821 melius,
861 2773 933 2820 qui
965 2773 1090 2811 hodie
1121 2784 1256 2821 usque
1282 2754 1335 2812 'os
1367 2775 1572 2822 praebui?

248 2941 267 2973 1)
288 2940 418 2974 Belgica
437 2940 566 2975 egregie
589 2940 670 2969 illud
691 2941 781 2969 atat
801 2940 887 2968 verti
905 2942 1017 2975 potest
1033 2941 1274 2970 interiectione:
1295 2941 1518 2985 ,Q”
