2034 3334
898 326 955 366 43

173 451 299 507 pretii
341 449 565 493 immolent
609 448 861 505 pontifices''
894 449 1122 506 (Populine
1151 447 1336 490 Romani
1368 460 1510 502 causa,
1542 460 1597 489 an
1628 459 1678 490 eo

170 526 417 584 pontificum
475 527 650 569 nomine
695 527 870 568 omnino
919 526 1133 569 divites
1180 524 1476 580 significantur
1487 523 1535 576 Ρ).
1587 523 1679 577 „Te

170 617 277 661 opus
322 616 409 646 non
457 607 520 646 est
553 588 752 659 magnam
784 604 933 646 ovium
967 606 1151 646 mactare
1182 600 1379 658 copiam’'
1412 600 1600 655 (Melius,
1631 601 1679 642 ni

167 682 300 737 fallor,
345 681 698 738 praecedentibus
746 682 950 725 armentis
982 695 1070 724 una
1100 681 1192 723 ovis
1227 682 1514 736 opponeretur
1546 691 1674 733 quam

167 757 343 803 multa
373 758 577 800 caedes
608 757 954 810 bidentium3
990 770 1124 813 quare
1155 756 1389 799 admodum
1423 755 1678 811 elegansest

167 833 454 890 Peerlkampii
486 835 733 876 coniectura
763 847 841 890 pro
884 837 1162 890 temptare
1193 832 1371 875 multa
1402 831 1572 874 caede
1603 830 1678 873 bi-

168 910 423 954 dentium
455 911 637 966 legentis
665 914 890 970 ch
921 910 1098 953 multa
1129 909 1300 952 caede
1332 907 1676 951 bidentium:

167 988 205 1030 si
236 987 362 1029 homo
395 987 515 1029 dives
542 988 700 1029 multas
733 1000 833 1030 oves
866 990 1034 1042 mactat,
1060 985 1244 1040 Phidyle
1261 999 1349 1027 una
1365 997 1444 1027 ove
1461 983 1676 1026 offerenda

164 1065 248 1106 iam
284 1064 498 1119 praeclare
529 1077 607 1107 suo
640 1077 740 1120 ergo
772 1064 873 1107 deos
906 1064 1045 1106 officio
1077 1063 1224 1106 functa
1255 1066 1342 1115 est,
1377 1075 1464 1104 non
1484 1074 1592 1117 opus
1612 1063 1678 1103 est

169 1145 217 1184 ut
243 1154 473 1184 numero
504 1142 742 1184 hostiarum
776 1145 907 1185 certet
938 1155 1037 1184 cum
1070 1140 1302 1194 divitibus).
1336 1139 1471 1182 Credo
1502 1140 1589 1181 iam
1607 1139 1676 1181 his

166 1217 287 1260 lectis
333 1217 637 1273 pauperculam
684 1221 875 1261 nostram
924 1218 976 1260 de
1018 1218 1148 1260 rebus
1180 1218 1272 1260 suis
1302 1216 1396 1259 fieri
1422 1215 1673 1258 sollicitam:

166 1295 353 1350 primum
401 1308 556 1337 manus
603 1295 686 1338 sibi
732 1295 942 1338 tollendas
985 1308 1090 1349 esse,
1132 1295 1170 1337 si
1210 1295 1282 1350 pia
1326 1306 1420 1336 csse
1460 1293 1576 1347 velit,
1608 1305 1676 1335 co-

165 1372 354 1426 gnoscit:
387 1371 547 1427 gaudet
577 1373 686 1425 iam3
719 1372 799 1414 hoc
831 1373 946 1414 enim
975 1372 1167 1427 quotidie
1195 1373 1397 1413 nascente
1413 1370 1519 1412 luna
1534 1369 1674 1412 facere

167 1447 284 1490 solet.
331 1447 473 1490 Farris
519 1448 764 1492 addendum
806 1452 871 1492 est
913 1449 1099 1504 aliquid:
1135 1461 1189 1490 ne
1222 1448 1302 1489 hoc
1334 1447 1509 1502 quidem
1544 1447 1673 1488 nimis

165 1532 305 1580 grave.
354 1522 467 1574 Quid
499 1537 601 1567 vero
634 1526 671 1567 si
702 1538 873 1581 porcam
908 1537 1082 1581 quoque
1113 1524 1172 1566 dii
1204 1524 1456 1580 postulant?
1489 1523 1548 1564 At
1579 1523 1676 1564 uni-

166 1612 260 1642 cam
305 1599 433 1643 habet
469 1613 652 1656 eamque
694 1605 780 1643 tam
814 1602 982 1644 avidam
1018 1605 1066 1644 ut
1095 1601 1311 1644 interdum
1350 1601 1427 1642 vix
1459 1599 1673 1656 quomodo

167 1676 206 1718 ei
260 1675 459 1731 praebeat
505 1676 713 1732 pabulum
761 1678 876 1720 sciat.
925 1678 1069 1734 Auget
1114 1678 1294 1719 miserae
1341 1665 1674 1719 sollicitudinem

165 1754 291 1808 poeta
338 1754 554 1795 mentione
604 1753 657 1796 de
689 1766 768 1796 ove
799 1754 1051 1807 iniioienda3
1084 1766 1184 1795 nam
1218 1753 1334 1809 quod
1365 1752 1569 1795 multis
1601 1751 1674 1794 bi-

168 1827 437 1871 dentibus
469 1841 576 1884 opus
607 1842 694 1872 non
727 1842 821 1872 esse
853 1830 967 1884 dicit,
998 1830 1175 1872 irridere
1205 1829 1384 1872 videtur.
1410 1829 1538 1871 Unde
1556 1829 1671 1871 enim

168 1903 250 1948 sibi
297 1904 455 1948 multas
506 1906 642 1948 oves?
683 1905 929 1949 Dummodo
967 1920 1091 1949 suam
1140 1906 1224 1949 sibi
1256 1919 1428 1962 porcam
1463 1918 1674 1962 suamque

108 2034 110 2037 Ι
166 1992 288 2023 ovem
336 1993 506 2024 servare
546 1983 682 2037 possit
730 1986 796 2025 sat
844 1982 939 2041 sibi·
975 1982 1095 2025 dives
1144 1982 1336 2025 videtur:
1381 1994 1508 2038 saepe
1557 1982 1674 2024 enim

166 2058 318 2100 metuit
363 2070 419 2100 ne
453 2058 585 2101 altera
617 2059 848 2115 aliquando
879 2060 1057 2102 alterius
1090 2072 1220 2102 causa
1254 2060 1311 2102 sit
1341 2058 1579 2102 vendenda.
1609 2058 1670 2101 At

167 2134 340 2176 anxiam
379 2135 465 2176 iam
511 2138 554 2178 et
583 2136 659 2177 vix
691 2137 760 2179 sui
792 2139 1029 2192 compotem
1060 2137 1153 2192 ipse
1179 2138 1303 2192 poeta
1334 2135 1508 2189 solatur,
1541 2135 1673 2191 idque

169 2210 272 2253 facit
313 2223 399 2253 non
442 2211 688 2255 admonitus
720 2216 761 2256 et
790 2214 850 2256 ita
881 2217 930 2257 ut
961 2214 1064 2256 satis
1096 2214 1240 2269 inepte
1272 2212 1354 2255 sibi
1387 2212 1669 2267 obloquatur:

167 2286 310 2329 subito
344 2287 459 2329 enim
486 2290 528 2330 et
561 2289 703 2331 missis
735 2302 846 2344 quae
876 2293 1000 2333 antea
1031 2303 1055 2331 a
1086 2289 1271 2343 Phidyle
1300 2288 1532 2344 postulavit
1564 2289 1671 2331 satis

172 2375 266 2406 esse
309 2363 426 2405 illam
460 2363 662 2407 admonet
693 2364 876 2408 Penates
908 2379 1010 2408 suos
1041 2365 1220 2408 floribus
1252 2365 1477 2417 coronisve
1509 2377 1672 2407 ornare.

170 2439 316 2494 Atque
362 2440 408 2481 in
454 2439 532 2482 hac
578 2441 749 2495 quidem
795 2445 943 2497 poetae
974 2443 1273 2496 inconstantia,
1307 2442 1505 2497 quamvis
1535 2454 1584 2485 ea
1617 2443 1672 2485 sit

171 2514 307 2570 obvia,
355 2518 498 2558 tamen
546 2516 691 2572 aliquo
723 2517 849 2560 modo
882 2519 1154 2574 acquiescere
1183 2531 1440 2574 possumus3
1477 2518 1671 2561 ultimam

175 2592 391 2648 stropham
438 2592 618 2648 probare
664 2593 783 2635 nullo
827 2594 953 2636 modo
995 2607 1239 2650 possumus,
1282 2607 1391 2649 quae
1421 2595 1512 2649 vix,
1544 2596 1671 2637 etiam

174 2668 211 2710 si
238 2667 328 2710 sola
360 2671 402 2710 et
431 2681 508 2724 per
540 2681 585 2711 se
617 2669 711 2724 ipsa
741 2672 967 2724 spectetur,
998 2670 1182 2726 intelligi
1213 2671 1359 2726 possit,
1386 2674 1439 2726 et,
1467 2672 1670 2727 quoniam

170 2745 259 2784 tam
293 2756 438 2786 secum
471 2747 603 2786 certat
636 2758 764 2800 quam
796 2758 894 2787 cum
928 2745 1294 2802 praecedentibus,
1327 2749 1464 2790 totum
1498 2761 1670 2790 carmen

176 2831 352 2874 prorsus
394 2819 625 2863 obscurum
672 2821 811 2864 reddit
851 2824 892 2863 et
928 2834 1059 2864 sensu
1105 2834 1288 2866 cassum.
1328 2822 1523 2867 Primum
1555 2824 1672 2867 nul-
