2034 3334
981 202 1062 245 121

290 327 376 371 194
394 342 454 384 sq.
487 327 637 384 Tuque
670 328 825 383 triceps
857 326 1043 378 Hecate,
1077 340 1183 383 quae
1215 327 1376 382 coeptis
1408 325 1573 367 conscia
1604 326 1759 367 nostris

482 398 768 454 Adiutrixque
800 399 934 449 venis,
969 401 1203 453 cantusque
1234 400 1429 452 artesque
1461 409 1703 452 magorum.

230 470 321 524 Quo
362 468 537 513 consilio
582 469 763 512 editores
804 469 873 511 hic
914 467 1074 511 relictis
1116 468 1330 511 codicibus
1361 466 1510 524 legant
1540 466 1719 522 artisque
1749 479 1819 508 me

227 541 366 598 fugit:
399 544 511 583 certe
542 554 625 583 non
651 543 829 596 possunt
856 554 880 582 a
907 539 1062 581 conscia
1089 539 1346 594 adimo-imque
1372 537 1552 594 pendere
1578 540 1622 580 et
1648 537 1820 579 dativus

228 617 271 656 et
300 613 535 670 genitivus.
568 611 688 664 Quod
719 611 873 654 Medea
899 610 1029 653 simul
1056 625 1155 653 cum
1182 610 1263 652 diis
1293 610 1423 652 etiam
1450 612 1562 651 artes
1589 611 1820 664 cantusque

229 684 418 740 magicas
451 681 684 738 alloquitur
715 680 824 723 nihil
851 681 979 724 habet
1009 679 1186 723 insoliti.

259 847 274 856 ·
291 827 379 871 222
397 842 457 884 sq.
1159 824 1361 869 Thessala
1390 825 1550 882 Tempe

484 897 677 954 Despicit
708 902 746 940 et
778 902 901 940 cretes
933 897 1181 954 regionibus
1214 895 1399 953 adplicat
1430 910 1606 953 angues.

229 971 284 1012 Ec
314 970 433 1011 certis
463 983 544 1012 non
578 972 642 1011 est
674 968 890 1025 Madvigii
921 970 1162 1011 coniectura
1194 968 1267 1011 sed
1297 968 1424 1010 lectio
1456 969 1544 1010 iam
1579 967 1824 1010 Burmanno

231 1041 420 1097 probata.
463 1039 578 1082 Mihi
620 1041 742 1082 unice
783 1054 937 1083 verum
980 1041 1124 1082 visum
1168 1043 1232 1082 est
1274 1052 1459 1095 semper:
1500 1038 1668 1080 Oetaeis.
1712 1037 1824 1091 Quid

230 1113 343 1154 enim
383 1112 524 1167 aptius
557 1124 687 1167 quam
720 1125 819 1153 cum
852 1110 956 1153 Ossa
987 1109 1109 1153 Pelio
1136 1109 1275 1167 Othry
1305 1110 1442 1152 Pindo
1475 1109 1660 1167 Olympo
1691 1111 1822 1153 etiam

235 1183 367 1224 Oetam
401 1180 761 1225 commemorare?
793 1180 890 1224 Non
922 1183 1063 1237 potuit
1094 1181 1163 1224 hic
1196 1180 1246 1224 de
1279 1195 1328 1224 eo
1361 1180 1491 1224 sileri.

291 1317 376 1360 225
396 1331 455 1374 sq.
489 1317 546 1359 Et
578 1331 682 1373 quas
716 1316 820 1359 Ossa
852 1315 978 1367 tulit,
1013 1330 1116 1372 quas
1149 1316 1288 1359 altum
1323 1315 1472 1359 Pelion
1506 1316 1657 1359 herbas

488 1388 732 1445 Othrysque
764 1391 806 1430 et
837 1387 1021 1438 Pindus,
1056 1401 1159 1443 quas
1191 1387 1328 1430 Pindo
1360 1389 1497 1430 maior
1529 1386 1762 1444 Olympus,

490 1459 714 1515 Perspicit.

234 1529 412 1572 Utinam
454 1528 538 1572 loci
578 1530 847 1572 vexatissimi
885 1529 958 1571 diu
991 1532 1152 1585 perstet
1184 1529 1506 1586 elegantissima
1538 1529 1642 1572 haec
1674 1529 1825 1581 lectio,

232 1613 360 1656 quam
394 1601 561 1656 primus
591 1599 824 1642 Ehwaldus
856 1598 1102 1657 proposuit!

292 1743 380 1789 276
489 1746 572 1788 His
603 1749 646 1788 et
678 1745 798 1788 mille
831 1745 926 1788 aliis
956 1749 1184 1801 postquam
1218 1747 1309 1788 sine
1340 1746 1512 1788 nomine
1544 1746 1672 1788 rebus

490 1817 767 1872 Propositum
797 1817 1003 1858 instruxit
1036 1815 1210 1858 mortali
1242 1817 1416 1860 barbara
1449 1817 1602 1859 maius.

233 1887 490 1930 Etiamnunc
532 1886 641 1930 alter
681 1901 829 1930 versus
865 1890 1091 1942 corruptus
1122 1887 1307 1929 videtur.
1340 1884 1410 1929 An
1442 1887 1555 1942 quod
1586 1885 1698 1938 VIII,
1735 1884 1821 1929 573

232 1962 378 2014 (quem
417 1957 559 2000 locum
596 1957 826 2000 Ehwaldus
862 1957 996 2008 affert)
1033 1957 1214 2014 legitur:
1258 1972 1411 1999 mensas
1447 1956 1578 2011 epulis
1614 1957 1823 2007 instruxit,

233 2030 435 2072 continuo
462 2028 559 2071 inde
589 2029 782 2084 sequitur
807 2029 938 2070 etiam
956 2028 1208 2082 propositum
1235 2029 1433 2069 instruere
1459 2028 1572 2068 rebus
1589 2031 1701 2069 recte
1719 2025 1828 2069 dici?

235 2099 292 2142 Et
317 2098 427 2141 illud
450 2099 611 2140 mortali
638 2098 765 2140 maius
792 2099 921 2140 nimis
950 2097 1207 2154 languidum
1238 2101 1303 2140 est
1330 2099 1543 2153 nimisque
1568 2100 1825 2140 contortum.

301 2245 389 2287 308
496 2244 812 2300 Suspenditque
845 2245 1010 2286 animos
1042 2243 1140 2286 ficta
1172 2245 1386 2300 gravitate
1418 2246 1631 2300 rogantes.

239 2316 450 2368 Quoniam
508 2315 658 2356 animoa
704 2319 886 2368 royantes
931 2313 1058 2356 nihili
1105 2318 1188 2365 est,
1237 2314 1478 2370 recipienda
1525 2313 1657 2356 altera
1702 2312 1828 2356 lectio

239 2390 458 2439 roqantum.

300 2520 388 2563 464
495 2519 823 2575 Florentemque
855 2522 982 2576 tyron
1009 2532 1188 2575 cyprum
1220 2518 1477 2575 planamque
1509 2518 1720 2575 Seriphon

239 2593 298 2635 sic
332 2591 508 2634 codices.
542 2590 643 2632 Inde
674 2589 835 2632 Birtius
867 2588 1022 2632 effecit:

497 2660 827 2716 Florentemque
858 2662 954 2716 tyro
988 2658 1210 2716 Cythnum
1243 2658 1470 2715 plantaque
1502 2659 1710 2716 Seriphon

238 2735 366 2788 atque
405 2731 483 2774 hoc
525 2731 730 2772 emendare
761 2733 883 2774 vocat
913 2729 1113 2772 Kornius.
1147 2729 1379 2785 Aliquanto
1411 2729 1567 2772 melius
1598 2729 1832 2773 Ehwaldus

241 2802 396 2846 edldlt·
498 2871 826 2928 Florentemque
858 2871 1012 2929 thymo
1044 2870 1183 2928 Syron
1214 2870 1468 2927 planamque
1499 2871 1724 2928 Seriphon.
