2034 3334
954 384 979 427 3

182 515 389 555 Thaidem
417 515 628 564 advolare,
658 514 898 561 retinetque
921 523 1020 551 eum
1033 507 1280 551 Parmeno?
1298 513 1356 552 At
1372 511 1514 561 potius
1531 510 1741 551 Phaedria

182 602 229 630 se
271 591 358 630 iam
401 591 515 630 ultra
544 591 736 629 laturum
767 583 1014 628 meretricis
1042 588 1326 627 contumelias
1357 589 1498 637 negat,
1534 589 1577 626 et
1608 598 1673 637 ne,
1707 588 1745 626 si

183 667 376 706 obsecret
408 666 580 715 quidem
613 666 698 715 illa,
733 665 895 704 iturum
928 666 1161 714 asseverat,
1197 664 1482 712 admonetque
1516 674 1615 702 eum
1647 664 1743 702 Par-

182 753 309 782 meno
342 742 519 791 periculi
551 742 661 790 quod
692 742 783 790 ipse
816 741 897 780 sibi
928 740 987 779 sit
1018 741 1258 790 paraturus,
1293 740 1330 778 si
1363 740 1578 779 obstinato
1611 739 1746 788 egerit

183 818 339 868 animo,
378 818 617 867 „factique”
646 817 707 856 ait
737 818 805 866 „te
832 816 1078 865 poenitebit,
1107 826 1210 855 nam
1238 826 1382 855 carere
1408 817 1556 854 tamen
1584 826 1634 854 ea
1660 826 1745 854 non

182 894 354 943 poteris,
398 894 510 933 ultro
553 894 605 932 ad
639 903 735 931 eam
767 892 946 941 posthac
977 902 1185 940 accurres,
1220 893 1315 930 tum
1346 892 1394 930 tu
1427 891 1465 930 ei
1498 891 1618 930 dabis
1650 902 1743 940 sup-

183 969 372 1018 plicium,
406 980 491 1008 non
523 969 597 1007 illa
628 968 748 1007 tibiss’
782 968 946 1016 Ergone
977 967 1234 1006 Phaedriam
1267 967 1379 1006 iusto
1411 967 1553 1015 magis
1585 967 1744 1005 iratum

185 1045 334 1084 Thaidi
376 1045 544 1094 placare
576 1044 720 1083 studet
751 1044 974 1093 Parmeno,
1009 1053 1186 1091 sperans
1218 1043 1330 1081 inter
1362 1053 1434 1081 eos
1466 1043 1652 1091 gratiam
1683 1053 1743 1081 re-

187 1121 461 1159 conciliatum
487 1120 570 1159 iri?
596 1099 655 1158 At
680 1130 807 1158 nemo
833 1103 1100 1158 Parmenone
1127 1119 1302 1167 gravius
1324 1118 1475 1157 Thaidi
1492 1128 1744 1157 succensere

184 1198 338 1245 potest,
387 1206 514 1235 nemo
560 1195 702 1244 magis
749 1205 845 1234 eam
888 1195 1104 1243 detestari,
1149 1195 1313 1233 nemini
1353 1194 1494 1243 magis
1536 1195 1587 1232 de
1629 1194 1744 1233 illius

184 1271 360 1320 perfidia
402 1282 496 1310 esse
537 1281 804 1319 persuasum.
847 1270 1028 1317 Rectam
1069 1270 1191 1309 nobis
1222 1271 1340 1309 viam
1372 1270 1588 1309 monstrat
1618 1271 1745 1308 vetus

186 1347 438 1396 Scholiasta,
469 1347 589 1385 cuius
611 1347 717 1385 haec
734 1348 800 1385 est
816 1346 1046 1384 verissima
1062 1346 1482 1394 prudentissimaque
1500 1346 1742 1384 annotatio:

366 1423 441 1473 „In
488 1424 568 1462 hac
613 1421 796 1474 προτάσει
844 1422 1092 1470 exemplum
1133 1418 1305 1470 ponitur
1347 1432 1476 1469 quarn
1518 1432 1603 1460 non
1644 1432 1747 1460 suae

302 1499 531 1548 potestatis
563 1499 621 1538 sit
647 1498 719 1546 qui
746 1499 886 1537 amat:
917 1508 1046 1545 quam
1073 1497 1225 1547 sapiat,
1255 1497 1327 1545 qui
1354 1508 1438 1535 non
1466 1499 1586 1536 amat
1611 1507 1747 1545 neque

303 1576 428 1614 aliter
459 1575 639 1614 affectus
672 1575 779 1621 est.'’

187 1652 254 1691 Ita
285 1654 372 1691 est:
407 1653 457 1691 de
485 1662 630 1691 amore
657 1662 734 1690 suo
760 1653 985 1698 tamquam
1013 1650 1063 1689 de
1090 1661 1135 1688 re
1163 1649 1276 1689 seria
1301 1650 1489 1703 loquitur
1514 1649 1745 1697 Phaedria;

186 1729 237 1767 de
278 1728 534 1767 vindicanda
575 1727 749 1766 Thaidis
791 1727 946 1766 iniuria
988 1727 1160 1775 cogitat,
1199 1726 1298 1774 quid
1330 1726 1412 1765 sibi
1445 1726 1503 1764 sit
1534 1726 1747 1774 agendum

188 1803 393 1842 deliberat
434 1803 579 1852 etiam,
622 1804 848 1850 tamquam
890 1802 927 1840 si
968 1802 1218 1851 prudentiae
1261 1801 1492 1840 consiliove
1529 1801 1648 1840 locus
1679 1801 1749 1840 hic

189 1878 258 1917 sit.
291 1879 350 1917 At
375 1879 490 1917 servi
522 1879 721 1917 allocutio
754 1879 837 1917 huc
867 1878 955 1917 1010
987 1877 1119 1916 redit:
1157 1877 1270 1926 „noli
1301 1878 1344 1915 te
1372 1877 1476 1916 adeo
1506 1887 1748 1924 macerare;

191 1954 312 1992 crede
343 1953 463 2002 mihi,
496 1954 721 2002 nugatoria
751 1965 820 1992 res
852 1964 974 1992 amor
1000 1955 1088 2002 est;
1116 1953 1235 1992 leves
1262 1955 1365 1992 sunt
1390 1963 1541 1992 omnes
1567 1954 1746 2003 puellae,

190 2030 320 2077 tuque
362 2029 532 2078 ineptus
573 2030 644 2077 qui
685 2029 824 2068 solam
865 2029 1073 2068 Thaidem
1114 2029 1192 2068 tibi
1234 2030 1314 2068 soli
1355 2030 1444 2068 fore
1477 2031 1748 2068 constantem

190 2104 268 2143 tibi
298 2105 560 2153 promiseris.
596 2104 701 2153 Quid
732 2104 1043 2143 tumultuaris?
1076 2104 1181 2153 Quid
1214 2105 1409 2143 insanis?
1437 2105 1543 2154 Quid
1570 2105 1750 2144 tristitia

190 2181 266 2219 tua
306 2190 485 2229 parvam
516 2190 609 2218 rem
641 2189 846 2228 magnam
877 2179 1015 2218 facis?
1048 2178 1200 2218 Confer
1230 2181 1274 2218 te
1306 2180 1401 2218 alio.
1435 2179 1625 2228 Denique
1657 2191 1749 2218 rem

190 2255 333 2294 levem
364 2256 427 2294 fer
458 2241 654 2294 leviter.’'

249 2331 395 2381 Neque
435 2331 581 2370 minus
621 2331 727 2369 bene
769 2340 899 2378 quam
941 2330 1181 2368 Scholiasta
1222 2340 1375 2369 scenae
1409 2331 1500 2369 vim
1531 2331 1751 2379 perspexit

193 2408 398 2447 Horatius
446 2410 561 2453 (nam
608 2407 831 2446 Lucretius
873 2406 942 2456 IV,
991 2406 1217 2445 1177—81
1261 2395 1408 2455 paucis
1449 2407 1749 2445 tantummodo

193 2483 411 2522 vocabulis
459 2483 511 2521 ad
553 2493 650 2521 eam
691 2482 868 2531 alludit),
913 2493 1040 2530 quem
1081 2481 1174 2520 ideo
1216 2482 1516 2521 tantummodo
1559 2482 1611 2520 ad
1649 2491 1750 2520 eam

193 2554 424 2608 provocare
459 2561 508 2598 ut
540 2560 689 2598 doceat
720 2560 771 2597 de
803 2569 948 2598 amore
979 2559 1116 2597 multo
1149 2559 1385 2607 sapientius
1416 2558 1751 2607 prudentiusque

194 2636 411 2685 disputare
453 2646 627 2674 servum
673 2635 942 2684 „integrum”
986 2644 1115 2682 quam
1151 2635 1303 2673 herum
1336 2635 1472 2673 amori
1504 2635 1749 2683 obnoxium,

195 2721 251 2750 ex
291 2712 382 2760 ipso
425 2711 583 2750 satirae
626 2710 800 2749 consilio
843 2711 1030 2758 apparet.
1069 2710 1241 2748 Persius
1272 2720 1373 2749 vero
1407 2710 1468 2760 (V,
1507 2711 1750 2756 161-175)

195 2787 287 2825 tam
318 2787 443 2835 longe
470 2787 570 2825 hinc
597 2786 765 2825 aberrat
791 2787 839 2824 ut
867 2795 966 2823 eum
993 2785 1043 2823 de
1072 2785 1156 2823 alia
1183 2785 1368 2833 quadam
1397 2786 1583 2834 cogitare
1609 2785 1753 2824 fabula

196 2863 437 2911 suspiceris.
473 2863 579 2912 Quid
607 2862 754 2901 enim?
780 2861 989 2900 Phaedria
1016 2861 1055 2900 ei
1082 2863 1148 2900 est
1175 2861 1513 2911 Chaerestratus,
1542 2862 1752 2900 Parmeno

197 2937 354 2988 Davus,
388 2938 517 2977 Thais
550 2937 738 2986 Chrysis.
771 2937 941 2975 Dixeris
968 2938 1138 2975 mutata
1165 2947 1259 2975 esse
1287 2937 1463 2975 nomina
1490 2948 1515 2975 a
1541 2937 1751 2989 Terentio,
