2034 3334
1003 277 1058 320 19

234 403 494 446 mentionem
524 402 629 452 feci,
661 403 903 443 statuamus
934 414 959 442 a
989 399 1242 443 cultioribus
1274 401 1410 455 poetis
1443 401 1616 442 omnino
1643 400 1826 442 vitatam

235 485 452 515 caesuram
492 473 643 522 istam,
691 471 763 514 sed
803 472 873 514 hic
915 470 1006 513 illic
1048 475 1192 513 tamen
1222 472 1443 526 irrepsisse
1476 485 1593 521 eam,
1626 472 1827 526 quoniam

234 546 361 599 poeta
387 547 462 585 aut
486 542 615 584 Ennii
639 541 783 584 locum
811 541 998 598 aliquem
1024 541 1267 598 legentibus
1293 543 1338 583 in
1364 543 1616 584 memoriam
1632 555 1828 584 revocare

236 612 368 655 vellet
409 616 484 656 aut
523 614 608 669 ipsi
648 612 933 668 (imprudenti
972 613 1180 654 nimirum
1223 616 1265 654 et
1305 613 1461 664 invito)
1494 626 1641 654 versus
1673 611 1828 667 aliquis

237 683 455 726 Ennianus
496 685 616 735 (satis
656 681 1005 740 intempestivel)
1046 684 1091 725 in
1134 688 1325 725 mentem
1356 680 1550 726 veniret?
1581 682 1830 739 Excogitari

236 768 357 811 posse
397 753 507 796 nihil
549 754 661 810 quod
702 753 855 796 falsius
887 755 943 795 sit
974 753 1046 797 vel
1078 753 1246 796 tabulae
1278 768 1302 796 a
1332 767 1402 796 me
1434 755 1674 809 propositae
1707 754 1831 796 docu—

238 829 383 867 mento
416 828 536 867 sunt:
571 824 719 867 nullus
752 826 866 867 enim
894 825 955 866 ibi
986 839 1136 867 versus
1162 824 1338 881 legitur,
1366 826 1440 880 qui
1467 823 1620 867 coloris
1647 823 1831 866 Enniani

237 895 506 939 levissimam
538 895 692 938 habeat
722 896 934 938 umbram.
977 896 1118 951 Atque
1150 897 1323 938 omnino
1354 896 1594 951 opinionem
1625 894 1746 937 illam
1781 894 1831 936 de

239 966 378 1009 Ennio
419 966 613 1010 redivivo
644 981 880 1023 proponens
912 967 1027 1009 haud
1059 966 1180 1009 facile
1211 966 1330 1008 dictu
1362 970 1425 1009 est
1456 970 1606 1008 utrum
1638 967 1705 1009 vir
1736 965 1830 1008 doc-

238 1042 309 1080 tus
356 1041 498 1080 noster
544 1037 756 1080 infelicior
802 1038 932 1080 fuerit
971 1051 1023 1079 an
1064 1038 1331 1093 pertinacior.
1372 1037 1485 1079 Nam
1528 1051 1628 1078 cum
1661 1050 1713 1078 ex
1745 1050 1830 1078 uno

239 1108 439 1150 Aeneidis
479 1106 589 1151 libro
630 1112 884 1165 argumenta
926 1121 1003 1150 sua
1034 1107 1279 1164 colligeret,
1311 1121 1363 1149 ne
1394 1107 1472 1149 hac
1504 1106 1676 1162 quidem
1710 1121 1755 1148 re
1788 1120 1831 1148 se

240 1192 265 1220 a
305 1179 523 1235 proposito
567 1193 643 1220 suo
686 1178 838 1221 abduci
878 1192 1027 1234 passus
1073 1182 1159 1229 est,
1205 1177 1318 1234 quod
1343 1177 1528 1232 proxime
1552 1177 1833 1232 praecedentis

238 1248 341 1291 libri
371 1249 535 1290 ultimus
567 1253 676 1291 esset
707 1261 878 1291 versus:

481 1319 634 1362 Nudus
664 1320 709 1361 in
738 1320 889 1375 ignota
921 1318 1123 1361 Palinure
1155 1317 1170 1376 s
1199 1319 1355 1361 iacebis
1388 1317 1403 1376 s
1434 1319 1591 1361 harena

241 1391 314 1445 qui
354 1403 490 1445 neque
531 1389 765 1446 quidquam
807 1390 956 1441 habet,
996 1389 1108 1445 quod
1150 1391 1282 1432 etiam
1325 1389 1437 1444 apud
1480 1389 1669 1431 Ennium
1701 1389 1832 1432 fuisse

241 1459 442 1503 credibile
474 1462 554 1511 sit,
587 1465 631 1502 et
662 1460 901 1503 hexametri
934 1458 1087 1502 Graeci
1119 1459 1236 1516 leges
1268 1467 1411 1516 aperte
1442 1460 1588 1502 violat.
1630 1459 1712 1502 Sed
1743 1475 1833 1516 per-

242 1531 400 1573 tinacia
444 1532 527 1573 viri
582 1530 697 1573 docti
742 1532 884 1587 magis
941 1530 1174 1573 incusanda
1228 1530 1409 1581 videtur,
1459 1532 1555 1586 qui,
1606 1534 1655 1572 ut
1703 1544 1831 1586 quam

243 1600 431 1657 plurima
462 1600 572 1657 legis
606 1615 706 1643 suae
739 1601 881 1643 afferre
913 1605 1054 1656 posset
1085 1600 1304 1657 exempla,
1340 1605 1383 1644 et
1414 1600 1496 1643 alia
1528 1615 1605 1644 suo
1634 1603 1833 1644 statuerit

240 1671 438 1722 arbitrio,
471 1676 514 1714 et
547 1673 583 1713 si
614 1673 684 1714 cui
718 1672 843 1714 verbo
876 1671 1083 1727 particula
1117 1671 1311 1714 enclitica
1342 1687 1416 1728 que
1447 1672 1715 1723 adhaereret,
1749 1686 1831 1714 non

241 1747 335 1798 post
367 1741 439 1784 sed
469 1746 561 1783 ante
591 1741 712 1784 illam
745 1757 919 1785 versum
949 1742 1081 1785 incidi
1112 1744 1298 1785 iusserit.

299 1811 439 1854 Immo
481 1814 541 1855 sic
582 1827 673 1855 rem
716 1827 759 1855 se
802 1813 955 1855 habere
998 1814 1107 1855 mihi
1149 1817 1213 1855 est
1244 1814 1642 1870 persuasissimum,
1674 1817 1716 1855 et
1748 1828 1831 1869 quo

240 1884 381 1939 magis
412 1883 521 1925 hanc
555 1885 846 1939 quaestionem
878 1898 1048 1926 mecum
1080 1888 1231 1940 reputo
1265 1898 1312 1926 eo
1342 1883 1391 1925 fit
1422 1886 1578 1926 certius
1611 1885 1774 1940 magis:

301 1953 444 1994 Poetae
473 1953 615 1994 Latini
648 1954 766 2006 Zeyem
796 1955 845 1995 de
875 1955 1044 1996 vitanda
1076 1969 1240 1996 caesura
1274 1955 1386 1996 κατὰ
1416 1955 1608 2006 τέταρτον
1637 1960 1829 2005 τροχαῖον

241 2038 319 2065 non
361 2023 610 2076 iqnoraruni,
653 2026 724 2065 sed
764 2039 876 2066 nosse
916 2040 957 2066 se
998 2040 1079 2066 eam
1123 2025 1442 2066 dissimularunt.
1478 2026 1531 2066 At
1561 2040 1635 2080 quo
1668 2026 1831 2080 quisque

240 2098 296 2134 est
345 2093 488 2134 tersior
530 2093 847 2150 eleqantiorq‘ue,
890 2109 1040 2150 quoque
1080 2095 1124 2135 in
1165 2109 1234 2135 suo
1279 2100 1506 2148 aryumento
1542 2096 1829 2148 pertractando

234 2163 413 2219 felicius
444 2168 639 2215 versatur,
674 2179 715 2205 eo
746 2165 894 2217 maqis,
928 2164 1156 2218 imprudens
1188 2164 1433 2220 invitusque,
1468 2164 1546 2217 leqi
1562 2169 1697 2218 paret.
1737 2166 1830 2206 Cum

239 2246 329 2275 vero
365 2233 488 2280 αὐτὸς
521 2233 666 2275 ἑαυτοῦ
700 2238 762 2276 est
796 2234 1025 2280 δεινότατος
1059 2235 1192 2287 ἰοη908
1225 2235 1327 2275 locos
1360 2239 1474 2275 tauta
1496 2235 1646 2288 pan-ait
1675 2239 1761 2276 arte
1786 2240 1831 2276 ut

241 2318 290 2345 ne
331 2303 601 2344 severissimae
630 2304 784 2359 quidem
817 2309 854 2345 eb
885 2304 1051 2345 Homeri
1075 2304 1339 2358 plenissimae
1370 2319 1486 2345 aures
1517 2305 1732 2360 quidquam
1763 2305 1830 2345 lca-

242 2374 358 2415 beant
388 2375 494 2430 quod
523 2375 824 2428 reprehendant.

301 2444 394 2486 Hoc
442 2458 595 2486 verum
642 2458 754 2494 esse,
803 2444 885 2486 hoc
932 2445 1017 2499 ipsi
1062 2445 1126 2486 rei
1171 2447 1347 2486 naturae
1388 2445 1624 2494 convenire,
1668 2445 1830 2500 optime
1882 2493 1886 2496 ,

241 2516 383 2557 sciunt
424 2516 697 2570 sentiuntque
738 2514 805 2556 illi
837 2515 911 2570 qui
942 2515 1114 2556 omnino
1146 2514 1198 2556 ad
1231 2514 1527 2556 huiuscemodi
1560 2517 1828 2569 quaestiones

242 2584 499 2627 dirimendas
550 2586 738 2627 maxime
791 2589 890 2626 sunt
940 2584 1104 2632 idonei,
1148 2598 1217 2626 eos
1261 2584 1353 2626 dico
1397 2586 1470 2640 qui
1510 2586 1594 2640 ipsi
1634 2586 1829 2628 versibus

239 2654 402 2697 Latinis
459 2655 694 2711 pangendis
753 2654 899 2696 sedulo
957 2654 1058 2696 dant
1105 2668 1289 2709 operam.
1338 2654 1374 2695 E
1421 2668 1603 2709 quorum
1650 2655 1828 2697 artificio

239 2724 486 2780 exemplum
529 2724 673 2766 afferre
713 2724 833 2766 lubet
875 2723 985 2779 quod
1028 2737 1142 2774 rem,
1187 2725 1232 2765 in
1275 2738 1357 2779 qua
1389 2738 1623 2774 versamur,
1658 2727 1829 2782 egregie

237 2793 455 2837 illustrare
487 2795 671 2836 videtur.
715 2794 819 2846 Quis
851 2798 1074 2849 poetarum
1106 2795 1370 2836 noviciorum
1403 2808 1570 2850 semper
1601 2797 1723 2837 anxie
1757 2796 1829 2837 dat

236 2877 405 2919 operam
434 2868 483 2906 ut
509 2865 753 2907 hexameter
778 2867 898 2907 exeat
926 2865 972 2905 in
1000 2877 1149 2905 vocem
1178 2864 1375 2905 binarum
1402 2867 1676 2908 ternarumve
1701 2864 1830 2921 sylla-

239 2931 419 2975 barum?
451 2933 555 2986 Quis
586 2948 735 2977 eorum
766 2947 940 2976 versum
971 2933 1185 2988 improbet
1217 2933 1353 2988 qualis
1384 2934 1454 2976 hic
1487 2939 1573 2977 est:

421 3004 483 3047 Ne
518 3019 616 3047 vero
650 3004 857 3055 Bavium,
891 3008 978 3046 tam
1011 3004 1187 3054 fortem,
1221 3008 1310 3046 tam
1343 3004 1605 3060 sapientem?
