2034 3334
285 374 373 419 illis
398 373 771 419 immortalitatem
800 374 1014 432 quandam
1043 389 1087 419 se
1115 380 1291 420 nactum
1317 377 1434 423 haud
1459 379 1618 424 iniuria
1633 379 1888 439 opinabatur

286 450 330 490 et
363 445 599 490 verecunde
630 444 807 503 quidem
837 444 911 489 sed
942 450 1086 504 aperte
1118 450 1262 491 tamen
1293 452 1359 492 est
1389 449 1625 506 professus:

1045 520 1236 562 carmina
1266 520 1411 564 maior.
1433 521 1581 579 imago

467 587 580 630 Sunt
611 601 731 638 mea,
766 601 874 644 quae
907 588 1062 632 mando
1094 589 1406 648 qualiacunque
1436 590 1578 651 legas,

468 656 670 702 Carmina
701 662 890 702 mutatas
923 659 1152 703 hominum
1184 660 1368 705 dicentia
1398 663 1570 707 formas.

345 726 434 772 Cur
464 743 546 772 non
578 728 822 772 emendavit
847 755 904 761 —
932 731 969 773 si
1001 732 1143 787 potuit
1172 756 1229 764 —
1257 738 1587 778 monumentum
1617 748 1713 779 aere
1738 749 1886 792 peren·

285 802 403 851 nius,
446 800 558 856 quod
598 802 809 858 insignem
841 803 881 844 ei
914 806 1121 858 perpetuo
1152 804 1198 845 in
1231 802 1511 848 dilectissima
1541 805 1646 850 urbe
1677 804 1883 851 daturum

283 875 374 914 erat
403 869 577 914 locum?
609 871 705 928 Ipse
736 871 912 928 quidem
945 886 1117 916 causam
1150 873 1270 917 affert
1303 875 1436 919 hanc:

465 941 543 985 Vel
573 942 685 999 quod
718 957 835 986 eram
867 943 1040 995 Musas,
1074 948 1126 987 ut
1157 946 1338 988 crimina
1368 951 1533 998 nostra,
1566 961 1741 1004 pemeus

282 1026 381 1056 nam
415 1027 523 1069 quae
555 1027 682 1056 causa
713 1013 796 1056 fuit
827 1028 904 1058 cur
933 1016 978 1057 in
1009 1016 1158 1072 ignem
1190 1015 1322 1060 libros
1351 1016 1449 1060 illos
1481 1019 1708 1062 coniiceret
1733 1017 1882 1063 eadem

282 1084 334 1127 ab
375 1084 639 1127 emendando
682 1099 779 1127 eum
821 1087 966 1141 potuit
1008 1085 1232 1130 deterrere.
1276 1086 1359 1131 Sed
1391 1088 1576 1132 mendax
1607 1093 1882 1146 praetextum

281 1154 391 1198 illud
433 1159 521 1206 est,
565 1170 647 1198 non
686 1170 812 1199 causa
848 1155 916 1199 vel
948 1161 1274 1214 argumentum.
1306 1157 1362 1200 In
1389 1158 1594 1202 exsilium
1626 1174 1703 1203 cur
1732 1173 1883 1204 revera

282 1227 440 1269 missus
483 1228 540 1269 sit
582 1226 764 1270 Ovidius
795 1226 1042 1285 intelligere
1075 1229 1185 1278 mihi
1219 1229 1376 1280 videor,
1410 1231 1501 1286 ipse
1533 1232 1699 1287 quoties
1729 1229 1881 1289 culpae

280 1303 447 1355 partem
489 1300 532 1340 in
574 1300 763 1341 carmina
805 1313 882 1342 sua
913 1299 1097 1351 confert,
1131 1299 1267 1343 solam
1301 1301 1451 1344 Artem
1483 1307 1676 1354 accusat,
1708 1301 1761 1346 de
1791 1301 1884 1346 Me-

279 1369 617 1426 tamorphosesin
658 1370 904 1413 accusandis
945 1385 1027 1414 non
1071 1373 1259 1428 cogitat:
1303 1373 1350 1415 in
1391 1371 1479 1415 illis
1520 1373 1756 1431 quidquam
1786 1387 1879 1418 esse

280 1439 392 1496 quod
423 1441 698 1497 regnantium
728 1442 774 1483 in
804 1442 948 1497 ipsum
977 1443 1235 1484 converterit
1264 1444 1397 1494 iram,
1427 1443 1507 1486 hoc
1533 1457 1586 1486 ne
1613 1444 1659 1486 in
1686 1447 1877 1502 mentem
1914 1482 1921 1488 .

280 1510 453 1566 quidem
494 1512 534 1554 ei
576 1513 709 1554 venit.
754 1511 894 1554 Immo
933 1512 1096 1569 gaudet
1127 1526 1347 1569 superesse
1379 1527 1471 1565 eas,
1505 1529 1587 1558 non
1620 1528 1670 1558 eo
1702 1515 1878 1572 periisse

279 1582 365 1624 fato
397 1581 510 1638 quod
539 1582 632 1638 ipse
662 1583 717 1624 iis
749 1581 1051 1626 destinaverat.
1086 1583 1239 1634 „Nunc
1272 1584 1448 1641 precor‘’
1482 1586 1544 1628 ait

460 1652 585 1695 Nunc
616 1666 776 1708 precor,
809 1658 860 1695 ut
890 1654 1042 1696 vivant
1074 1658 1116 1696 et
1147 1668 1231 1697 non
1263 1656 1424 1712 ignava
1455 1655 1679 1714 legentum

521 1722 620 1765 Otia
653 1722 864 1766 delectent
895 1723 1234 1781 admoneantque
1265 1727 1365 1769 mei.

278 1794 445 1847 Quanto
477 1808 580 1851 ergo
613 1793 824 1836 efficacius
856 1796 924 1837 sui
956 1794 1247 1838 admonuisset
1279 1798 1439 1839 amicos
1469 1801 1714 1855 ceterosque
1744 1800 1874 1851 cives,
2001 1813 2016 1854 ζ

277 1867 312 1908 si
340 1865 586 1908 emendatas
614 1864 984 1921 Metamorphoses
1006 1867 1050 1908 in
1076 1866 1237 1909 Urbem
1255 1868 1463 1918 misisset,
1482 1867 1873 1927 Metamorphoses,

277 1938 366 1987 aio,
397 1952 520 1992 usque
551 1936 605 1977 ad
622 1938 749 1991 finem
780 1935 919 1992 lepide
951 1936 1176 1993 dispositas
1207 1942 1251 1980 et
1282 1940 1474 1981 venustis
1499 1940 1612 1983 inter
1636 1954 1680 1984 se
1705 1941 1875 1984 iunctas

277 2005 484 2050 vinculis!
529 2006 576 2049 Si
616 2008 678 2049 ita
719 2020 790 2049 eas
832 2007 1056 2051 emendare
1089 2007 1192 2051 felix
1223 2008 1460 2065 florensque
1492 2012 1636 2066 potuit
1667 2009 1869 2062 Ovidius,

276 2082 318 2121 et
350 2079 481 2121 miser
510 2076 715 2133 exsulque
748 2080 902 2134 potuit.
931 2078 1015 2121 Sed
1042 2068 1177 2136 neque
1203 2079 1277 2122 ille
1304 2083 1470 2137 potuit,
1497 2095 1634 2138 neque
1658 2081 1873 2126 eiusmodi

276 2147 439 2205 aliquid
471 2149 699 2205 quisquam
729 2152 871 2205 potest
902 2149 1182 2192 mortalium:

337 2219 449 2271 Quid
479 2233 583 2276 ergo
616 2218 727 2261 illud

517 2289 859 2340 Emendaturus,
894 2291 930 2332 si
961 2289 1176 2343 licuisset,
1209 2305 1326 2334 eram

274 2375 348 2403 nos
377 2358 525 2403 docet?
557 2360 603 2403 Si
629 2359 732 2416 quid
761 2360 909 2411 video,
937 2361 1207 2404 confitentem
1236 2363 1305 2404 hic
1331 2377 1454 2405 reum
1484 2364 1705 2408 habemus.
1731 2363 1872 2408 Sentit

275 2431 456 2474 Ovidius
498 2435 541 2474 et
583 2432 663 2473 sibi
706 2433 901 2475 conscius
943 2436 1008 2475 est
1047 2434 1127 2476 sub
1161 2433 1288 2476 finem
1321 2434 1722 2492 Metamorphoseon
1751 2437 1869 2479 iusto

275 2504 415 2559 magis
457 2516 500 2545 se
542 2516 808 2558 properasse,
852 2505 1040 2546 sarcinae
1081 2504 1340 2548 abiiciendae
1381 2505 1580 2562 cupidine
1613 2506 1792 2550 ductum
1822 2507 1869 2549 in

275 2587 410 2614 unum
453 2575 710 2628 constipasse
750 2572 911 2615 librum
945 2588 1016 2624 ea,
1051 2588 1181 2630 quae,
1215 2576 1252 2617 si
1283 2575 1431 2618 eadem
1463 2590 1546 2632 qua
1577 2576 1871 2632 praecedentia

275 2657 374 2685 cura
416 2643 631 2685 elaborata
661 2647 821 2693 essent,
857 2658 929 2686 sex
962 2649 1182 2701 septemve
1212 2645 1464 2701 implessent
1493 2645 1650 2697 libros,
1685 2646 1867 2704 denique

274 2727 356 2754 non
384 2713 426 2754 id
454 2728 496 2755 se
527 2713 749 2769 perfecisse
777 2714 887 2770 quod
915 2715 967 2757 ab
992 2716 1116 2758 initio
1148 2716 1230 2758 sibi
1257 2718 1548 2773 proposuerit:
1577 2721 1627 2759 ut
1653 2730 1863 2773 magnum

272 2782 380 2824 illud
424 2798 530 2838 opus
574 2789 792 2839 tamquam
836 2784 1006 2827 culmen
1049 2791 1091 2827 et
1122 2786 1345 2842 fastigium
1377 2786 1551 2828 haberet
1581 2788 1753 2842 imperii
1783 2786 1865 2830 Ro-

273 2855 388 2894 mani
421 2859 461 2894 et
493 2855 698 2909 principis
732 2854 920 2911 Augusti
952 2855 1231 2912 magnificum
1259 2861 1302 2898 et
1328 2859 1446 2898 tanta
1472 2869 1516 2898 re
1543 2860 1745 2911 tantoque
1771 2858 1865 2899 viro

273 2922 453 2977 dignum
482 2925 767 2977 praeconium.
796 2925 936 2979 Atque
963 2925 1117 2968 accidit
1145 2927 1183 2967 ei
1210 2925 1322 2981 quod
1344 2927 1513 2967 evenire
1529 2925 1615 2967 fere
1630 2925 1866 2968 levioribus

271 2991 377 3033 solet
421 2993 690 3043 hominibus,
735 2998 784 3034 ut
827 2996 958 3036 totius
998 2997 1162 3051 negotii
1204 3009 1305 3037 eum
1347 2995 1527 3037 taedeat.
1579 2995 1719 3037 Pudet
1760 3009 1861 3038 eum
