2034 3334
1042 397 1098 436 90

283 519 396 558 hunc
427 530 528 567 ergo
556 530 582 558 a
607 529 655 559 se
683 521 962 569 conspectum
989 521 1272 562 dissimulans
1299 522 1543 562 maledictis
1570 523 1614 563 in
1640 523 1852 573 Mysidem

283 595 501 634 invehitur
536 595 762 643 tamquam
793 595 1026 636 liberorum
1057 598 1434 647 supponendorum
1460 597 1684 642 artificem.
1713 600 1784 642 Sic
1808 602 1853 642 et

281 680 329 709 se
361 671 486 710 extra
513 671 684 720 culpam
711 671 907 711 futurum
934 671 1120 723 confidit,
1150 674 1206 724 et,
1234 684 1318 723 quo
1344 674 1486 724 magis
1512 675 1603 725 ipse
1630 675 1850 729 infitietur,

281 756 330 786 eo
362 746 504 795 magis
536 747 800 787 crediturum
832 747 1109 789 Chremetem
1141 749 1356 800 Pamphili
1383 750 1507 791 illum
1534 762 1630 792 esse
1655 750 1851 794 filiolum.

279 822 425 871 Neque
466 822 573 863 haec
613 834 715 864 eum
757 824 870 864 fallit
901 826 1024 874 spes:
1058 826 1170 865 redit
1200 826 1318 866 enim
1349 827 1447 867 inde
1479 826 1686 868 Chremes
1715 827 1852 870 filiam

277 909 403 938 suam
445 900 708 940 adolescenti
751 911 939 950 nequam
982 912 1140 951 negare
1178 903 1335 943 certus.
1369 902 1567 953 Dumque
1597 903 1852 954 Pamphilus

277 975 431 1023 Mysidi
466 976 645 1016 miranti
671 977 860 1026 explicat
886 978 987 1027 quid
1013 978 1096 1018 sibi
1122 979 1308 1019 voluerit
1335 989 1387 1019 ea
1412 979 1648 1031 simulatio,
1674 980 1852 1021 advenit

276 1049 392 1090 Crito
424 1050 610 1100 Glycerii
641 1052 726 1092 civi
752 1084 761 1103 ,
791 1053 1014 1103 Chrysidis
1040 1055 1252 1105 sobrinus,
1282 1055 1355 1104 qui
1382 1055 1547 1105 Myside
1574 1055 1724 1106 agnita
1750 1065 1850 1096 cum

275 1125 350 1166 illa
381 1126 566 1176 Glycerii
597 1063 904 1170 affimat.
938 1130 1020 1171 Hic
1051 1130 1221 1171 Davus:

454 1205 616 1254 Sequar
647 1206 748 1246 hos:
782 1217 853 1246 me
886 1207 984 1247 nolo
1016 1207 1061 1247 in
1092 1209 1287 1258 tempore
1319 1209 1400 1248 hoc
1430 1208 1577 1248 videat
1607 1218 1758 1248 senex.

275 1279 467 1320 Annotat
498 1282 760 1326 Scholiasta:
798 1283 940 1333 „Bene
971 1293 1168 1337 senex:
1200 1284 1319 1323 Simo
1346 1284 1464 1324 enim
1491 1294 1591 1324 cum
1619 1283 1850 1324 Chremeta

274 1357 355 1396 est.
386 1356 566 1406 Propter
596 1358 677 1398 hoc
707 1359 844 1398 videri
875 1369 961 1399 non
991 1360 1099 1410 vult,
1133 1371 1187 1400 ne
1219 1361 1313 1400 eius
1338 1362 1487 1400 utatur
1512 1360 1624 1410 apud
1649 1370 1847 1401 socerum

273 1432 536 1483 testimonio,
570 1444 663 1473 rem
695 1445 792 1474 esse
824 1435 1050 1485 Pamphilo
1083 1436 1292 1476 adversus
1325 1436 1585 1486 Glycerium,
1619 1437 1665 1476 et
1693 1445 1850 1476 rursus
1884 1442 1889 1446 '

274 1508 450 1557 nuptiae
492 1509 842 1551 confirmentur.”
887 1512 1110 1553 Eiusmodi
1146 1523 1216 1552 res
1248 1514 1514 1562 spectatores
1541 1512 1694 1562 sponte
1723 1511 1847 1552 intel-

273 1583 436 1633 ligunt;
479 1585 710 1625 lectoribus
752 1588 902 1627 tamen
943 1588 1161 1628 interdum
1199 1588 1486 1628 monitoribus
1517 1598 1624 1638 opus
1655 1588 1724 1628 est
1754 1589 1848 1628 tam

276 1659 427 1708 peritis
459 1671 590 1710 quam
622 1662 692 1701 hic
723 1665 791 1702 est
822 1663 1076 1703 Scholiasta.

332 1736 448 1776 Crito
481 1748 580 1788 ergo
613 1739 697 1789 ille,
732 1750 861 1788 quem
893 1741 1021 1780 modo
1054 1741 1346 1791 nominabam,
1376 1740 1623 1790 Glycerium
1650 1739 1848 1790 agnoscit

273 1814 317 1851 et
357 1813 498 1853 civem
539 1815 733 1873 Atticam
777 1827 875 1855 eam
916 1827 1025 1866 esse,
1071 1817 1112 1856 id
1155 1817 1266 1866 quod
1307 1817 1412 1856 olim
1453 1817 1545 1866 ipse
1581 1827 1605 1856 e
1636 1815 1847 1867 Chryside

272 1889 449 1939 audivit,
499 1890 724 1940 Pamphilo
771 1894 931 1932 narrat.
980 1893 1040 1932 At
1081 1903 1166 1932 non
1209 1893 1344 1932 credit
1385 1892 1527 1932 Simo:
1559 1892 1847 2008 sz

271 1964 395 2004 illum
432 1965 651 2006 Critonem
683 1978 709 2007 a
739 1967 826 2007 filio
858 1970 984 2017 putat
1014 1970 1064 2008 ut
1095 1979 1171 2018 pro
1203 1969 1446 2008 Chremetis
1477 1967 1568 2008 filia
1634 1967 1846 2018 lycerium

272 2041 403 2080 istam
436 2053 618 2083 uxorem
652 2044 809 2084 habere
840 2045 990 2094 possit.
1011 2045 1075 2084 .In
1106 2044 1246 2084 filium
1279 2055 1380 2094 ergo
1412 2044 1656 2084 maledictis
1682 2043 1845 2084 invehi-

271 2119 353 2167 tur,
398 2119 470 2166 qui
514 2119 794 2159 vehementer
835 2120 915 2159 hoc
957 2120 1139 2160 crimine
1181 2120 1405 2170 perculsus
1446 2120 1646 2160 flebiliter
1675 2121 1845 2170 patrem

271 2193 441 2242 placare
473 2196 632 2234 studet.
670 2195 811 2245 „Ego”
846 2196 922 2242 (ait
953 2207 1017 2236 vs.
1052 2197 1176 2243 896):

391 2270 479 2319 Ego
525 2281 596 2310 me
639 2281 787 2311 amare
829 2272 941 2311 hano
981 2272 1141 2312 fateor:
1184 2272 1223 2312 si
1264 2272 1306 2311 id
1348 2272 1580 2321 peccarest,
1623 2270 1762 2310 fateor
1801 2269 1845 2310 id

1586 2349 1782 2396 [quoque.

390 2422 495 2471 Tibi,
530 2424 663 2472 pater,
697 2434 768 2462 me
801 2424 920 2463 dedo.
954 2423 1124 2472 quidvis
1156 2423 1298 2463 oneris
1331 2424 1515 2472 impone,
1549 2423 1727 2472 impera.

391 2497 466 2535 Vis
493 2508 564 2537 me
592 2509 773 2538 uxorem
802 2500 986 2538 ducere?
1013 2500 1124 2538 hanc
1141 2499 1208 2538 vis
1224 2499 1431 2538 mittere?
1446 2500 1496 2537 ut
1511 2500 1672 2548 potero,
1689 2498 1840 2538 feram.

391 2573 483 2611 Hoc
515 2574 643 2612 modo
676 2576 718 2613 te
751 2575 939 2624 obsecro,
973 2577 1022 2614 ut
1048 2585 1101 2614 ne
1129 2575 1278 2614 credas
1305 2585 1331 2614 a
1355 2584 1427 2614 me
1455 2573 1703 2623 adlegatum
1728 2573 1843 2613 hunc

1590 2651 1780 2695 [senemz

393 2723 491 2761 Sine
524 2734 594 2762 me
627 2735 863 2773 expurgem
896 2727 1023 2774 atque
1056 2726 1179 2764 illum
1211 2726 1295 2764 huc
1326 2735 1472 2764 coram
1503 2707 1728 2764 adducam.⁹

273 2798 352 2836 Hic
411 2798 754 2846 indignabundus
801 2802 922 2848 pater
972 2802 1184 2849 „adducas
1196 2802 1244 2839 ?”
1293 2802 1427 2849 rogat,
1476 2799 1675 2847 filiusque
1721 2798 1840 2848 „sine

273 2874 435 2921 pan-21³³.
485 2874 593 2911 Tum
638 2874 865 2914 Chremes:
913 2887 1121 2924 „aequom
1164 2876 1366 2924 postulat,
1409 2875 1463 2914 da
1493 2875 1710 2913 veniam”.
1743 2874 1839 2912 Iure

237 2952 247 3028 1
273 2949 511 2996 meritoque
551 2949 798 2989 Terentium
832 2951 901 2989 hic
932 2952 1079 2991 laudat
1111 2952 1374 2991 Scholiasta:
1412 2949 1679 3000 „Artificiose
1711 2950 1837 2988 inter-
