<?xml version="1.0" encoding="UTF-8"?>
<!DOCTYPE html PUBLIC "-//W3C//DTD XHTML 1.0 Transitional//EN"
    "http://www.w3.org/TR/xhtml1/DTD/xhtml1-transitional.dtd">
<html xmlns="http://www.w3.org/1999/xhtml" xml:lang="en" lang="en">
 <head>
  <title>
</title>
<meta http-equiv="Content-Type" content="text/html;charset=utf-8" />
  <meta name='ocr-system' content='tesseract 3.04.00' />
  <meta name='ocr-capabilities' content='ocr_page ocr_carea ocr_par ocr_line ocrx_word'/>
</head>
<body>
  <div class='ocr_page' id='page_1' title='image "./dehoratiopota00hartuoft_0593.png"; bbox 0 0 2034 3334; ppageno 0'>
   <div class='ocr_carea' id='block_1_1' title="bbox 0 0 192 3334">
    <p class='ocr_par' dir='ltr' id='par_1_1' title="bbox 0 0 192 3334">
     <span class='ocr_line' id='line_1_1' title="bbox 0 0 192 3334; baseline 0 0"><span class='ocrx_word' id='word_1_1' title='bbox 0 0 192 3334; x_wconf 95' lang='lat' dir='ltr'> </span> 
     </span>
    </p>
   </div>
   <div class='ocr_carea' id='block_1_2' title="bbox 589 906 1453 1004">
    <p class='ocr_par' dir='ltr' id='par_1_2' title="bbox 589 906 1453 1004">
     <span class='ocr_line' id='line_1_2' title="bbox 589 906 1453 1004; baseline -0.002 -15"><span class='ocrx_word' id='word_1_2' title='bbox 589 906 903 989; x_wconf 81' lang='lat' dir='ltr'><strong>CAPUT</strong></span> <span class='ocrx_word' id='word_1_3' title='bbox 966 915 1453 1004; x_wconf 76' lang='lat' dir='ltr'><strong>QUARTUM.</strong></span> 
     </span>
    </p>
   </div>
   <div class='ocr_carea' id='block_1_3' title="bbox 193 1276 1815 2907">
    <p class='ocr_par' dir='ltr' id='par_1_3' title="bbox 193 1276 1815 2681">
     <span class='ocr_line' id='line_1_3' title="bbox 294 1276 1815 1324; baseline 0 -10"><span class='ocrx_word' id='word_1_4' title='bbox 294 1276 360 1314; x_wconf 90' lang='lat' dir='ltr'>Ad</span> <span class='ocrx_word' id='word_1_5' title='bbox 406 1287 498 1314; x_wconf 86' lang='lat' dir='ltr'>rem</span> <span class='ocrx_word' id='word_1_6' title='bbox 546 1287 659 1315; x_wconf 90' lang='lat' dir='ltr'>nunc</span> <span class='ocrx_word' id='word_1_7' title='bbox 706 1276 860 1314; x_wconf 78' lang='lat' dir='ltr'>accedo</span> <span class='ocrx_word' id='word_1_8' title='bbox 902 1276 1075 1324; x_wconf 80' lang='lat' dir='ltr'>plenam</span> <span class='ocrx_word' id='word_1_9' title='bbox 1117 1276 1315 1324; x_wconf 88' lang='lat' dir='ltr'>periculi:</span> <span class='ocrx_word' id='word_1_10' title='bbox 1362 1277 1412 1314; x_wconf 91' lang='lat' dir='ltr'>de</span> <span class='ocrx_word' id='word_1_11' title='bbox 1455 1276 1642 1315; x_wconf 87' lang='lat' dir='ltr'>Terentii</span> <span class='ocrx_word' id='word_1_12' title='bbox 1685 1277 1815 1314; x_wconf 54' lang='lat' dir='ltr'>enim*</span> 
     </span>
     <span class='ocr_line' id='line_1_4' title="bbox 234 1351 1798 1401; baseline 0 -11"><span class='ocrx_word' id='word_1_13' title='bbox 234 1351 426 1390; x_wconf 84' lang='lat' dir='ltr'>dicturus</span> <span class='ocrx_word' id='word_1_14' title='bbox 453 1362 551 1390; x_wconf 89' lang='lat' dir='ltr'>sum</span> <span class='ocrx_word' id='word_1_15' title='bbox 580 1351 839 1400; x_wconf 73' lang='lat' dir='ltr'>inventione,</span> <span class='ocrx_word' id='word_1_16' title='bbox 865 1352 908 1389; x_wconf 91' lang='lat' dir='ltr'>et</span> <span class='ocrx_word' id='word_1_17' title='bbox 925 1351 1013 1389; x_wconf 89' lang='lat' dir='ltr'>scio</span> <span class='ocrx_word' id='word_1_18' title='bbox 1030 1362 1286 1399; x_wconf 87' lang='lat' dir='ltr'>persuasum</span> <span class='ocrx_word' id='word_1_19' title='bbox 1305 1362 1399 1390; x_wconf 88' lang='lat' dir='ltr'>esse</span> <span class='ocrx_word' id='word_1_20' title='bbox 1417 1352 1568 1390; x_wconf 89' lang='lat' dir='ltr'>debere</span> <span class='ocrx_word' id='word_1_21' title='bbox 1586 1352 1798 1401; x_wconf 87' lang='lat' dir='ltr'>omnibus,</span> 
     </span>
     <span class='ocr_line' id='line_1_5' title="bbox 234 1427 1798 1476; baseline 0.001 -11"><span class='ocrx_word' id='word_1_22' title='bbox 234 1427 306 1475; x_wconf 91' lang='lat' dir='ltr'>qui</span> <span class='ocrx_word' id='word_1_23' title='bbox 361 1438 447 1465; x_wconf 90' lang='lat' dir='ltr'>non</span> <span class='ocrx_word' id='word_1_24' title='bbox 503 1427 628 1475; x_wconf 87' lang='lat' dir='ltr'>plane</span> <span class='ocrx_word' id='word_1_25' title='bbox 675 1427 718 1465; x_wconf 92' lang='lat' dir='ltr'>in</span> <span class='ocrx_word' id='word_1_26' title='bbox 766 1428 913 1466; x_wconf 89' lang='lat' dir='ltr'>nostra</span> <span class='ocrx_word' id='word_1_27' title='bbox 960 1427 1184 1475; x_wconf 81' lang='lat' dir='ltr'>disciplina</span> <span class='ocrx_word' id='word_1_28' title='bbox 1230 1427 1422 1476; x_wconf 76' lang='lat' dir='ltr'>hospites</span> <span class='ocrx_word' id='word_1_29' title='bbox 1468 1428 1603 1466; x_wconf 86' lang='lat' dir='ltr'>videri</span> <span class='ocrx_word' id='word_1_30' title='bbox 1650 1427 1798 1475; x_wconf 84' lang='lat' dir='ltr'>velint,</span> 
     </span>
     <span class='ocr_line' id='line_1_6' title="bbox 193 1502 1799 1552; baseline 0.001 -11"><span class='ocrx_word' id='word_1_31' title='bbox 193 1545 196 1547; x_wconf 52' lang='grc'>,</span> <span class='ocrx_word' id='word_1_32' title='bbox 233 1503 409 1542; x_wconf 86' lang='lat' dir='ltr'>Latinos</span> <span class='ocrx_word' id='word_1_33' title='bbox 435 1503 666 1551; x_wconf 76' lang='lat' dir='ltr'>scriptores</span> <span class='ocrx_word' id='word_1_34' title='bbox 693 1503 773 1541; x_wconf 91' lang='lat' dir='ltr'>hac</span> <span class='ocrx_word' id='word_1_35' title='bbox 800 1502 1044 1541; x_wconf 90' lang='lat' dir='ltr'>inveniendi</span> <span class='ocrx_word' id='word_1_36' title='bbox 1071 1503 1276 1542; x_wconf 73' lang='lat' dir='ltr'>facultate</span> <span class='ocrx_word' id='word_1_37' title='bbox 1302 1504 1428 1552; x_wconf 91' lang='lat' dir='ltr'>plane</span> <span class='ocrx_word' id='word_1_38' title='bbox 1455 1504 1656 1542; x_wconf 85' lang='lat' dir='ltr'>caruisse.</span> <span class='ocrx_word' id='word_1_39' title='bbox 1677 1502 1799 1542; x_wconf 87' lang='lat' dir='ltr'>Certe</span> 
     </span>
     <span class='ocr_line' id='line_1_7' title="bbox 232 1578 1800 1628; baseline 0 -11"><span class='ocrx_word' id='word_1_40' title='bbox 232 1578 314 1617; x_wconf 90' lang='lat' dir='ltr'>hoc</span> <span class='ocrx_word' id='word_1_41' title='bbox 354 1579 569 1617; x_wconf 91' lang='lat' dir='ltr'>inculcare</span> <span class='ocrx_word' id='word_1_42' title='bbox 610 1579 751 1617; x_wconf 91' lang='lat' dir='ltr'>solent</span> <span class='ocrx_word' id='word_1_43' title='bbox 782 1578 1002 1627; x_wconf 85' lang='lat' dir='ltr'>discipulis</span> <span class='ocrx_word' id='word_1_44' title='bbox 1034 1579 1213 1627; x_wconf 88' lang='lat' dir='ltr'>aliisque</span> <span class='ocrx_word' id='word_1_45' title='bbox 1245 1580 1327 1618; x_wconf 84' lang='lat' dir='ltr'>viri</span> <span class='ocrx_word' id='word_1_46' title='bbox 1358 1590 1532 1618; x_wconf 88' lang='lat' dir='ltr'>summa</span> <span class='ocrx_word' id='word_1_47' title='bbox 1563 1579 1800 1628; x_wconf 73' lang='lat' dir='ltr'>sapientiae</span> 
     </span>
     <span class='ocr_line' id='line_1_8' title="bbox 232 1654 1799 1703; baseline 0 -11"><span class='ocrx_word' id='word_1_48' title='bbox 232 1654 358 1692; x_wconf 89' lang='lat' dir='ltr'>laude</span> <span class='ocrx_word' id='word_1_49' title='bbox 391 1654 621 1703; x_wconf 85' lang='lat' dir='ltr'>conspicui.</span> <span class='ocrx_word' id='word_1_50' title='bbox 657 1654 738 1692; x_wconf 83' lang='lat' dir='ltr'>Sed</span> <span class='ocrx_word' id='word_1_51' title='bbox 770 1654 878 1692; x_wconf 89' lang='lat' dir='ltr'>mihi</span> <span class='ocrx_word' id='word_1_52' title='bbox 911 1665 1008 1692; x_wconf 92' lang='lat' dir='ltr'>cum</span> <span class='ocrx_word' id='word_1_53' title='bbox 1041 1665 1212 1703; x_wconf 86' lang='lat' dir='ltr'>semper</span> <span class='ocrx_word' id='word_1_54' title='bbox 1243 1655 1522 1693; x_wconf 88' lang='lat' dir='ltr'>temerarium</span> <span class='ocrx_word' id='word_1_55' title='bbox 1555 1655 1698 1692; x_wconf 87' lang='lat' dir='ltr'>visum</span> <span class='ocrx_word' id='word_1_56' title='bbox 1732 1655 1799 1692; x_wconf 86' lang='lat' dir='ltr'>est</span> 
     </span>
     <span class='ocr_line' id='line_1_9' title="bbox 233 1729 1796 1779; baseline -0.001 -11"><span class='ocrx_word' id='word_1_57' title='bbox 233 1729 285 1768; x_wconf 88' lang='lat' dir='ltr'>de</span> <span class='ocrx_word' id='word_1_58' title='bbox 326 1731 416 1768; x_wconf 92' lang='lat' dir='ltr'>toto</span> <span class='ocrx_word' id='word_1_59' title='bbox 457 1730 611 1778; x_wconf 92' lang='lat' dir='ltr'>populo</span> <span class='ocrx_word' id='word_1_60' title='bbox 653 1730 869 1768; x_wconf 87' lang='lat' dir='ltr'>declarare</span> <span class='ocrx_word' id='word_1_61' title='bbox 911 1730 1122 1768; x_wconf 87' lang='lat' dir='ltr'>eiusmodi</span> <span class='ocrx_word' id='word_1_62' title='bbox 1164 1730 1334 1779; x_wconf 88' lang='lat' dir='ltr'>aliquid,</span> <span class='ocrx_word' id='word_1_63' title='bbox 1379 1732 1472 1769; x_wconf 89' lang='lat' dir='ltr'>tum</span> <span class='ocrx_word' id='word_1_64' title='bbox 1517 1731 1567 1768; x_wconf 95' lang='lat' dir='ltr'>de</span> <span class='ocrx_word' id='word_1_65' title='bbox 1600 1730 1796 1768; x_wconf 87' lang='lat' dir='ltr'>Terentio</span> 
     </span>
     <span class='ocr_line' id='line_1_10' title="bbox 232 1805 1798 1854; baseline -0.001 -10"><span class='ocrx_word' id='word_1_66' title='bbox 232 1815 367 1854; x_wconf 79' lang='lat' dir='ltr'>paene</span> <span class='ocrx_word' id='word_1_67' title='bbox 409 1806 635 1844; x_wconf 89' lang='lat' dir='ltr'>ridiculum</span> <span class='ocrx_word' id='word_1_68' title='bbox 678 1806 860 1845; x_wconf 89' lang='lat' dir='ltr'>videtur.</span> <span class='ocrx_word' id='word_1_69' title='bbox 906 1805 1012 1854; x_wconf 80' lang='lat' dir='ltr'>Quid</span> <span class='ocrx_word' id='word_1_70' title='bbox 1055 1806 1202 1844; x_wconf 82' lang='lat' dir='ltr'>enim?</span> <span class='ocrx_word' id='word_1_71' title='bbox 1244 1807 1386 1854; x_wconf 82' lang='lat' dir='ltr'>Magni</span> <span class='ocrx_word' id='word_1_72' title='bbox 1428 1807 1495 1844; x_wconf 89' lang='lat' dir='ltr'>est</span> <span class='ocrx_word' id='word_1_73' title='bbox 1531 1806 1689 1854; x_wconf 89' lang='lat' dir='ltr'>ingenii</span> <span class='ocrx_word' id='word_1_74' title='bbox 1732 1805 1798 1844; x_wconf 89' lang='lat' dir='ltr'>vir</span> 
     </span>
     <span class='ocr_line' id='line_1_11' title="bbox 233 1881 1797 1931; baseline -0.001 -11"><span class='ocrx_word' id='word_1_75' title='bbox 233 1881 471 1931; x_wconf 85' lang='lat' dir='ltr'>Terentius,</span> <span class='ocrx_word' id='word_1_76' title='bbox 509 1881 658 1920; x_wconf 83' lang='lat' dir='ltr'>literas</span> <span class='ocrx_word' id='word_1_77' title='bbox 696 1881 880 1920; x_wconf 80' lang='lat' dir='ltr'>Graecas</span> <span class='ocrx_word' id='word_1_78' title='bbox 912 1882 955 1920; x_wconf 89' lang='lat' dir='ltr'>et</span> <span class='ocrx_word' id='word_1_79' title='bbox 986 1881 1188 1929; x_wconf 88' lang='lat' dir='ltr'>quidquid</span> <span class='ocrx_word' id='word_1_80' title='bbox 1220 1883 1315 1920; x_wconf 88' lang='lat' dir='ltr'>tum</span> <span class='ocrx_word' id='word_1_81' title='bbox 1347 1883 1440 1920; x_wconf 90' lang='lat' dir='ltr'>erat</span> <span class='ocrx_word' id='word_1_82' title='bbox 1471 1882 1721 1920; x_wconf 85' lang='lat' dir='ltr'>Latinarum</span> <span class='ocrx_word' id='word_1_83' title='bbox 1754 1881 1797 1919; x_wconf 91' lang='lat' dir='ltr'>in</span> 
     </span>
     <span class='ocr_line' id='line_1_12' title="bbox 233 1957 1795 2006; baseline -0.001 -10"><span class='ocrx_word' id='word_1_84' title='bbox 233 1967 412 1996; x_wconf 89' lang='lat' dir='ltr'>succum</span> <span class='ocrx_word' id='word_1_85' title='bbox 444 1957 575 1995; x_wconf 87' lang='lat' dir='ltr'>vertit</span> <span class='ocrx_word' id='word_1_86' title='bbox 605 1957 957 2006; x_wconf 83' lang='lat' dir='ltr'>sanguinemque,</span> <span class='ocrx_word' id='word_1_87' title='bbox 993 1958 1059 1995; x_wconf 90' lang='lat' dir='ltr'>est</span> <span class='ocrx_word' id='word_1_88' title='bbox 1090 1958 1311 2005; x_wconf 85' lang='lat' dir='ltr'>praeterea</span> <span class='ocrx_word' id='word_1_89' title='bbox 1336 1957 1439 1996; x_wconf 85' lang='lat' dir='ltr'>Afer</span> <span class='ocrx_word' id='word_1_90' title='bbox 1465 1957 1659 1996; x_wconf 89' lang='lat' dir='ltr'>natione:</span> <span class='ocrx_word' id='word_1_91' title='bbox 1690 1957 1795 1996; x_wconf 88' lang='lat' dir='ltr'>eius-</span> 
     </span>
     <span class='ocr_line' id='line_1_13' title="bbox 234 2032 1797 2081; baseline -0.001 -10"><span class='ocrx_word' id='word_1_92' title='bbox 234 2033 406 2071; x_wconf 90' lang='lat' dir='ltr'>modine</span> <span class='ocrx_word' id='word_1_93' title='bbox 456 2032 612 2081; x_wconf 71' lang='lat' dir='ltr'>virum,</span> <span class='ocrx_word' id='word_1_94' title='bbox 666 2032 850 2071; x_wconf 90' lang='lat' dir='ltr'>simulac</span> <span class='ocrx_word' id='word_1_95' title='bbox 899 2032 1050 2070; x_wconf 86' lang='lat' dir='ltr'>Latine</span> <span class='ocrx_word' id='word_1_96' title='bbox 1101 2033 1285 2070; x_wconf 88' lang='lat' dir='ltr'>scribere</span> <span class='ocrx_word' id='word_1_97' title='bbox 1327 2032 1513 2081; x_wconf 87' lang='lat' dir='ltr'>incipiat,</span> <span class='ocrx_word' id='word_1_98' title='bbox 1553 2032 1797 2070; x_wconf 88' lang='lat' dir='ltr'>inveniendi</span> 
     </span>
     <span class='ocr_line' id='line_1_14' title="bbox 233 2107 1795 2157; baseline -0.002 -10"><span class='ocrx_word' id='word_1_99' title='bbox 233 2109 498 2157; x_wconf 80' lang='lat' dir='ltr'>facultatem,</span> <span class='ocrx_word' id='word_1_100' title='bbox 542 2118 673 2155; x_wconf 90' lang='lat' dir='ltr'>quam</span> <span class='ocrx_word' id='word_1_101' title='bbox 715 2107 828 2146; x_wconf 90' lang='lat' dir='ltr'>haud</span> <span class='ocrx_word' id='word_1_102' title='bbox 871 2107 996 2145; x_wconf 87' lang='lat' dir='ltr'>dubie</span> <span class='ocrx_word' id='word_1_103' title='bbox 1028 2118 1053 2146; x_wconf 95' lang='lat' dir='ltr'>a</span> <span class='ocrx_word' id='word_1_104' title='bbox 1084 2109 1238 2146; x_wconf 90' lang='lat' dir='ltr'>natura</span> <span class='ocrx_word' id='word_1_105' title='bbox 1269 2107 1436 2156; x_wconf 86' lang='lat' dir='ltr'>habeat,</span> <span class='ocrx_word' id='word_1_106' title='bbox 1471 2108 1671 2146; x_wconf 90' lang='lat' dir='ltr'>amittere</span> <span class='ocrx_word' id='word_1_107' title='bbox 1704 2117 1795 2145; x_wconf 91' lang='lat' dir='ltr'>cen-</span> 
     </span>
     <span class='ocr_line' id='line_1_15' title="bbox 233 2182 1795 2230; baseline -0.001 -8"><span class='ocrx_word' id='word_1_108' title='bbox 233 2184 440 2222; x_wconf 86' lang='lat' dir='ltr'>seamus?</span> <span class='ocrx_word' id='word_1_109' title='bbox 496 2183 642 2230; x_wconf 86' lang='lat' dir='ltr'>Neque</span> <span class='ocrx_word' id='word_1_110' title='bbox 693 2184 842 2220; x_wconf 88' lang='lat' dir='ltr'>tamen</span> <span class='ocrx_word' id='word_1_111' title='bbox 887 2182 957 2221; x_wconf 88' lang='lat' dir='ltr'>hic</span> <span class='ocrx_word' id='word_1_112' title='bbox 1004 2184 1144 2221; x_wconf 86' lang='lat' dir='ltr'>certae</span> <span class='ocrx_word' id='word_1_113' title='bbox 1191 2182 1559 2221; x_wconf 86' lang='lat' dir='ltr'>nobilissimorum</span> <span class='ocrx_word' id='word_1_114' title='bbox 1607 2183 1795 2220; x_wconf 90' lang='lat' dir='ltr'>virorum</span> 
     </span>
     <span class='ocr_line' id='line_1_16' title="bbox 234 2256 1795 2306; baseline -0.001 -9"><span class='ocrx_word' id='word_1_115' title='bbox 234 2259 475 2305; x_wconf 84' lang='lat' dir='ltr'>sententiae</span> <span class='ocrx_word' id='word_1_116' title='bbox 518 2268 728 2306; x_wconf 84' lang='lat' dir='ltr'>opponere</span> <span class='ocrx_word' id='word_1_117' title='bbox 770 2258 981 2305; x_wconf 86' lang='lat' dir='ltr'>quaedam</span> <span class='ocrx_word' id='word_1_118' title='bbox 1023 2258 1238 2306; x_wconf 82' lang='lat' dir='ltr'>auderem,</span> <span class='ocrx_word' id='word_1_119' title='bbox 1283 2258 1367 2296; x_wconf 88' lang='lat' dir='ltr'>nisi</span> <span class='ocrx_word' id='word_1_120' title='bbox 1408 2268 1479 2295; x_wconf 89' lang='lat' dir='ltr'>me</span> <span class='ocrx_word' id='word_1_121' title='bbox 1521 2258 1565 2295; x_wconf 91' lang='lat' dir='ltr'>in</span> <span class='ocrx_word' id='word_1_122' title='bbox 1597 2256 1795 2295; x_wconf 87' lang='lat' dir='ltr'>Terentio</span> 
     </span>
     <span class='ocr_line' id='line_1_17' title="bbox 234 2331 1795 2381; baseline -0.002 -9"><span class='ocrx_word' id='word_1_123' title='bbox 234 2334 306 2372; x_wconf 90' lang='lat' dir='ltr'>diu</span> <span class='ocrx_word' id='word_1_124' title='bbox 348 2334 621 2380; x_wconf 88' lang='lat' dir='ltr'>multumque</span> <span class='ocrx_word' id='word_1_125' title='bbox 658 2334 881 2371; x_wconf 85' lang='lat' dir='ltr'>versatum</span> <span class='ocrx_word' id='word_1_126' title='bbox 914 2333 1053 2370; x_wconf 88' lang='lat' dir='ltr'>multa</span> <span class='ocrx_word' id='word_1_127' title='bbox 1085 2334 1296 2381; x_wconf 84' lang='lat' dir='ltr'>cogerent.</span> <span class='ocrx_word' id='word_1_128' title='bbox 1332 2332 1499 2380; x_wconf 86' lang='lat' dir='ltr'>Cogunt</span> <span class='ocrx_word' id='word_1_129' title='bbox 1529 2342 1599 2370; x_wconf 91' lang='lat' dir='ltr'>me</span> <span class='ocrx_word' id='word_1_130' title='bbox 1631 2331 1795 2369; x_wconf 81' lang='lat' dir='ltr'>multae</span> 
     </span>
     <span class='ocr_line' id='line_1_18' title="bbox 234 2407 1795 2457; baseline -0.002 -10"><span class='ocrx_word' id='word_1_131' title='bbox 234 2419 501 2457; x_wconf 86' lang='lat' dir='ltr'>magnaeque</span> <span class='ocrx_word' id='word_1_132' title='bbox 533 2408 668 2456; x_wconf 89' lang='lat' dir='ltr'>ipsius</span> <span class='ocrx_word' id='word_1_133' title='bbox 700 2407 896 2457; x_wconf 87' lang='lat' dir='ltr'>virtutes,</span> <span class='ocrx_word' id='word_1_134' title='bbox 931 2407 1044 2455; x_wconf 89' lang='lat' dir='ltr'>cogit</span> <span class='ocrx_word' id='word_1_135' title='bbox 1076 2408 1266 2446; x_wconf 84' lang='lat' dir='ltr'>virorum</span> <span class='ocrx_word' id='word_1_136' title='bbox 1299 2407 1721 2455; x_wconf 88' lang='lat' dir='ltr'>elegantissimorum</span> <span class='ocrx_word' id='word_1_137' title='bbox 1754 2407 1795 2444; x_wconf 85' lang='lat' dir='ltr'>et</span> 
     </span>
     <span class='ocr_line' id='line_1_19' title="bbox 234 2482 1797 2531; baseline -0.001 -9"><span class='ocrx_word' id='word_1_138' title='bbox 234 2483 432 2522; x_wconf 88' lang='lat' dir='ltr'>Terentio</span> <span class='ocrx_word' id='word_1_139' title='bbox 460 2484 602 2522; x_wconf 87' lang='lat' dir='ltr'>aetate</span> <span class='ocrx_word' id='word_1_140' title='bbox 628 2483 962 2531; x_wconf 85' lang='lat' dir='ltr'>propinquorum</span> <span class='ocrx_word' id='word_1_141' title='bbox 985 2482 1201 2531; x_wconf 86' lang='lat' dir='ltr'>iudicium,</span> <span class='ocrx_word' id='word_1_142' title='bbox 1222 2482 1296 2521; x_wconf 89' lang='lat' dir='ltr'>sed</span> <span class='ocrx_word' id='word_1_143' title='bbox 1313 2492 1414 2531; x_wconf 90' lang='lat' dir='ltr'>prae</span> <span class='ocrx_word' id='word_1_144' title='bbox 1432 2482 1586 2520; x_wconf 89' lang='lat' dir='ltr'>ceteris</span> <span class='ocrx_word' id='word_1_145' title='bbox 1602 2482 1797 2530; x_wconf 87' lang='lat' dir='ltr'>egregiae</span> 
     </span>
     <span class='ocr_line' id='line_1_20' title="bbox 235 2556 1797 2606; baseline -0.001 -9"><span class='ocrx_word' id='word_1_146' title='bbox 235 2559 444 2606; x_wconf 90' lang='lat' dir='ltr'>quaedam</span> <span class='ocrx_word' id='word_1_147' title='bbox 493 2560 651 2606; x_wconf 88' lang='lat' dir='ltr'>cogunt</span> <span class='ocrx_word' id='word_1_148' title='bbox 691 2557 846 2596; x_wconf 90' lang='lat' dir='ltr'>Donati</span> <span class='ocrx_word' id='word_1_149' title='bbox 889 2557 1212 2596; x_wconf 86' lang='lat' dir='ltr'>annotationes:</span> <span class='ocrx_word' id='word_1_150' title='bbox 1256 2557 1324 2595; x_wconf 90' lang='lat' dir='ltr'>his</span> <span class='ocrx_word' id='word_1_151' title='bbox 1366 2557 1482 2595; x_wconf 89' lang='lat' dir='ltr'>enim</span> <span class='ocrx_word' id='word_1_152' title='bbox 1525 2557 1700 2595; x_wconf 90' lang='lat' dir='ltr'>demum</span> <span class='ocrx_word' id='word_1_153' title='bbox 1743 2556 1797 2595; x_wconf 88' lang='lat' dir='ltr'>ef-</span> 
     </span>
     <span class='ocr_line' id='line_1_21' title="bbox 235 2632 1266 2681; baseline -0.002 -9"><span class='ocrx_word' id='word_1_154' title='bbox 235 2633 376 2672; x_wconf 90' lang='lat' dir='ltr'>ficitur</span> <span class='ocrx_word' id='word_1_155' title='bbox 406 2635 455 2672; x_wconf 93' lang='lat' dir='ltr'>ut</span> <span class='ocrx_word' id='word_1_156' title='bbox 486 2633 734 2672; x_wconf 87' lang='lat' dir='ltr'>Terentium</span> <span class='ocrx_word' id='word_1_157' title='bbox 767 2633 1005 2681; x_wconf 88' lang='lat' dir='ltr'>intelligere</span> <span class='ocrx_word' id='word_1_158' title='bbox 1036 2632 1266 2681; x_wconf 86' lang='lat' dir='ltr'>possimus.</span> 
     </span>
    </p>

    <p class='ocr_par' dir='ltr' id='par_1_4' title="bbox 235 2698 1803 2907">
     <span class='ocr_line' id='line_1_22' title="bbox 296 2698 1798 2756; baseline -0.001 -9"><span class='ocrx_word' id='word_1_159' title='bbox 296 2709 475 2747; x_wconf 89' lang='lat' dir='ltr'>Initium</span> <span class='ocrx_word' id='word_1_160' title='bbox 501 2708 659 2747; x_wconf 84' lang='lat' dir='ltr'>faciam</span> <span class='ocrx_word' id='word_1_161' title='bbox 682 2719 707 2746; x_wconf 92' lang='lat' dir='ltr'>a</span> <span class='ocrx_word' id='word_1_162' title='bbox 724 2708 965 2746; x_wconf 87' lang='lat' dir='ltr'>notissimis</span> <span class='ocrx_word' id='word_1_163' title='bbox 982 2708 1068 2746; x_wconf 88' lang='lat' dir='ltr'>illis</span> <span class='ocrx_word' id='word_1_164' title='bbox 1086 2707 1280 2746; x_wconf 86' lang='lat' dir='ltr'>Caesaris</span> <span class='ocrx_word' id='word_1_165' title='bbox 1299 2709 1342 2746; x_wconf 92' lang='lat' dir='ltr'>et</span> <span class='ocrx_word' id='word_1_166' title='bbox 1359 2707 1574 2746; x_wconf 88' lang='lat' dir='ltr'>Ciceronis</span> <span class='ocrx_word' id='word_1_167' title='bbox 1591 2698 1798 2756; x_wconf 86' lang='lat' dir='ltr'>versibus,</span> 
     </span>
     <span class='ocr_line' id='line_1_23' title="bbox 235 2783 1800 2832; baseline -0.001 -10"><span class='ocrx_word' id='word_1_168' title='bbox 235 2785 390 2832; x_wconf 91' lang='lat' dir='ltr'>quibus</span> <span class='ocrx_word' id='word_1_169' title='bbox 418 2784 661 2822; x_wconf 89' lang='lat' dir='ltr'>continetur</span> <span class='ocrx_word' id='word_1_170' title='bbox 688 2783 799 2830; x_wconf 92' lang='lat' dir='ltr'>quod</span> <span class='ocrx_word' id='word_1_171' title='bbox 827 2784 969 2821; x_wconf 88' lang='lat' dir='ltr'>aetate</span> <span class='ocrx_word' id='word_1_172' title='bbox 997 2783 1241 2821; x_wconf 83' lang='lat' dir='ltr'>maximum</span> <span class='ocrx_word' id='word_1_173' title='bbox 1271 2784 1417 2821; x_wconf 79' lang='lat' dir='ltr'>exstat</span> <span class='ocrx_word' id='word_1_174' title='bbox 1444 2783 1494 2821; x_wconf 91' lang='lat' dir='ltr'>de</span> <span class='ocrx_word' id='word_1_175' title='bbox 1512 2784 1638 2830; x_wconf 83' lang='lat' dir='ltr'>poeta</span> <span class='ocrx_word' id='word_1_176' title='bbox 1655 2783 1800 2821; x_wconf 88' lang='lat' dir='ltr'>nostro</span> 
     </span>
     <span class='ocr_line' id='line_1_24' title="bbox 235 2858 1803 2907; baseline -0.001 -9"><span class='ocrx_word' id='word_1_177' title='bbox 235 2860 454 2898; x_wconf 89' lang='lat' dir='ltr'>iudicium.</span> <span class='ocrx_word' id='word_1_178' title='bbox 498 2860 562 2906; x_wconf 80' lang='lat' dir='ltr'>Ex</span> <span class='ocrx_word' id='word_1_179' title='bbox 600 2859 685 2897; x_wconf 88' lang='lat' dir='ltr'>illis</span> <span class='ocrx_word' id='word_1_180' title='bbox 729 2861 907 2907; x_wconf 88' lang='lat' dir='ltr'>apparet</span> <span class='ocrx_word' id='word_1_181' title='bbox 949 2859 1168 2897; x_wconf 89' lang='lat' dir='ltr'>Menandri</span> <span class='ocrx_word' id='word_1_182' title='bbox 1201 2858 1388 2896; x_wconf 88' lang='lat' dir='ltr'>colorem</span> <span class='ocrx_word' id='word_1_183' title='bbox 1419 2869 1445 2896; x_wconf 89' lang='lat' dir='ltr'>a</span> <span class='ocrx_word' id='word_1_184' title='bbox 1476 2858 1675 2896; x_wconf 87' lang='lat' dir='ltr'>Terentio</span> <span class='ocrx_word' id='word_1_185' title='bbox 1709 2868 1803 2896; x_wconf 88' lang='lat' dir='ltr'>esse</span> 
     </span>
    </p>
   </div>
   <div class='ocr_carea' id='block_1_4' title="bbox 236 2933 1805 3030">
    <p class='ocr_par' dir='ltr' id='par_1_5' title="bbox 236 2933 1805 3030">
     <span class='ocr_line' id='line_1_25' title="bbox 236 2933 1805 2982; baseline -0.001 -9"><span class='ocrx_word' id='word_1_186' title='bbox 236 2936 468 2974; x_wconf 84' lang='lat' dir='ltr'>mutatum.</span> <span class='ocrx_word' id='word_1_187' title='bbox 502 2935 555 2973; x_wconf 88' lang='lat' dir='ltr'>Et</span> <span class='ocrx_word' id='word_1_188' title='bbox 587 2934 731 2973; x_wconf 86' lang='lat' dir='ltr'>Cicero</span> <span class='ocrx_word' id='word_1_189' title='bbox 759 2934 931 2982; x_wconf 87' lang='lat' dir='ltr'>quidem</span> <span class='ocrx_word' id='word_1_190' title='bbox 956 2933 1126 2982; x_wconf 86' lang='lat' dir='ltr'>tectius,</span> <span class='ocrx_word' id='word_1_191' title='bbox 1157 2933 1312 2972; x_wconf 83' lang='lat' dir='ltr'>Caesar</span> <span class='ocrx_word' id='word_1_192' title='bbox 1341 2933 1530 2981; x_wconf 87' lang='lat' dir='ltr'>apertius</span> <span class='ocrx_word' id='word_1_193' title='bbox 1559 2933 1805 2981; x_wconf 84' lang='lat' dir='ltr'>significant</span> 
     </span>
     <span class='ocr_line' id='line_1_26' title="bbox 1629 3003 1662 3030; baseline -0.03 0"><span class='ocrx_word' id='word_1_194' title='bbox 1629 3003 1662 3030; x_wconf 67' lang='lat'>14</span> 
     </span>
    </p>
   </div>
  </div>
 </body>
</html>
