2034 3334
193 800 197 808 .

10 814 18 831 Ι
244 831 246 835 ,

4 852 11 866 a
50 840 102 867 ›lt
139 844 158 859 ¹·
203 842 243 862 3¹-

1047 379 1103 420 82

316 519 414 548 rum
457 506 716 548 vaticinatur
757 518 887 561 quam
919 506 996 562 qui
1028 505 1250 550 beatorum
1282 508 1447 552 insulas
1479 509 1681 552 describit
1710 510 1826 552 ruris

315 582 462 625 laudat
507 583 820 625 amoenitatem.
866 582 999 625 Ruris
1031 595 1132 639 ergo
1164 588 1375 628 amatores
1406 589 1508 628 sunt
1541 589 1582 629 et
1613 585 1824 643 Virgilius

316 650 367 702 et*
402 658 624 716 Horatius,
672 659 748 702 sed
790 659 906 702 haud
951 660 1059 703 levis
1106 661 1219 704 inter
1259 673 1333 704 eos
1374 661 1453 705 hac
1497 675 1670 719 quoque
1700 664 1747 706 in
1777 676 1824 706 re

315 738 380 779 est
412 736 660 779 differentia.

373 812 597 856 Praediolo
632 826 711 856 suo
743 813 978 856 delectatur
1009 813 1218 858 Horatius
1245 819 1287 858 et
1313 815 1467 872 lepidis
1493 817 1824 875 venustulisque

315 889 513 933 versibus
545 889 720 933 laudare
750 890 860 932 illud
893 891 1011 945 solet,
1044 892 1234 947 quietem
1261 893 1376 935 enim
1394 895 1433 936 ei
1449 893 1634 950 praebet,
1649 895 1822 952 legendi

314 966 604 1023 studendique
643 967 902 1022 facultatem,
945 968 1134 1024 placidos
1166 982 1362 1023 somnos3
1395 975 1550 1014 nocent
1581 973 1674 1016 eius
1706 973 1821 1016 vale-

314 1043 457 1086 tudini
497 1043 693 1087 infirmae
730 1043 884 1086 urbani
916 1044 1122 1088 clamores
1153 1059 1490 1103 concursusque,
1521 1061 1694 1092 crassus
1724 1061 1820 1092 aer:

276 1178 277 1190 ἢ
314 1120 415 1163 inde
457 1133 557 1177 ergo
589 1110 665 1164 rus
709 1120 898 1177 profugit
942 1121 1017 1164 ubi
1059 1136 1167 1178 puro
1209 1123 1341 1180 coelo,
1373 1124 1551 1181 limpida
1582 1139 1632 1168 ac
1663 1125 1825 1169 salubri

314 1211 427 1254 aqua
459 1201 687 1247 recreatur,
721 1196 796 1240 ubi
828 1197 1027 1241 versibus
1059 1198 1266 1243 faciendis
1299 1213 1470 1257 operam
1503 1201 1604 1245 dare
1634 1206 1676 1246 et
1692 1202 1820 1247 Grae-

318 1287 466 1317 corum
500 1275 657 1331 scripta
688 1274 993 1331 philosophica,
1025 1289 1136 1332 quae
1168 1277 1339 1332 quidem
1375 1291 1461 1320 non
1494 1279 1623 1322 nimis
1641 1278 1823 1323 obscura

317 1351 572 1394 intricatave
616 1352 715 1406 sint,
758 1351 1006 1407 pervolvere
1047 1356 1199 1408 potest,
1230 1366 1318 1395 non
1351 1367 1506 1396 canum
1537 1355 1704 1411 latratu,
1737 1368 1823 1399 ser-

313 1442 465 1471 vorum
509 1433 552 1471 et
593 1428 797 1485 opificum
830 1429 1144 1484 vociferatione,
1175 1434 1364 1473 rotarum
1398 1432 1578 1487 strepitu
1610 1431 1819 1476 turbatus.

313 1505 431 1548 Nihil
477 1509 620 1549 tamen
667 1507 804 1562 magis
852 1507 1003 1549 metuit
1051 1520 1179 1562 quam
1227 1520 1282 1550 ne
1322 1509 1368 1550 in
1409 1521 1458 1550 ea
1499 1508 1627 1552 laude
1658 1510 1820 1553 nimius

313 1582 532 1636 videatur3
580 1595 679 1638 ergo
726 1586 953 1639 postquam
995 1584 1108 1625 vitae
1148 1585 1335 1627 rusticae
1366 1583 1477 1627 bona
1508 1585 1818 1642 commodaque

314 1659 462 1702 multis
509 1658 738 1702 celebravit
784 1659 993 1714 versibus,
1035 1659 1178 1702 subito
1221 1661 1266 1702 in
1297 1661 1434 1703 risum
1467 1662 1697 1718 iocumque
1727 1675 1818 1705 rem

314 1736 442 1778 vertit
473 1748 606 1792 seque
637 1735 815 1778 lectores
846 1736 1032 1779 ludibrio
1066 1736 1270 1780 habuisse
1303 1738 1500 1780 simulat:
1536 1751 1820 1795 quaecunque

314 1813 429 1855 enim
477 1813 686 1855 hactenus
729 1813 886 1855 dixerit
925 1826 1012 1855 non
1055 1826 1134 1856 sua
1177 1826 1272 1856 esse
1302 1798 1432 1856 verba
1464 1814 1539 1856 sed
1570 1814 1819 1858 feneratoris

313 1888 415 1931 Alfii
455 1888 680 1946 significat,
723 1902 851 1945 quem
885 1890 1073 1932 taedium
1107 1889 1307 1944 urbanae,
1339 1891 1598 1934 desiderium
1632 1892 1818 1935 rusticae

315 1967 428 2008 vitae
477 1966 620 2009 subito
663 1967 822 2023 ceperit
864 1966 1094 2023 subitoque
1123 1967 1366 2023 reliquerit:
1401 1969 1477 2024 qui
1509 1969 1622 2011 enim
1654 1969 1740 2012 iam
1771 1969 1817 2011 in

316 2055 365 2086 eo
407 2044 463 2086 sit
504 2047 552 2086 ut
593 2044 776 2100 pecunia
820 2057 843 2087 e
873 2043 1094 2087 fenoribus
1126 2044 1301 2087 collecta
1332 2045 1553 2101 praedium
1587 2050 1700 2090 emat
1732 2060 1818 2103 quo

314 2120 453 2175 primo
502 2132 675 2176 quoque
721 2120 860 2164 evolet
906 2123 1107 2177 tempore,
1147 2134 1299 2177 parum
1341 2121 1467 2164 illum
1510 2125 1647 2180 semet
1674 2123 1815 2179 ipsum

315 2197 580 2257 993Q9V18802
627 2210 729 2240 mox
775 2198 888 2240 enim
932 2198 1051 2240 nullo
1093 2201 1294 2241 monente
1332 2200 1519 2242 sensisse
1550 2199 1631 2242 sibi
1662 2199 1818 2243 lucello

317 2274 432 2329 quod
478 2273 620 2316 forum
670 2274 868 2330 praebeat
914 2275 1022 2317 nihil
1069 2288 1162 2318 esse
1208 2277 1361 2318 carius.
1405 2276 1536 2319 Poeta
1566 2281 1709 2320 autem
1742 2278 1819 2334 qui

317 2363 428 2406 quae
459 2350 656 2394 versibus
689 2355 869 2394 exornat
900 2355 1000 2407 toto,
1032 2355 1082 2394 ut
1113 2353 1246 2407 aiunt,
1276 2356 1446 2408 pectore
1477 2357 1590 2396 amet
1615 2351 1702 2396 nen
1729 2357 1816 2396 tam

316 2427 369 2468 ad
402 2428 545 2470 iocum
578 2428 902 2484 ludibriumque
929 2441 1169 2485 propensus
1196 2442 1290 2472 esse
1306 2430 1434 2481 solet3
1463 2434 1528 2473 est
1543 2443 1643 2486 ergo
1661 2442 1817 2473 venus·

316 2503 509 2546 tissimus
556 2504 628 2547 ille
674 2505 831 2561 epodos
877 2508 1046 2560 satyrae
1093 2519 1221 2562 quam
1272 2507 1473 2549 carminis
1514 2507 1640 2560 lyrici
1681 2506 1816 2556 multo

316 2580 504 2622 similior.
537 2580 747 2636 Virgilius
779 2594 878 2623 vero
910 2593 1021 2637 quae
1053 2581 1104 2624 de
1135 2595 1235 2625 rure
1262 2585 1404 2625 cantat
1429 2586 1578 2639 pectus
1603 2585 1817 2626 testantur

316 2656 472 2697 sinceri
503 2656 679 2711 plenum
712 2658 881 2700 amoris.
913 2656 973 2699 Ut
1003 2670 1155 2700 versus
1186 2657 1312 2700 faciat
1340 2671 1427 2700 non
1456 2658 1595 2700 laudis
1622 2658 1814 2702 studium

317 2743 415 2772 eum
449 2732 640 2787 impellit,
668 2746 753 2775 non
780 2734 944 2789 peritus
972 2733 1107 2776 videri
1135 2733 1230 2776 vult
1258 2733 1515 2777 Graecorum
1533 2735 1724 2777 imitator
1741 2736 1817 2791 qui

319 2808 533 2851 difficilem
570 2810 756 2864 aliquem
783 2810 970 2853 laborem
998 2810 1177 2854 feliciter
1203 2812 1476 2867 superaverit.
1501 2810 1566 2853 De
1591 2810 1736 2854 labore
1762 2824 1817 2856 ne

318 2885 475 2940 cogitat
504 2885 700 2940 quidem:
734 2886 911 2942 „Ipsae”
938 2888 997 2930 ait
1027 2900 1122 2942 „me
1140 2889 1320 2930 incitant
1336 2887 1648 2943 sublevantque
1664 2888 1817 2932 Musae
