2034 3334
1082 380 1166 423 144

373 519 471 563 ergo
513 509 625 549 recte
670 509 843 562 possent
882 505 1130 562 intelligere,
1161 507 1286 550 cuius
1319 508 1494 552 nomine
1522 508 1771 566 frequenter
1798 510 1874 555 ab·

373 586 593 626 uterentur
637 583 712 638 qui
757 582 870 625 docti
917 582 1053 626 videri
1098 583 1268 627 vellent.
1306 583 1463 628 Nonne
1503 598 1553 629 ea
1594 587 1639 629 in
1671 586 1869 645 Lucretio
1908 578 2034 647 [Δὶ-Γᾶ

372 661 491 702 erant
536 659 690 713 omnia,
734 671 878 702 nonne
919 659 1169 716 Augusteae
1210 662 1359 704 aetatis
1399 664 1535 718 poetis
1576 676 1755 708 senex
1795 665 1871 709 ille

370 734 624 778 videbatur?
653 734 813 778 Nullus
844 738 978 792 poeta,
1009 738 1058 779 ut
1089 737 1253 793 opinor,
1285 740 1519 795 excogitari
1551 743 1717 796 poterat
1741 741 1867 786 cuius

368 810 438 853 hic
483 814 566 854 tam
615 814 712 868 apte
746 814 920 868 tamque
961 815 1144 856 venuste
1173 812 1295 858 fieret
1325 816 1508 869 menti03
1541 816 1869 874 periculumque

368 890 457 931 erat
487 901 541 931 ne
573 887 782 931 Graecum
809 890 1069 932 nominando
1097 890 1306 953 obscurus
1332 891 1453 935 fieret
1469 891 1729 950 Propertius.
1743 894 1868 939 Adde

367 964 482 1020 quod
514 967 555 1007 et
586 966 738 1008 ceteris
770 965 971 1009 omnibus
1002 967 1194 1023 priorum
1206 953 1216 958 ’μ
1226 952 1495 1012 saeculorum
1526 971 1632 1015 viris
1663 970 1798 1015 doctis
1824 974 1867 1016 et

366 1039 692 1084 Hemsterhusio
739 1041 1000 1085 admirabilis
1047 1046 1089 1086 et
1129 1045 1354 1088 verissima
1395 1046 1488 1089 visa
1519 1048 1584 1089 est
1613 1047 1866 1105 emendatio,

367 1120 409 1160 et
452 1131 530 1160 cur
573 1117 759 1175 Epicuro
805 1117 956 1162 Latino
1003 1132 1110 1163 suus
1156 1120 1225 1163 hic
1270 1121 1391 1165 locus
1433 1123 1490 1165 sit
1535 1135 1591 1166 ex
1633 1123 1864 1169 utilissima

367 1207 573 1250 cognosce
605 1194 846 1237 Burmanni
877 1196 1160 1240 annotatione.

425 1270 481 1314 Et
514 1273 718 1328 quoniam
746 1273 879 1315 semel
909 1274 955 1315 in
986 1286 1033 1316 re
1061 1286 1207 1317 versor
1232 1275 1390 1331 critica,
1407 1275 1459 1319 de
1475 1277 1746 1333 paucissimis
1759 1278 1866 1322 locis

366 1361 482 1391 meas
513 1349 776 1405 suspiciones
807 1349 1045 1392 doctiorum
1077 1352 1317 1406 permittam
1350 1351 1520 1394 iudicio.

422 1424 456 1481 1,
488 1426 527 1481 8,
560 1426 596 1467 9.
641 1424 848 1480 Cynthiae
889 1428 970 1470 iter
1012 1428 1275 1470 maritimum
1309 1427 1498 1472 facturae
1528 1431 1570 1472 et
1596 1429 1678 1473 alia
1706 1431 1862 1488 impre-

362 1503 484 1543 catur
515 1504 558 1544 et
587 1501 713 1545 haec:

541 1617 575 1661 O
607 1620 771 1662 utinam
802 1618 1003 1663 hibernae
1034 1620 1308 1676 duplicentur
1338 1624 1529 1678 tempora
1562 1621 1751 1679 brumae,

596 1695 653 1738 Et
683 1697 738 1739 sit
767 1697 883 1739 iners
914 1696 1047 1739 tardis
1077 1698 1222 1739 navita
1252 1697 1446 1754 Virgiliis

535 1771 626 1815 Nec
657 1772 735 1815 tibi
763 1772 953 1827 Tyrrena
983 1773 1175 1816 solvatur
1202 1773 1320 1817 funis
1349 1787 1489 1831 arena,

594 1848 714 1892 Neve
742 1849 918 1892 inimica
948 1862 1064 1892 meas
1095 1850 1231 1893 elevet
1262 1864 1366 1893 aura
1396 1864 1556 1908 preces,

535 1925 679 1981 Atque
710 1938 788 1982 ego
819 1938 908 1968 non
938 1925 1107 1969 videam
1138 1926 1245 1969 tales
1278 1926 1499 1971 subsidere
1533 1930 1684 1971 ventos

594 2000 702 2044 Cum
733 2001 812 2044 tibi
842 2005 1061 2058 provectas
1093 2002 1256 2046 auferet
1288 2004 1404 2046 unda
1435 2007 1559 2060 rates,

533 2077 589 2120 Et
620 2091 688 2121 me
720 2078 911 2122 defixum
942 2092 1078 2122 vacua
1107 2080 1293 2135 patiatur
1323 2082 1369 2122 in
1403 2094 1476 2124 ora

594 2154 818 2198 Crudelem
848 2155 1002 2199 infesta
1032 2169 1157 2212 saepe
1187 2170 1339 2200 vocare
1370 2171 1512 2201 manu.

414 2271 552 2316 Sensu
593 2286 712 2316 cassa
753 2287 802 2317 ea
842 2287 936 2318 esse
976 2287 1101 2318 nemo
1133 2289 1220 2318 non
1251 2276 1389 2330 videt3
1424 2277 1549 2319 multi
1580 2289 1679 2334 ergo
1714 2275 1850 2320 multa

355 2352 581 2392 tentarunt.
628 2350 860 2394 Nonnullis
907 2355 1053 2395 autem
1100 2365 1306 2396 versuum
1355 2353 1515 2410 placuit
1569 2353 1673 2397 haec
1712 2356 1852 2397 trans-

354 2427 529 2482 positio:

528 2535 583 2578 Et
614 2549 682 2579 me
714 2536 904 2580 defixum
935 2550 1073 2580 vacua
1104 2539 1290 2594 patiatur
1322 2540 1367 2581 in
1402 2552 1477 2582 ora

586 2612 808 2656 Crudelem
840 2614 995 2657 infesta
1027 2628 1151 2672 saepe
1184 2629 1336 2659 vocare
1368 2630 1513 2671 manu,

528 2689 672 2744 Atque
703 2702 780 2746 ego
812 2703 898 2732 non
931 2690 1099 2733 videam
1130 2692 1236 2734 tales
1269 2691 1490 2735 subsidere
1515 2694 1666 2735 ventos

587 2763 695 2807 Cum
725 2765 802 2808 tibi
833 2770 1052 2823 provectas
1083 2766 1244 2810 auferet
1278 2767 1394 2810 unda
1431 2771 1554 2823 rates,

354 2892 440 2935 qua
484 2880 589 2935 quid
629 2881 846 2925 lucremur
885 2896 972 2925 non
1014 2883 1150 2939 video,
1178 2884 1312 2927 nihilo
1344 2885 1458 2928 enim
1491 2885 1635 2927 minus
1666 2882 1838 2926 obscuri
