2034 3334
890 361 970 402 161

213 487 374 544 Epodis
407 490 550 530 autem
583 487 634 529 de
666 486 840 529 Canidia
871 486 1136 529 simillimum
1172 489 1236 530 est
1267 485 1310 529 C.
1342 486 1376 543 Ι,
1410 487 1468 540 25
1494 501 1579 543 quo
1606 489 1653 529 in

156 562 334 618 Lydiam
366 567 655 606 senescentem
687 564 772 606 iam
804 563 1031 605 invehitur,
1060 562 1139 605 Est
1166 565 1308 605 autem
1326 576 1495 605 carmen
1513 565 1652 606 omnis

158 641 321 684 decoris
353 642 578 696 omnisque
605 641 838 683 honestatis
866 653 1030 696 expers.
1057 639 1152 682 Hoc
1179 643 1341 682 certum
1358 643 1422 683 est
1437 641 1652 682 neminem

158 717 210 760 de
254 717 424 772 femina,
472 731 600 773 quam
641 730 789 760 revera
832 717 932 759 olim
975 718 1137 771 amarit,
1181 718 1378 772 quamvis
1412 717 1467 759 sit
1498 716 1550 758 ab
1582 717 1655 758 illa

158 797 327 850 spretus
375 794 676 850 deceptusque,
723 797 810 836 tam
856 792 978 835 foeda
1018 796 1190 848 tamque
1232 792 1416 835 absurda
1446 791 1654 835 blaterare

155 883 281 926 posse
313 884 440 926 quam
474 883 582 926 quae
613 870 785 926 stropha
817 873 966 925 quarta
998 869 1212 925 leguntur.

216 944 281 988 De
302 945 543 1009 Qdis4
566 949 607 988 et
638 947 696 1007 l}
723 947 857 988 satius
883 945 1061 988 fortasse
1087 948 1176 988 erat
1200 957 1256 987 ne
1281 944 1460 987 verbum
1480 945 1653 1000 quidem

157 1022 353 1078 perdere;
396 1023 476 1064 hoc
507 1026 650 1065 tamen
681 1022 909 1065 observare
940 1022 1036 1064 volo
1067 1021 1312 1064 istiusmodi
1342 1034 1493 1063 versus
1526 1020 1654 1063 scribi

158 1111 246 1140 11011
288 1111 412 1154 posse
453 1098 505 1140 ab
548 1111 598 1141 eo
631 1099 707 1154 qui
736 1111 836 1140 vero
868 1098 964 1140 odio
995 1098 1065 1140 vel
1096 1098 1390 1153 indignatione
1421 1100 1654 1139 moveatur.

160 1174 270 1216 Nam
318 1175 394 1229 qui
441 1177 604 1216 certum
646 1175 861 1216 hominem
904 1177 1116 1216 certamve
1157 1173 1357 1216 feminam
1392 1173 1652 1216 carminibus

160 1250 431 1305 persequitur
477 1263 644 1305 operam
688 1254 831 1292 tamen
874 1250 944 1292 dat
975 1253 1023 1292 ut
1054 1249 1194 1292 verbis
1225 1251 1319 1292 suis
1351 1250 1525 1305 aliquod
1556 1262 1655 1292 acu—

161 1338 259 1368 men
290 1326 404 1380 insit,
436 1339 522 1367 non
555 1327 616 1368 sic
647 1329 804 1368 temere
835 1325 1060 1368 maledicta
1093 1329 1134 1368 et
1165 1326 1351 1367 convitia
1381 1327 1550 1368 evomit.

219 1401 338 1444 Idem
382 1405 446 1445 est
475 1406 775 1458 argumentum
809 1402 1117 1463 CZKmsspiSJHz
1151 1403 1218 1456 15,
1249 1402 1324 1444 sed
1356 1403 1488 1444 oratio
1520 1401 1654 1444 multo

161 1478 426 1520 moderatior.
458 1477 594 1520 Abest
624 1481 766 1520 tamen
794 1481 835 1520 et
860 1478 961 1520 hinc
989 1478 1128 1520 omnis
1155 1479 1324 1520 veritas.
1342 1476 1517 1520 Deridet
1533 1480 1656 1532 poeta

160 1553 348 1596 vetulam
398 1567 506 1609 quae
554 1554 718 1609 puellas
759 1554 917 1596 imitari
963 1557 1004 1596 et
1047 1554 1252 1596 aemulari
1282 1557 1469 1596 conatur.
1503 1552 1658 1595 Omnia

160 1632 303 1672 autem
345 1628 441 1672 ficta
481 1642 586 1685 esse,
626 1629 734 1671 nihil
776 1643 831 1672 ex
870 1631 962 1685 ipsa
994 1630 1079 1672 vita
1117 1633 1336 1685 sumptum
1368 1630 1459 1685 ipse
1490 1629 1654 1685 liquido

162 1705 443 1748 demonstrat:
487 1719 637 1748 versus
681 1707 794 1749 0111111
843 1706 986 1762 explet
1032 1705 1251 1748 vocabulis
1299 1705 1570 1748 alienissimis
1616 1709 1656 1747 et

163 1785 307 1838 aperte
338 1782 419 1825 sibi
453 1782 710 1838 obloquitur.

458 1891 554 1934 Non
587 1893 624 1934 si
656 1892 760 1947 quid
789 1891 979 1934 Pholoen
1012 1892 1126 1947 satis,

516 1968 572 2011 Et
602 1971 644 2011 te
675 1967 817 2010 Chlori
849 1968 989 2011 decet:

162 2090 276 2130 recte
307 2087 386 2128 hoc
417 2086 578 2128 dictum
610 2089 674 2128 est
705 2089 746 2127 et
778 2085 990 2141 eleganter
1017 2086 1143 2128 etiam
1171 2085 1207 2127 si
1233 2098 1330 2127 cum
1359 2085 1651 2140 Peerlkampio

162 2166 257 2218 post
287 2162 534 2204 Pholoen
567 2162 797 2204 orationem
829 2162 1070 2204 incidimus.
1104 2160 1222 2211 Quae
1255 2165 1495 2217 sequuntur
1513 2164 1655 2203 omnia

163 2242 265 2281 sunt
295 2251 457 2293 susque
488 2238 625 2293 deque
657 2237 822 2280 habita:

898 2313 986 2355 filia
1017 2313 1173 2355 rectius

458 2390 691 2446 Expugnat
721 2390 929 2432 iuvenum
963 2389 1110 2431 domos

517 2466 648 2508 Pulso
680 2465 835 2519 Thyias
866 2466 932 2507 uti
964 2465 1128 2506 concita
1158 2467 1372 2519 tympano.

166 2584 270 2635 Quis
304 2596 495 2639 unquam
526 2582 689 2637 aliquid
720 2581 930 2624 eiusmodi
959 2582 1005 2623 in
1036 2581 1123 2623 filia
1154 2580 1266 2635 ferri,
1291 2581 1448 2623 nedum
1477 2580 1654 2635 laudari,

167 2660 363 2704 audivit?
396 2659 620 2714 Sequitur:

460 2768 583 2809 Illam
617 2767 727 2822 cogit
759 2779 877 2808 amor
908 2765 1038 2808 Nothi

519 2842 722 2885 Lascivae
755 2842 935 2884 similem
967 2842 1114 2884 ludere
1146 2854 1329 2897 capreae.

1480 2914 1519 2948 11
