2034 3334
1014 282 1073 327 96

312 405 397 450 126
431 405 478 450 Si
509 410 629 464 potes
659 405 728 449 his
757 403 913 449 saltem
946 405 1126 448 monitis
1155 417 1304 463 parere
1333 405 1536 463 parentis.

246 477 330 522 Hie
361 491 531 535 quoque
560 476 792 521 Heinsium
822 475 1088 534 sequendum
1113 489 1204 520 esse
1229 477 1426 529 arbitror,
1448 477 1526 535 qni
1552 490 1631 535 pro
1650 477 1842 534 parendio

178 548 186 556 ”
246 547 363 592 dedit
396 547 599 603 paternis.
643 546 747 600 Quis
778 547 831 591 ab
862 546 1018 591 Ovidio
1049 548 1272 604 ingratum
1304 560 1457 591 sonum
1480 562 1631 603 parere
1653 546 1845 604 parentio

243 618 486 676 profectum
517 615 684 662 eredat?

308 752 392 798 147
424 753 473 797 In
505 755 701 812 margine
734 767 759 797 a
790 767 850 798 m.
884 753 910 797 b
941 752 1072 797 codex
1101 752 1152 797 M
1184 753 1314 798 habet
1344 753 1458 799 hune
1487 767 1689 799 versum:

424 824 542 868 Dum
573 828 694 881 potes
726 830 769 868 et
799 823 949 868 solidis
981 825 1113 867 etiam
1145 838 1259 868 nune
1289 824 1461 869 sedibus
1491 824 1634 869 adstas

242 909 371 952 quem
411 895 610 952 equidem
651 894 807 939 Ovidio
850 893 1066 938 vindicare
1107 908 1194 938 non
1236 898 1389 940 ausim.
1432 894 1590 940 Omnia
1618 897 1736 941 enim
1764 894 1839 944 hio.

240 970 342 1009 sunt
380 967 574 1023 ingrata.
618 967 870 1022 praesertim
904 979 1004 1008 vero
1035 964 1153 1008 istud
1183 965 1328 1009 solidis
1357 966 1517 1009 cedibus
1548 965 1760 1023 displicet,
1791 969 1838 1012 et
1919 982 1926 991 ·

242 1040 387 1080 totum
428 1050 601 1080 versum
642 1050 667 1079 a
707 1034 954 1093 magistello
996 1035 1171 1088 fiotum,
1213 1039 1289 1094 qui
1330 1038 1549 1094 putaverit
1578 1038 1771 1095 dumque,
1812 1048 1839 1083 8

243 1107 399 1164 quibus
439 1107 619 1151 vocibus
659 1121 808 1150 versus
854 1105 939 1149 148
979 1107 1158 1164 incipit,
1197 1109 1243 1150 in
1283 1107 1552 1164 praecedenti
1593 1121 1724 1152 suum
1753 1106 1839 1152 sibi

243 1178 333 1220 dum
366 1178 580 1234 requirere
594 1209 605 1229 ,
638 1176 872 1220 admodum
905 1180 971 1220 eet
1002 1177 1251 1222 verisimile.

305 1313 394 1357 200
413 1328 502 1371 sqq.
536 1313 795 1366 (Phaethon)
829 1345 838 1355 .
859 1345 868 1356 .
889 1346 899 1356 .
920 1346 929 1356 .
961 1312 1053 1357 lora
1083 1315 1265 1378 remisit.

425 1383 542 1437 Quae
572 1389 799 1440 postquam
832 1398 1002 1427 summo
1033 1386 1213 1442 tetigere
1245 1386 1427 1428 iacentia
1458 1387 1593 1442 tergo,

424 1454 735 1511 Exspatiantur
765 1456 877 1510 equi.

245 1524 456 1582 Corrupta
494 1525 598 1568 haee
641 1539 731 1568 esse
778 1525 864 1568 fere
911 1529 1100 1576 constat,
1147 1524 1368 1583 vulgoque
1415 1526 1623 1582 recipitur
1666 1524 1838 1572 Heinsii
1919 1500 1985 1539 '3³3

247 1598 512 1639 coniectura:
554 1611 741 1638 summum
758 1621 815 1628 —
833 1600 996 1650 terqum.
1039 1595 1121 1638 Sed
1163 1597 1334 1653 ingrate
1373 1610 1487 1639 nuno
1515 1595 1634 1639 istud
1663 1595 1839 1639 iamdiu

245 1666 479 1717 abundare,
516 1667 652 1708 immo
685 1667 832 1709 vitiosi
863 1679 953 1708 esse
985 1668 1191 1709 sermonis
1215 1670 1428 1722 postquam
1455 1668 1500 1718 (i.
1519 1680 1556 1709 e.
1581 1665 1839 1723 simulatque)

244 1736 420 1778 iacentia
451 1737 615 1791 tetiqere
646 1750 728 1779 non
761 1735 986 1779 observare
1019 1737 1222 1779 videntur
1254 1751 1326 1780 vv.
1359 1736 1428 1779 dd.
1461 1736 1728 1793 Quapropter
1756 1748 1839 1794 ego

219 1812 223 1816 “
244 1805 454 1864 propono:

426 1876 542 1930 Quae
573 1881 799 1934 postquam
832 1891 1002 1920 summo
1033 1892 1189 1920 sensere
1216 1878 1400 1921 iacentia
1430 1881 1567 1935 tergo.

243 1948 314 1992 Sic
356 1951 500 1992 omnia
540 1963 671 2004 quam
714 1950 1014 1992 venustissima
1056 1948 1148 1992 fieri
1179 1948 1383 1992 videntur
1411 1956 1455 1992 et
1486 1952 1551 1992 est
1583 1946 1836 1992 emendandi

244 2033 411 2076 quoque
456 2021 565 2062 ratio
611 2020 715 2062 haec
762 2018 902 2062 multo
949 2033 1078 2076 quam
1122 2019 1356 2062 Heinsiana
1394 2017 1667 2076 probabilior.
1711 2017 1836 2076 Ipsae

243 2090 387 2133 Latini
428 2092 635 2133 sermonis
676 2089 795 2147 leges
837 2089 981 2132 ullum
1023 2104 1072 2133 eo
1112 2089 1204 2133 loco
1236 2090 1419 2133 verbum
1451 2088 1564 2147 legi,
1597 2090 1720 2133 euius
1749 2102 1834 2133 non

244 2160 335 2217 equi
365 2163 452 2203 sint
482 2161 746 2212 subiectum,
781 2164 928 2204 vetant
948 2160 993 2211 ¹).

306 2296 393 2339 215
421 2311 482 2353 sq.

426 2366 621 2423 Cumque
652 2368 741 2409 suis
774 2371 887 2410 totas
917 2365 1088 2424 populis
1117 2365 1312 2409 incendia
1340 2370 1491 2423 gentes

425 2437 474 2479 In
506 2439 691 2480 cinerem
723 2441 913 2480 vertunt.
1752 2482 1764 2487 ,

247 2507 458 2563 Equidem
502 2513 639 2562 yentes
686 2523 770 2549 cum
809 2507 980 2562 populis
1019 2508 1104 2549 suis
1146 2521 1229 2550 non
1273 2519 1506 2562 concoquo,
1549 2506 1839 2564 ambabusque

246 2579 443 2619 manibus
492 2579 648 2633 arripio
695 2578 851 2620 codicis
893 2589 917 2618 λ
961 2577 1190 2620 lectionem
1232 2582 1373 2619 terras.
1423 2575 1529 2618 Vide
1569 2590 1697 2632 quam
1738 2580 1838 2632 apte

247 2662 358 2690 nune
395 2648 480 2688 suis
512 2648 693 2690 addatur
725 2648 854 2704 (quod
885 2650 930 2690 ih
962 2647 1142 2705 vulgata
1172 2647 1355 2690 lectione
1386 2661 1468 2689 non
1502 2646 1571 2698 fit,
1604 2646 1706 2689 lieet
1736 2659 1837 2690 eum

246 2717 451 2759 Ehwaldo
486 2718 660 2771 populos
701 2732 790 2760 esse
832 2722 998 2774 partem
1033 2718 1167 2772 qenais
1197 2718 1400 2771 statuas):
1437 2722 1571 2759 terrae
1602 2717 1835 2772 (regiones)

294 2870 328 2910 l)
356 2871 457 2909 Atque
481 2869 556 2899 haec
579 2879 671 2900 causa
695 2872 742 2901 est
763 2880 819 2901 cur
843 2869 902 2908 IV,
925 2869 1047 2911 346⁸q.
1071 2871 1155 2901 reete
1177 2869 1311 2900 edidisse
1332 2867 1505 2900 oeueendue
1527 2867 1568 2899 sit
1591 2867 1777 2902 Ehwddm:

647 2923 727 2954 Tum
750 2934 825 2955 vero
848 2924 983 2965 stupuit,
1007 2923 1170 2965 undaeque
1193 2921 1342 2966 cupidine
1364 2921 1484 2953 formae

646 2976 797 3008 Salmacis
819 2978 936 3009 exarsit

245 3033 351 3072 spreta
376 3028 583 3061 „meliorum’
608 3030 751 3062 codicum
775 3030 910 3062 lectione
929 3030 1064 3071 placuit.
