2034 3334
1046 390 1098 433 18

653 516 849 557 Profecto
881 527 967 557 non
997 504 1095 567 plus
1126 517 1304 558 biduum
1335 519 1434 558 aut.
1449 548 1483 558 ..

285 593 395 632 Tum
427 593 638 633 Phaedria

877 658 997 709 Aut?
1028 669 1089 709 nil
1121 679 1266 710 moror

281 744 519 785 Verborum
560 745 640 785 nil
680 755 864 799 moror
905 745 974 785 hic
1015 755 1112 785 esse
1152 755 1308 785 sensus
1343 746 1535 786 videtur:
1572 746 1693 797 „Non
1723 746 1848 798 cupio

281 821 440 871 audire,
484 821 572 861 noli
614 821 847 871 quidquam
889 821 1067 861 addere:
1111 821 1162 861 de
1198 822 1363 862 maiore
1394 822 1561 863 dierum
1592 832 1774 864 numero
1804 822 1850 863 te

279 898 336 936 nil
372 898 511 937 dicere
542 898 653 948 volo,
688 897 891 947 quidquid
923 898 1024 938 sit.’'

339 972 445 1023 Quid
478 974 551 1014 illo
582 975 777 1024 ternpore
808 973 939 1014 faciet
969 974 1214 1014 Phaedria?

397 1050 488 1089 Rus
520 1050 588 1090 ibo
621 1050 697 1097 (ait
727 1061 795 1090 vs.
833 1050 953 1097 187):
987 1050 1046 1090 ibi
1076 1050 1158 1090 hoc
1186 1057 1259 1091 me
1290 1050 1518 1091 macerabo
1549 1051 1742 1092 biduum.

278 1126 434 1175 Lepide
465 1127 780 1177 prudenterque
812 1127 1017 1167 admonet
1047 1137 1127 1166 nos
1159 1126 1423 1167 Scholiasta:
1455 1127 1848 1177 „pronuntiandum

278 1203 346 1242 est
376 1202 604 1243 biduum
636 1214 686 1243 ac
717 1203 754 1243 si
787 1204 971 1243 dixisset
1001 1203 1275 1243 biennio.’'

335 1279 539 1320 Eiusdem
571 1281 741 1330 generis
773 1282 841 1320 est
872 1290 1007 1330 aeque
1038 1290 1142 1320 vera
1168 1280 1424 1331 observatio,
1454 1290 1564 1330 quae
1589 1280 1644 1320 ad
1668 1290 1845 1331 sequen·

276 1357 367 1395 tem
398 1367 597 1397 versum:

515 1434 583 1473 Ita
613 1433 753 1473 facere
785 1434 1019 1473 certumst:
1052 1443 1148 1473 mos
1180 1434 1419 1482 gerundust
1449 1432 1601 1472 Thaidi

277 1509 456 1559 legitur:
503 1520 629 1559 „cum
670 1510 1018 1559 pronuntiatione
1066 1511 1110 1549 et
1149 1511 1287 1559 gestu,
1321 1510 1371 1549 ut
1406 1509 1607 1549 ostendat
1635 1518 1746 1559 quae
1775 1509 1845 1549 vis

245 1587 255 1594 “
276 1585 438 1624 amoris
479 1585 537 1624 sit
574 1587 623 1624 ut
663 1585 814 1625 Thaidi
846 1595 943 1624 mos
975 1586 1191 1634 geratur.”
1225 1585 1369 1635 Recte,
1402 1586 1452 1624 ut
1483 1584 1664 1625 videtur.
1697 1582 1843 1626 Confe-

276 1661 458 1699 rendum
500 1662 567 1700 est
609 1661 725 1710 enim
767 1661 878 1709 quod
921 1671 984 1700 vs,
1029 1661 1082 1700 97
1118 1661 1212 1710 ipsa
1243 1660 1374 1700 Thais
1406 1660 1532 1700 dicit:
1569 1660 1844 1711 „faciundum

275 1736 399 1775 fuit.”
443 1736 644 1786 Quodque
686 1737 739 1776 ad
781 1737 904 1776 illum
945 1746 1122 1775 versum
1163 1737 1343 1775 annotat
1385 1730 1627 1776 Scholiasta
1667 1736 1719 1776 de
1759 1746 1844 1777 usu

275 1812 511 1868 gerundivi,
545 1822 630 1851 non
661 1812 766 1852 illud
797 1812 966 1852 tradere
997 1812 1167 1852 videtur
1199 1812 1309 1860 quod
1341 1822 1468 1851 nemo
1495 1812 1539 1851 in
1564 1811 1665 1852 ludo
1689 1811 1842 1852 doctus

276 1888 470 1936 ignorare
511 1890 666 1938 potest,
710 1888 785 1928 sed
826 1888 1057 1928 admonere
1099 1888 1304 1928 lectorem
1335 1887 1476 1940 apud
1512 1887 1841 1928 Terentium

274 1965 370 2002 tum
411 1965 667 2013 praesertim
709 1964 829 2004 illam
872 1964 991 2003 verbi
1032 1964 1219 2003 formam
1261 1963 1452 2003 adhiberi
1484 1973 1583 2003 cum
1614 1961 1668 2003 de
1688 1961 1841 2024 Q

232 2063 234 2066 -
273 2054 350 2078 τινι
375 2037 530 2097 ἀνάχκῃ
556 2042 709 2090 agatur
735 2042 863 2089 atque
891 2040 1106 2089 insignem
1133 2040 1349 2089 quandam
1371 2039 1464 2079 eius
1486 2049 1582 2079 esse
1598 2038 1839 2089 emphasin.

333 2116 426 2155 Iam
464 2116 557 2156 sola
587 2117 737 2156 relicta
768 2116 899 2156 Thais
930 2117 1144 2165 reliquum
1177 2115 1405 2156 consilium
1436 2125 1566 2155 suum
1596 2115 1666 2155 his
1695 2114 1840 2155 verbis

274 2193 431 2240 aperit:

511 2269 564 2307 Et
595 2269 796 2318 quidquid
828 2269 956 2308 huius
986 2268 1080 2318 feci,
1115 2278 1246 2308 causa
1275 2267 1457 2317 virginis

509 2345 619 2394 Feci,
654 2356 756 2384 nam
787 2356 858 2384 me
890 2345 982 2384 eius
1013 2355 1137 2394 spero
1169 2344 1349 2383 fratrem
1379 2343 1688 2392 propemodum

510 2421 602 2460 Iam
635 2422 885 2470 repperisse,
920 2421 1238 2460 adolescentem
1270 2420 1375 2459 adeo
1407 2419 1611 2459 nobilem.

509 2496 561 2534 Et
592 2498 628 2535 is
661 2497 784 2535 hodie
816 2499 1048 2536 venturum
1080 2497 1133 2535 ad
1164 2506 1236 2535 me
1267 2488 1492 2535 c'onstituit
1523 2495 1715 2534 domum.

272 2569 351 2609 Ubi
396 2570 497 2609 illud
531 2573 663 2612 adeo
696 2573 772 2611 vix
803 2573 1065 2622 intelligeres
1097 2572 1181 2611 nisi
1213 2571 1454 2611 scholiasta
1483 2572 1527 2610 te
1558 2570 1831 2610 admoneret:
1856 2543 1895 2597 ‘P

275 2646 433 2693 „adeo
467 2648 754 2687 exclamantis
786 2650 854 2687 est
885 2650 928 2687 et
960 2659 1059 2687 cum
1091 2649 1216 2697 gestu
1247 2646 1610 2696 pronuntiantis.''
