2034 3334
1073 361 1130 403 54

409 486 728 530 Posthomerica
753 489 899 529 autem
929 485 1085 542 poesis,
1101 498 1188 541 qua
1203 484 1458 540 interempto
1475 482 1628 526 Paride
1643 481 1851 527 Helenam

348 576 528 607 uxorem
578 563 756 606 duxisse
802 552 999 619 fingitur(
1037 574 1136 604 eum
1178 560 1687 622 Troianorxgmgprimum
1726 559 1848 603 facit:

346 654 472 684 nemo
530 653 631 696 ergo
692 640 861 696 dignior
919 640 995 695 qui
1043 638 1174 681 simul
1217 651 1315 680 eum
1363 637 1547 680 Hectore
1594 637 1850 680 nominetur.

347 717 494 773 Atque
525 717 595 759 hic
635 716 806 772 quidem
839 715 961 758 facile
992 715 1075 758 fuit
1107 719 1292 758 metrum
1327 714 1551 757 Aloaioum
1585 716 1627 757 et
1657 713 1702 756 id
1735 713 1852 770 quod

349 794 577 836 dicendum
608 796 697 836 erat
729 792 912 836 libenter
943 793 1125 848 recepit3
1158 791 1234 835 ubi
1265 791 1318 834 de
1345 790 1517 834 Graecis
1544 790 1749 847 agebatur
1764 803 1852 833 non

348 882 421 912 eos
453 869 703 913 admittebat
734 881 844 925 quos
875 868 1119 924 postulabat
1153 870 1479 924 argumentum:
1510 867 1718 910 rationem
1750 879 1851 923 ergo

348 946 500 989 habuit
531 949 654 1002 poeta
686 958 775 989 non
806 945 1027 1001 dignitatis
1060 944 1135 987 sed
1167 944 1405 987 nominum.

407 1022 490 1066 His
535 1024 620 1065 iam
661 1023 722 1065 ita
762 1022 970 1078 expositis
1002 1034 1113 1077 quae
1145 1021 1197 1064 de
1228 1023 1363 1064 aetate
1395 1019 1710 1063 antehomerioa
1739 1018 1853 1062 diota

350 1103 451 1143 sunt
482 1113 573 1143 una
605 1098 926 1155 comprehendit
958 1098 1151 1154 stropha:

705 1192 868 1235 Vixere
899 1191 1031 1235 fortes
1064 1194 1163 1234 ante
1198 1191 1566 1247 Agamemnonem

707 1269 859 1312 Multi:
894 1269 969 1312 sed
1001 1281 1151 1312 omnes
1182 1267 1498 1311 illaerimabiles

767 1345 989 1401 Urgentur
1019 1346 1242 1401 ignotique
1280 1345 1411 1401 longa

828 1421 976 1477 Nocte,
1010 1425 1157 1465 carent
1189 1423 1290 1478 quia
1320 1424 1416 1465 vate
1447 1434 1578 1464 sacro.

413 1515 537 1568 Quod
579 1516 895 1573 elegantissime
936 1516 1209 1558 enuntiatum
1252 1517 1338 1569 est3
1372 1515 1549 1558 minime
1581 1526 1732 1557 verum
1763 1526 1857 1558 esse

354 1607 486 1651 supra
517 1595 602 1636 iam
635 1593 1035 1636 demonstravimus.

411 1670 524 1727 Apte
555 1670 621 1712 illi
651 1669 849 1726 adiungit
879 1669 1135 1712 sententiam
1167 1680 1440 1710 communem

707 1762 895 1806 Paulum
928 1762 1120 1818 sepultae
1153 1762 1284 1805 distat
1313 1762 1491 1805 inertiae

715 1838 860 1883 Celata
890 1839 1029 1882 virtus

355 1956 486 1999 quam
545 1942 731 1998 eleganti
789 1942 1032 1985 coniectura
1090 1954 1242 1984 sanare
1289 1943 1468 1984 conatus
1514 1943 1580 1984 est
1622 1940 1857 1999 Bentleius‚

218 2028 256 2050 1‘
268 2047 271 2050 -
353 2021 410 2062 in
422 2032 445 2062 e
455 2033 478 2062 r
490 2023 506 2062 t
516 2020 532 2061 i
543 2021 568 2060 a
598 2032 674 2075 pro
708 2019 764 2061 in
776 2032 799 2062 e
810 2033 833 2061 r
843 2021 861 2062 t
871 2019 886 2061 i
897 2032 921 2061 a
933 2031 956 2061 e
987 2017 1180 2061 scribens
1194 2033 1203 2072 3
1232 2021 1273 2060 et
1299 2018 1556 2074 elegantiore
1572 2019 1698 2062 etiam
1714 2018 1858 2063 Peerl-

352 2096 551 2152 kampius
609 2095 829 2151 sepulti
885 2108 961 2151 pro
1014 2094 1277 2150 sepultae
1320 2107 1531 2150 reponens
1576 2095 1657 2138 hoo
1703 2108 1856 2139 sensu:

359 2173 536 2228 „Virtus
578 2173 763 2215 hominis
808 2172 978 2229 sepulti,
1010 2173 1048 2215 si
1079 2172 1213 2215 celata
1246 2173 1301 2215 sit
1331 2185 1473 2228 neque
1505 2172 1557 2215 ad
1588 2175 1857 2228 posterorum

354 2250 549 2292 notitiam
596 2250 772 2303 venerit,
820 2249 999 2304 paulum
1048 2248 1176 2291 distat
1222 2247 1274 2290 ab
1321 2249 1485 2291 inertia.
1531 2248 1690 2291 Parum
1730 2248 1859 2292 refert

354 2326 544 2368 fuerisne
584 2325 710 2367 homo
742 2324 864 2368 fortis
897 2338 952 2367 an
984 2326 1112 2380 iners,
1144 2323 1308 2367 κάτθαν’
1342 2325 1446 2376 ὁμῶς
1478 2323 1501 2367 δ’
1527 2325 1564 2367 τ’
1596 2322 1734 2378 ἄεργος
1763 2323 1858 2378 ἀνὴρ

355 2400 377 2443 δ’
414 2418 458 2443 τε
499 2400 632 2444 πολλὰ
672 2400 823 2455 ἐοργώς,
867 2402 952 2444 nisi
994 2405 1094 2444 tuae
1134 2401 1284 2444 laudes
1325 2405 1421 2458 post
1461 2405 1639 2445 mortem
1680 2404 1800 2444 tuam
1831 2415 1858 2445 a

355 2478 492 2533 poetis
536 2477 779 2533 vulgentur.
820 2476 937 2520 Dum
969 2478 1093 2532 vivis,
1123 2479 1188 2520 tui
1221 2478 1421 2534 aequales
1452 2478 1504 2521 de
1537 2481 1578 2520 te
1607 2478 1859 2533 loquuntur,

358 2555 409 2596 de
439 2553 648 2596 inertibus
679 2554 816 2596 silent.
850 2553 1013 2597 Inertes
1043 2555 1255 2615 iag‘nmtum
1289 2555 1445 2611 sepulti
1475 2557 1586 2597 sunt.
1619 2553 1702 2597 Sed
1719 2567 1855 2609 quum

356 2633 397 2671 et
442 2632 491 2671 tu
532 2631 738 2685 morieris,
769 2631 814 2672 in
847 2630 996 2673 eodem
1031 2631 1116 2673 eris
1149 2631 1319 2673 silentio
1352 2631 1398 2672 in
1432 2643 1517 2686 quo
1549 2633 1653 2672 sunt
1682 2631 1856 2686 inertes,

358 2706 459 2760 quia
490 2708 585 2747 vate
615 2718 745 2756 cares,
774 2709 850 2748 tua
880 2706 1014 2762 gloria
1045 2719 1121 2762 per
1152 2710 1294 2750 vatem
1325 2707 1378 2749 ad
1406 2720 1485 2749 nos
1513 2719 1599 2748 non
1616 2705 1853 2762 pervenit.”

358 2781 441 2823 Sed
481 2782 632 2823 harum
674 2783 764 2824 sive
806 2783 1008 2825 alterutra
1042 2783 1245 2839 probatur
1277 2785 1368 2826 sive
1399 2786 1562 2837 neutra,
1595 2782 1699 2838 quid
1729 2786 1853 2838 poeta

359 2857 542 2898 voluerit
588 2858 690 2900 satis
737 2861 801 2900 est
841 2860 1125 2914 perspicuum.
1169 2858 1275 2901 Tum
1320 2872 1365 2901 se
1408 2859 1548 2901 denuo
1581 2858 1634 2900 ad
1665 2857 1852 2900 Lollium
