2034 3334
995 232 1081 285 162

496 354 671 411 Sopitus
702 355 815 399 vinis
845 357 889 398 et
919 356 1237 411 inexperrectus
1267 353 1458 412 Aphidas

239 428 378 484 ipsam
409 425 555 469 Ovidii
584 438 764 469 manum
788 427 1039 469 restituerit.

305 537 406 582 328.
449 538 534 581 Pro
577 551 677 581 vera
707 537 890 581 lectione
926 542 1176 589 „conantem
1207 538 1376 582 evellere
1406 542 1518 583 terra
1547 538 1836 598 glandiferam
1906 542 1912 548 '
1955 577 1961 585 ,

240 609 474 667 quercum''
506 610 593 652 iam
625 608 755 652 rediit
786 608 970 652 absurda
999 609 1155 652 codicis
1185 609 1235 652 M
1267 609 1419 653 tollere.

300 730 387 774 369
450 730 704 774 Fraxineam
735 732 856 773 misit
887 730 1083 773 contentis
1114 731 1281 774 viribus
1312 731 1495 775 hastam.

239 800 464 858 Spernitur
503 803 592 844 iam
620 802 796 859 egregia
826 801 930 844 haec
961 800 1129 844 Heinsii
1160 802 1400 845 emendatio
1429 806 1474 846 et
1505 801 1618 846 redit
1648 801 1836 847 absurda

237 871 366 916 lectio
406 873 546 915 mentis
576 887 739 928 quoque.
782 872 883 915 Loci
914 872 966 915 ab
997 872 1203 916 Ehwaldo
1233 872 1354 916 allati
1386 877 1499 917 certe
1529 873 1647 918 istud
1677 888 1836 932 quoque

239 957 322 986 non
353 942 599 986 defendunt.
632 942 715 986 Sed
744 944 919 986 omnino
950 945 1047 1000 quis
1078 956 1268 1000 unquam
1299 945 1361 988 sic
1385 943 1518 988 latine
1542 944 1713 988 locutus
1744 947 1835 989 eet-t

241 1015 427 1065 „mentis
459 1027 627 1070 quoque
658 1014 824 1057 viribus
855 1014 1024 1058 hastam
1056 1012 1240 1058 mieit”?

301 1134 495 1179 434-8,
528 1134 708 1192 Spurios
739 1136 816 1178 hoe
847 1149 937 1179 esee
969 1137 1065 1192 quis
1095 1138 1184 1179 iam
1215 1136 1429 1180 Merkelio
1461 1134 1688 1180 concedat?
1723 1135 1835 1181 Sunt

240 1221 388 1250 versus
431 1221 536 1263 quos
576 1206 819 1259 μιαιφόνου-ς
861 1206 998 1250 dicere
1041 1208 1177 1263 poesis
1208 1209 1326 1251 etin
1359 1206 1700 1258 „deterioribus”
1734 1210 1834 1253 tan-

241 1277 465 1320 tummodo
506 1276 713 1334 leguntur
754 1276 981 1320 codicibus.
1025 1276 1160 1321 Sanae
1200 1281 1251 1320 ut
1292 1279 1442 1334 opinor
1482 1277 1613 1321 fuerit
1653 1277 1833 1323 rationis

239 1348 339 1390 hinc
378 1347 541 1391 efficere
582 1362 654 1391 eos
694 1349 741 1390 in
784 1347 1072 1399 „meliorum”
1116 1347 1314 1392 codicum
1354 1348 1586 1405 archetypo
1615 1347 1712 1392 ideo
1743 1361 1834 1392 esee

240 1420 420 1463 omissos
450 1419 563 1475 quod
594 1433 686 1462 rem
717 1422 899 1463 taetram
932 1420 1062 1462 nimis
1092 1419 1296 1476 graphice
1326 1418 1617 1476 depingerent.

301 1539 404 1583 452.
447 1538 686 1584 Centaurus
729 1554 753 1583 a
793 1540 946 1596 Mopso
987 1554 1210 1596 percussus
1253 1540 1431 1582 occubuit
1473 1541 1551 1592 (sic
1586 1538 1650 1583 ed.
1684 1543 1831 1592 vett.),

241 1609 313 1654 vel
344 1611 560 1664 procubuit
599 1610 791 1663 (Merk.)‚
832 1610 906 1653 sed
947 1610 1049 1667 quid
1090 1611 1171 1653 sibi
1211 1609 1307 1653 vult
1347 1610 1463 1653 istud
1499 1609 1683 1653 accubuit
1714 1608 1828 1668 quod

240 1695 353 1724 nunc
385 1679 554 1724 editur?

301 1789 404 1833 494.
452 1791 536 1834 Pro
580 1792 752 1834 nomine
800 1791 1023 1847 Monychus
1068 1791 1200 1834 codex
1246 1792 1295 1834 M
1342 1792 1552 1834 monachus
1593 1789 1830 1848 praebendo

240 1863 376 1904 risum
414 1865 582 1912 movet,
616 1875 743 1917 seque
773 1861 851 1904 hac
887 1867 1000 1904 certe
1031 1875 1076 1904 re
1108 1866 1342 1918 cognatum
1375 1861 1516 1918 prodit
1548 1861 1683 1904 codici
1714 1860 1832 1904 Hau-

241 1933 402 1983 niemsi,
445 1934 520 1988 qui
551 1931 644 1982 XV,
687 1931 775 1974 836
820 1932 894 1974 ubi
927 1933 1152 1989 Augustus
1183 1931 1385 1974 laudatur
1416 1931 1530 1988 quod
1561 1931 1830 1988 adoptaverit

243 2001 435 2058 „prolem
476 2007 620 2045 sancta
661 2002 712 2044 de
744 2004 925 2059 coniuge
957 2003 1131 2045 natam''
1164 2003 1359 2046 exhibet:
1396 2017 1465 2059 „p.
1497 2006 1637 2044 sanata
1664 2002 1718 2044 de
1748 2001 1830 2044 via·-

236 2073 332 2126 9ine
362 2072 553 2116 natam''.

304 2183 391 2226 513
468 2182 693 2236 (Caeneus)
725 2184 866 2227 deficit
896 2183 1135 2235 interdum,
1169 2184 1295 2227 modo
1325 2198 1368 2226 ce
1396 2199 1516 2238 cuper
1547 2198 1643 2227 aera
1672 2182 1832 2231 frustra

468 2253 634 2297 Tollere
665 2259 854 2297 conatur.

243 2323 451 2375 Quoniam
495 2338 630 2380 neque
669 2339 789 2378 super
829 2339 924 2366 aera
966 2324 1050 2367 dici
1093 2328 1234 2380 potest
1274 2338 1349 2380 pro
1391 2325 1436 2366 in
1466 2338 1562 2366 aera
1593 2326 1637 2366 et
1667 2321 1832 2371 Caeneo

242 2395 361 2449 prius
403 2394 687 2437 removendus
731 2397 795 2437 est
836 2394 1036 2437 cumulus
1078 2408 1162 2450 quo
1205 2396 1417 2450 premitur
1447 2407 1576 2450 quam
1607 2407 1653 2437 se
1684 2394 1830 2450 ipsum

243 2465 404 2518 erigat,
446 2469 570 2520 grato
613 2466 755 2507 animo
796 2466 980 2520 recipere
1022 2464 1224 2508 debemus
1255 2463 1388 2507 Riesii
1419 2463 1759 2510 emendationem
1788 2476 1832 2510 te

242 2534 490 2587 superantia.

305 2644 405 2686 538.
454 2645 536 2687 Pro
582 2645 815 2695 „obductos
856 2645 976 2687 annis
1017 2646 1240 2688 rescindere
1279 2644 1451 2687 luctue’'
1494 2643 1647 2687 melior
1674 2641 1750 2686 ille
1780 2642 1831 2686 M

244 2714 393 2756 habet:
426 2715 552 2755 oeulis
582 2715 849 2769 restinquere!

306 2823 393 2865 546
412 2838 472 2879 sq.
727 2825 859 2880 Inque
890 2839 1007 2867 meos
1037 2825 1200 2868 sermm
1230 2824 1507 2879 flammasque
1538 2826 1710 2878 penates

486 2894 667 2947 Impulit.

244 2963 384 3005 Immo
418 2977 517 3004 vero
549 2964 704 3005 intulit.
