2034 3334
791 1079 1015 1130 CAPUT
1052 1078 1381 1140 QUINTUM.

389 1446 610 1502 Propertio
638 1458 738 1501 ergo
766 1444 922 1501 elegias
949 1457 1050 1487 suas
1079 1444 1283 1487 scribenti
1308 1444 1560 1501 frequenter
1576 1447 1674 1487 ante
1690 1444 1838 1487 oculos

331 1524 373 1565 et
413 1523 460 1564 in
492 1526 635 1564 mente
670 1521 806 1564 fuisse
835 1520 1004 1563 Horatii
1036 1522 1145 1563 varii
1173 1523 1344 1577 generis
1378 1523 1569 1564 carmina
1600 1520 1725 1563 multi
1755 1521 1839 1563 viri

332 1599 555 1642 occasione
597 1597 739 1640 oblata
782 1597 1033 1652 docuerunt,
1076 1601 1118 1640 et
1156 1599 1217 1640 ita
1249 1611 1294 1640 se
1325 1611 1415 1641 rem
1448 1597 1601 1640 habere
1633 1596 1838 1640 Hertzius

333 1688 506 1732 quoque
537 1688 612 1731 pro
645 1678 760 1718 certo
793 1675 956 1729 statuit,
987 1674 1117 1729 illius,
1145 1674 1284 1730 credo,
1313 1675 1388 1730 qui
1405 1675 1570 1730 primus
1586 1677 1839 1730 argumenta

331 1753 503 1809 collegit
533 1755 753 1808 permotus
785 1752 1047 1794 auctoritate.
1081 1750 1190 1793 Nam
1225 1752 1262 1793 si
1294 1752 1385 1807 ipse
1415 1751 1532 1794 locos
1561 1751 1637 1806 qui
1663 1750 1716 1793 ad
1743 1763 1836 1794 eam

331 1829 585 1872 sententiam
635 1827 943 1871 defendendam
990 1827 1106 1869 allati
1149 1831 1252 1869 sunt
1284 1827 1425 1870 denuo
1458 1827 1756 1882 examinasset,
1788 1830 1837 1869 ut

331 1909 396 1949 est
441 1907 509 1948 vir
555 1906 649 1948 sani
695 1904 914 1960 sobriique
955 1905 1116 1959 iudicii,
1157 1908 1232 1946 aut
1274 1905 1318 1946 in
1351 1906 1485 1947 risum
1518 1904 1728 1960 erupisset
1761 1906 1837 1946 aut

329 1983 517 2039 graviter
563 1986 675 2024 esset
721 1981 971 2037 indignatus
1020 1983 1150 2022 totam
1198 1980 1510 2036 philologorum
1531 2014 1533 2016 .
1555 1980 1729 2022 domum
1772 1979 1834 2022 sic

331 2060 463 2102 unius
495 2059 707 2115 implicari
738 2058 929 2114 potuisse
960 2056 1187 2100 erroribus.
1220 2056 1314 2099 Hoc
1347 2058 1473 2111 enim,
1503 2057 1703 2113 quamvis
1731 2056 1837 2098 mihi

330 2135 521 2178 diffidere
553 2135 726 2189 soleam,
758 2134 971 2177 declarare
1004 2137 1045 2176 et
1078 2134 1243 2176 edicere
1276 2147 1362 2176 non
1396 2133 1544 2176 dubito
1563 2133 1834 2189 Propertium

330 2225 496 2254 amores
529 2225 631 2254 suos
663 2215 905 2253 cantantem
940 2211 992 2253 de
1023 2210 1203 2252 Horatio
1237 2224 1460 2266 nunquam
1491 2211 1710 2266 cogitasse,
1737 2210 1834 2252 nul·

328 2290 414 2332 lius
447 2302 540 2332 esse
571 2290 697 2345 pretii
729 2291 980 2344 argumenta
1016 2287 1176 2343 quibus
1204 2289 1467 2329 contrarium
1495 2286 1665 2343 probari
1692 2286 1834 2328 videa-

329 2370 412 2421 tur,
443 2366 560 2421 locis,
593 2367 668 2421 qui
701 2378 755 2408 ex
787 2369 971 2421 utroque
997 2368 1120 2420 poeta
1147 2377 1271 2420 saepe
1301 2366 1413 2407 inter
1446 2377 1491 2407 se
1523 2366 1834 2419 componantur

329 2457 383 2486 ne
414 2443 677 2485 levissimam
710 2442 883 2498 quidem
914 2442 1008 2484 esse
1040 2441 1367 2484 similitudinem
1394 2440 1714 2497 cognationisve
1741 2453 1834 2482 um-

329 2520 463 2563 bram.
495 2520 733 2562 Videamus
764 2518 944 2575 singula.

508 2628 603 2670 Hoc
634 2631 723 2671 erat
754 2629 799 2670 in
831 2628 980 2683 primis
1014 2627 1129 2693 quod
1163 2640 1232 2669 me
1262 2627 1449 2683 gaudere
1479 2625 1691 2668 iubebas?

388 2745 469 2788 His
502 2745 642 2788 verbis
675 2746 853 2801 elegiam
879 2745 958 2800 III,
989 2746 1042 2787 19
1070 2746 1235 2788 orditur
1261 2745 1524 2800 Propertius,
1542 2757 1627 2798 qua
1644 2743 1832 2798 puellam

330 2822 575 2877 alloquitur,
608 2835 717 2877 quae
748 2826 974 2877 postquam
1007 2834 1083 2877 per
1115 2820 1242 2863 breve
1273 2824 1443 2875 tempus
1475 2832 1554 2861 sua
1579 2819 1736 2874 gaudia
1753 2819 1830 2861 uni

330 2899 515 2941 servavit
546 2902 705 2954 poetae,
736 2899 821 2940 iam
854 2899 958 2941 alias
991 2910 1195 2953 quaerere
1227 2897 1422 2939 videatur
1448 2895 1723 2938 conditiones.
1753 2895 1831 2938 Est
