2034 3334
963 233 1047 276 109

272 357 361 401 340
402 357 608 410 Quamvis
651 359 826 400 centum
865 357 1041 400 iubeant
1076 356 1337 400 Lachmanni
1358 359 1550 414 flexuque
1575 373 1680 412 qenu
1711 359 1800 400 sub-

210 429 320 471 misit
358 428 525 486 legere,
569 441 789 483 nunquam
830 427 999 470 credam
1040 428 1092 470 ab
1133 427 1286 471 Ovidio
1323 428 1534 471 eiusmodi
1563 429 1799 485 profectam

206 499 514 557 tautologiam;
553 514 660 554 genu
690 499 856 553 flectere
897 502 940 541 et
975 513 1081 552 qenu
1109 499 1336 541 submittere
1367 514 1541 556 prorsus
1572 500 1687 543 idem
1719 504 1797 543 est.

207 570 319 624 Quid
350 574 488 613 tamen
523 573 647 626 poeta
678 569 840 612 dederit
870 571 1107 612 incertum:
1150 571 1274 627 gravi
1305 571 1454 614 morbo
1483 571 1598 614 hunc
1630 585 1797 628 quoque

206 640 398 685 laborare
429 655 604 685 versum
634 640 829 684 arbitror.

270 797 359 841 340
385 811 447 853 sq.
1304 798 1363 840 At
1393 797 1467 840 ille

385 866 558 910 Scilicet
590 870 641 909 ut
673 868 821 911 vacuis
853 870 896 910 et
926 867 1224 911 inobservatus
1256 869 1301 910 in
1331 868 1487 910 herbis.

203 938 254 982 In
294 939 372 982 hac
414 938 571 981 codicis
613 937 663 980 M
704 937 886 981 lectione
929 939 1171 982 coniunctio
1214 943 1252 980 eb
1294 940 1479 981 sermoni
1521 939 1674 983 Latino
1708 941 1798 983 vim

203 1009 318 1053 facit.
353 1009 618 1065 Quapropter
647 1007 831 1065 legerim
863 1012 938 1051 aut

386 1078 556 1122 Scilicet
587 1083 638 1122 ut
668 1080 816 1122 vacuis
847 1094 926 1121 non
957 1079 1207 1123 observatus
1238 1081 1284 1122 in
1315 1081 1458 1123 herbis

205 1154 304 1202 aut,
331 1164 435 1192 usus
466 1150 606 1192 verbis
637 1154 682 1191 ut
703 1165 823 1204 puer,
856 1164 963 1206 quae
994 1151 1168 1207 praebet
1199 1150 1329 1194 codex
1361 1161 1403 1203 λ,
1436 1165 1627 1208 quaeque
1655 1166 1677 1195 e
1705 1166 1796 1196 con-

205 1222 368 1264 iectura
399 1224 498 1263 nata
530 1219 730 1263 credibile
762 1235 846 1263 non
880 1224 967 1264 est:

1332 1293 1391 1335 At
1420 1292 1495 1335 ille

389 1361 449 1404 Ut
479 1375 599 1416 puer,
633 1364 683 1403 ut
714 1362 862 1404 vacuis
893 1376 978 1404 non
1009 1362 1256 1406 observatus
1288 1363 1333 1405 in
1364 1363 1520 1405 herbis.

208 1431 301 1475 Hoc
332 1430 507 1474 demum
538 1431 691 1474 Ovidio
724 1431 906 1488 dignum
938 1432 1122 1475 videtur.

272 1588 359 1632 356
394 1588 615 1640 „Vicimus
646 1591 689 1631 et
721 1603 843 1632 meus
876 1588 970 1632 est''
1006 1588 1216 1632 exclamat
1247 1591 1352 1632 nais.

269 1659 410 1702 Nimis
457 1649 588 1716 friget
634 1660 751 1702 istud
796 1665 846 1702 et.
891 1659 999 1702 Vera
1044 1659 1170 1703 lectio
1213 1662 1315 1716 quin
1357 1663 1414 1703 sit
1459 1664 1696 1715 ‚,vicimus,
1745 1678 1797 1706 en

210 1744 331 1773 meus
363 1730 456 1773 est''
489 1744 571 1773 non
603 1730 767 1773 dubito.

272 1885 359 1929 388
409 1911 463 1918 --
493 1887 653 1929 incerto
683 1886 845 1929 fontem
876 1885 1158 1929 medicamine
1190 1888 1333 1930 tinxit.

268 1957 338 2000 Sic
382 1956 615 2013 legendum
657 1971 755 1999 cum
790 1956 1144 2007 ,‚dete1·ioribus'',
1177 1961 1227 1999 ut
1257 1957 1450 2000 incertum
1480 1959 1716 2002 medicamen
1743 1961 1799 2002 sit

209 2042 268 2070 m.
313 2027 425 2083 quod
465 2027 657 2068 incertum
697 2028 745 2079 (i.
787 2041 823 2069 e.
866 2027 1107 2078 semivirum)
1149 2027 1289 2069 reddit
1330 2042 1429 2069 eum
1471 2029 1545 2084 qui
1585 2030 1629 2070 in
1670 2028 1797 2071 illum

208 2099 370 2141 fontem
403 2097 629 2140 descendit.
666 2096 924 2148 „Meliores”
958 2097 1116 2140 habent
1140 2097 1301 2149 incesto,
1331 2098 1444 2154 quod
1469 2098 1567 2141 hinc
1594 2098 1796 2142 alienum.

273 2252 359 2295 429
388 2266 450 2308 sq.

391 2322 586 2378 Quidque
618 2322 733 2364 furor
763 2321 905 2365 valeat
936 2323 1124 2365 Penthea
1157 2323 1281 2366 caede
1314 2325 1501 2379 satisque

392 2394 453 2435 Ac
487 2406 613 2448 super
641 2392 843 2435 ostendit.

209 2464 371 2507 Sanum
403 2477 494 2506 esse
523 2462 641 2505 istud
672 2463 848 2518 satisque
877 2478 924 2504 ac
954 2478 1073 2517 super
1103 2462 1271 2506 credere
1302 2478 1386 2506 non
1416 2478 1603 2520 possum.

273 2617 362 2663 473
390 2633 479 2675 sqq.
987 2617 1057 2660 Sic
1088 2618 1190 2661 haec
1221 2617 1380 2662 Iunone
1411 2619 1556 2663 locuta

392 2689 622 2745 Tisiphone
654 2701 779 2731 canos
810 2691 860 2730 ut
890 2691 980 2730 erat
1011 2688 1183 2731 turbata
1213 2688 1389 2745 capillos

392 2759 548 2803 Movit.

211 2829 455 2873 Admodum
485 2831 653 2886 ingrate
682 2830 726 2871 in
758 2828 816 2870 sie
846 2829 942 2870 baec
967 2827 1225 2870 alterutrum
1252 2829 1453 2872 abundat.
1485 2830 1597 2873 Satis
1624 2830 1796 2887 elegans

213 2904 256 2943 et
287 2905 438 2957 aptum
469 2901 570 2943 huic
599 2899 690 2942 loeo
721 2899 851 2941 foret:
884 2899 953 2940 vix
983 2899 1090 2940 haee.
1124 2899 1271 2955 Neque
1301 2900 1438 2943 audax
1469 2903 1723 2944 coniectura.
