2034 3334
966 230 1049 273 111

353 346 444 400 VII,
480 347 566 391 114
868 350 1014 395 locum
1046 353 1287 410 mugitibus
1318 354 1625 410 impleverunt.

332 417 447 470 VIII,
481 418 567 464 447
1053 422 1313 468 clamoribus
1349 426 1501 468 urbem

709 491 910 549 Implent.

368 559 444 613 IX,
481 560 567 604 166
710 562 1000 621 Implevitque
1029 567 1119 608 suis
1150 580 1424 610 nemorosum
1455 569 1633 612 vocibus
1666 567 1799 612 Oeten

208 630 290 674 οὐδ’
324 629 520 679 ἅπαντας
554 632 726 687 ἐκφέρω.

264 777 321 820 23
371 778 419 820 In
462 779 676 823 Phineum
716 781 1013 838 indignantem
1054 782 1166 839 quod
1207 797 1360 839 sponsa
1403 785 1486 827 sibi
1525 783 1799 829 Andromeda

202 850 365 904 potitus
397 852 454 892 sit
488 851 664 894 Perseus
696 854 757 895 sic
787 854 1008 897 invehitur
1038 855 1167 897 frater
1199 855 1408 911 Cepheus,
1442 870 1620 912 sponsae
1654 861 1797 914 pater:

381 920 552 964 Scilicet
582 923 696 965 haud
729 925 832 966 satis
864 927 929 966 est
959 924 1071 981 quod
1103 928 1144 968 te
1177 930 1392 982 spectante
1423 929 1615 970 revincta
1648 932 1735 979 est,

380 991 436 1034 Et
467 991 632 1035 nullam
665 994 777 1049 quod
809 1009 934 1050 opem
964 999 1143 1052 patruus
1176 1010 1408 1052 sponsusve
1439 996 1615 1040 tulisti?

201 1060 259 1103 At
302 1061 492 1105 Phineus
537 1063 610 1106 ille
656 1064 950 1108 Andromedae
992 1066 1035 1109 et
1074 1070 1254 1123 patruus
1294 1071 1357 1110 est
1398 1067 1440 1110 et
1481 1082 1661 1124 sponsus
1694 1069 1791 1112 fuit.

202 1131 362 1188 Utique
395 1147 497 1190 ergo
529 1133 761 1191 legendum
793 1151 1046 1193 sponsusque.

261 1266 319 1310 80
336 1282 426 1324 sqq.
461 1268 591 1312 Tollit
622 1270 803 1314 Perseus
836 1275 999 1315 cratera

385 1370 1298 1387 .............
1362 1343 1462 1386 altis

381 1410 632 1454 Exstantem
664 1413 800 1468 signis
832 1413 1054 1469 multaeque
1086 1413 1131 1455 in
1152 1415 1333 1468 pondere
1364 1430 1530 1456 massae.

201 1479 366 1523 Ultima
393 1485 591 1538 corrupta
617 1497 787 1534 censeo,
816 1483 998 1526 necdum
1022 1498 1122 1528 vera
1148 1485 1389 1528 emendatio
1412 1487 1587 1529 inventa
1603 1484 1790 1528 videtur.

259 1626 316 1670 85
349 1628 656 1684 Polydaemona.
686 1629 840 1673 Veram
867 1645 958 1674 esse
978 1631 1110 1674 Riesii
1128 1631 1467 1674 emendationem
1484 1632 1787 1687 Polydeqmona,

200 1701 243 1740 et
283 1698 362 1742 hoc
402 1713 490 1742 esse
531 1715 685 1743 nomen
724 1702 818 1758 regi
858 1701 929 1745 vel
967 1701 1117 1758 regulo
1162 1701 1292 1745 alicui
1335 1706 1486 1758 aptum
1521 1702 1563 1744 et
1596 1716 1663 1744 res
1696 1703 1789 1758 ipsa

200 1768 321 1812 docet
350 1774 392 1812 et
423 1774 607 1813 testatur
638 1786 698 1815 vs.
734 1772 845 1815 242:

379 1839 438 1883 'Pe
470 1845 636 1893 tamen,
670 1857 694 1885 o
724 1857 878 1898 parvae
909 1846 1059 1894 rector,
1092 1843 1327 1901 Polydecte.
1357 1843 1539 1900 Seriphi.

259 1984 314 2028 97
377 1985 490 2029 Tum
522 2001 691 2043 quoque
723 1986 974 2043 Cephenum
1006 1992 1103 2045 post
1133 2003 1280 2046 regem
1313 1991 1482 2045 primus
1515 1989 1695 2032 Hodites

378 2057 488 2100 Ense
518 2059 627 2100 iacet
659 2057 871 2114 Clymeni.

196 2127 266 2169 Sic
297 2119 483 2178 codices,
516 2129 598 2170 nisi
629 2128 741 2184 quod
772 2143 848 2184 pro
882 2133 962 2170 tum
991 2131 1123 2172 etiam
1155 2134 1248 2171 tune
1278 2133 1321 2172 et
1352 2130 1417 2171 hie
1448 2129 1645 2172 traditur.
1682 2129 1788 2173 Con-

195 2198 291 2240 fusa
332 2199 564 2241 sententiae
606 2199 834 2241 vocabula:
867 2198 967 2242 licet
999 2201 1115 2242 enim
1147 2199 1380 2242 Ehwaldus
1413 2199 1609 2255 exempla
1641 2200 1786 2243 afferat

197 2267 426 2324 quaedam,
471 2269 546 2310 ubi
586 2284 736 2324 quoque
777 2283 800 2311 a
838 2283 914 2311 suo
944 2268 1036 2312 loco
1067 2271 1303 2321 aberravit,
1338 2275 1416 2311 tam
1453 2285 1603 2326 quoque
1634 2270 1785 2313 divelli

196 2352 278 2380 non
311 2352 430 2394 posse
461 2339 647 2381 videtur.
689 2339 899 2394 Equidem
933 2343 1079 2382 auctor
1111 2354 1209 2383 sum
1239 2340 1460 2396 legamus:
1495 2342 1578 2382 dux
1609 2354 1782 2397 quoque:

196 2408 377 2451 Hodites
418 2408 492 2451 1116
534 2411 668 2465 copiis
714 2408 964 2465 Cephenum
1006 2414 1198 2466 praeerat
1238 2412 1370 2453 tantis
1410 2415 1460 2453 ut
1502 2416 1597 2467 post
1638 2413 1783 2467 ipsum

197 2478 366 2535 Cephea
397 2494 567 2522 summo
599 2483 707 2522 esset
738 2482 932 2536 imperio.

258 2613 340 2656 111
376 2613 441 2656 'Pu
474 2628 665 2670 quoque,
698 2614 970 2670 Lampetide,
1004 2630 1087 2657 non
1118 2616 1195 2658 hos
1226 2615 1487 2659 adhibendus
1521 2617 1573 2659 ad
1605 2632 1733 2670 usus,

376 2684 459 2727 Sed
490 2686 587 2740 qui,
621 2686 736 2741 pacis
766 2700 894 2741 opus,
930 2685 1137 2728 citharam
1171 2700 1270 2728 cum
1300 2701 1404 2730 voce
1436 2702 1641 2731 moveres.

194 2753 447 2797 Rectissime
478 2754 709 2797 Ehwaldus
741 2758 915 2797 annotat
947 2760 990 2797 tu
1022 2771 1172 2812 quoque
1203 2758 1263 2799 616
1293 2770 1382 2799 esse
1413 2761 1554 2800 mente
1586 2758 1781 2814 supplen-

195 2823 299 2866 dum
339 2829 390 2867 ut
429 2825 502 2867 fiat
543 2830 587 2867 ta
629 2840 779 2881 quoque
820 2825 1012 2867 cecidisti.
1045 2826 1187 2881 Atque
1219 2831 1316 2869 tum
1349 2829 1569 2884 aptissime
1601 2843 1778 2885 sequens

194 2908 342 2938 versus
383 2897 636 2947 annectitur,
681 2910 781 2938 nam
820 2897 892 2937 sed
919 2896 989 2951 qai
1023 2928 1032 2938 .
1053 2928 1062 2939 .
1083 2929 1092 2939 .
1126 2912 1295 2939 moveres
1328 2902 1414 2940 est:
1450 2899 1537 2955 ‘sed
1568 2901 1631 2942 ita
1662 2900 1778 2942 adhi-

194 2964 356 3008 bendus
386 2969 437 3008 ut
471 2999 480 3007 .
501 2999 539 3009 ..
571 2966 793 3009 moveres’.
827 2965 910 3008 Sed
940 2969 1134 3023 sequenti
1165 2982 1314 3011 versu:
