2034 3334
223 0 240 10 w·
245 0 253 12 ,;;

937 382 989 421 81

361 527 414 533 -—
443 507 522 546 Isti
552 509 595 546 te
627 507 903 556 ignorabant:
936 508 1166 556 postquam
1193 507 1255 546 eis
1281 486 1424 546 mores
1451 505 1619 546 ostendi
1643 506 1742 545 tuos

358 583 412 623 Et
442 584 680 623 collaudavi
711 585 948 623 secundum
978 584 1093 623 facta
1124 585 1167 623 et
1196 584 1381 623 virtutes
1411 585 1510 622 tuas

359 659 607 708 Impetravi.

162 781 164 783 ‚
241 733 352 774 Tum
382 734 510 774 miles
542 736 669 781 (1091
703 738 806 783 sq.):

656 811 772 850 Bene
802 810 966 850 fecisti:
999 811 1185 860 gratiam
1217 811 1352 850 habeo
1384 810 1640 850 maximam.

358 886 606 935 Numquam
647 886 781 926 etiam
820 886 883 925 fui
912 897 1098 935 usquam
1129 886 1232 935 quin
1262 897 1334 925 me
1367 887 1564 926 amarent
1595 895 1746 924 omnes

1423 961 1685 1011 [plurimum.

242 1037 454 1087 Quoniam
485 1039 632 1078 autem
665 1038 834 1078 Gnatho
865 1048 979 1077 nunc
1010 1037 1163 1077 statim
1194 1038 1339 1085 rogat:

360 1113 492 1156 Dixin
524 1124 601 1163 ego
632 1114 678 1152 in
708 1114 789 1153 hoc
820 1124 916 1152 esse
947 1112 1070 1152 vobis
1101 1112 1295 1152 Atticam
1327 1112 1619 1161 elegantiam?

158 1188 228 1247 ¹in
273 1189 342 1228 his
382 1200 549 1238 quoque
589 1189 743 1228 militis
783 1189 938 1239 verbis,
983 1190 1027 1227 et
1067 1190 1169 1227 sunt
1209 1188 1283 1227 illa
1318 1188 1475 1227 ultima
1505 1199 1614 1236 quae
1646 1198 1746 1227 eum

183 1264 398 1304 dicentem
444 1264 656 1314 audimus,
705 1263 839 1313 inepti
885 1263 1045 1312 aliquid
1091 1274 1186 1302 esse
1233 1264 1370 1302 debet.
1418 1263 1596 1312 Egregie
1642 1263 1746 1303 illud

184 1340 349 1379 detexit
376 1340 628 1390 Scholiasta,
657 1340 730 1388 qui
756 1340 978 1379 observat:
1007 1341 1229 1388 stuporem
1256 1339 1409 1378 militis
1435 1339 1480 1378 in
1507 1350 1555 1379 eo
1582 1339 1747 1379 versari

184 1417 296 1465 quod
321 1417 402 1456 hoo
429 1417 730 1464 (Nunquam
749 1438 802 1443 —
819 1415 1136 1464 plurimum)
1165 1415 1428 1454 contrarium
1456 1417 1523 1454 est
1538 1415 1747 1464 superiori

185 1491 576 1538 (Benefeoisti:
603 1490 869 1539 ‘gratiam
910 1491 1085 1529 habeo
1127 1490 1456 1537 maximam).
1505 1490 1638 1541 „Quid
1680 1491 1747 1530 est

185 1567 330 1607 enim”
363 1567 425 1607 ait
459 1567 597 1617 „quod
627 1567 734 1606 bene
765 1577 852 1605 non
872 1562 898 1613 ¹)
926 1565 1076 1605 feeerit
1102 1565 1343 1616 quicquam,
1373 1566 1410 1605 si
1436 1566 1481 1604 in
1507 1566 1579 1605 illo
1606 1544 1674 1605 e'st
1698 1566 1748 1605 ut

185 1643 355 1683 ametur
365 1643 413 1682 ?'’

248 1719 343 1768 „Nil
387 1720 556 1768 praeter
601 1718 865 1767 promissum
911 1718 1005 1757 est'’
1047 1717 1203 1767 ridens,
1247 1718 1296 1756 ut
1337 1717 1496 1767 opinor,
1531 1717 1747 1757 Gnathoni

185 1794 414 1844 respondet
443 1773 911 1834 &haemaQ

244 1869 386 1917 Atque
431 1869 545 1908 huno
584 1868 946 1907 venustissimum
987 1869 1117 1907 habet
1158 1869 1326 1908 exitum
1366 1868 1510 1908 fabula
1551 1869 1747 1907 omnium

184 1944 509 2002 venustissima,

223 2114 246 2148 ¹)
265 2113 338 2142 Hoc
353 2119 432 2142 non
450 2099 768 2141 delendumffnsea
