2034 3334
989 251 1076 297 112

415 374 563 418 Iussus
594 388 685 418 eras
713 373 926 419 celebrare
957 373 1087 432 dapes
1116 375 1362 433 festumque
1391 376 1578 421 canendo

234 446 378 489 omnia
408 445 729 502 perturbantur.
763 445 886 489 Nunc
918 447 1035 489 enim
1059 446 1132 489 ced
1155 445 1228 504 qui
1244 471 1300 480 —
1316 454 1487 491 moveres
1509 446 1628 493 bunc
1652 456 1829 495 meum

233 517 514 560 nanciscitur:
560 515 661 568 „sed
701 517 887 573 quoniam
928 516 1197 562 citharoedus
1238 521 1283 562 et
1324 521 1472 563 cantor
1510 517 1649 572 eras”,
1685 520 1750 564 it·
1778 522 1832 565 ut

233 587 526 645 gerundivum
569 587 818 631 adhibendus
857 588 1207 646 ingratissimum
1246 589 1294 633 in
1333 588 1514 633 modum
1556 603 1658 634 cum
1698 590 1831 637 verbo

234 658 358 702 finito
398 659 629 716 iungatur:
681 673 792 711 „non
833 658 1123 712 adhibendus,
1168 659 1243 703 sed
1284 660 1429 705 iussus
1469 659 1609 705 eras”.
1655 660 1834 707 Accedit

234 729 347 788 quod
377 732 520 773 totum
550 729 669 773 istud
701 731 873 782 „iussus
890 755 946 763 —
965 729 1181 774 canendo”
1211 729 1445 775 admodum
1469 732 1667 776 ieiunum
1697 736 1763 777 est
1787 735 1835 778 et

233 804 407 845 tantum
447 815 533 845 non
574 800 757 845 ridicule
797 800 1147 859 praecedentibus
1189 800 1386 846 additur:
1427 803 1503 860 qui
1542 803 1661 847 enim
1690 802 1832 848 dictus
1912 838 1918 843 .

233 873 322 916 iam
353 876 419 916 est
449 875 492 915 et
523 872 733 916 citharam
765 876 949 917 tractare
980 876 1023 916 et
1055 872 1108 916 ad
1135 873 1346 917 citharam
1372 885 1522 918 canere
1547 887 1691 931 posse,
1717 887 1834 920 nunc

234 942 536 986 tantummodo
568 958 708 986 canere
739 943 926 987 iubetur.
961 942 1206 987 Delendum
1236 957 1340 1002 ergo
1371 957 1436 989 vs.
1471 943 1558 988 113
1589 957 1752 990 censeo.

300 1088 387 1132 154
403 1103 492 1147 sqq.
526 1089 797 1134 Andromeda
826 1091 921 1147 ipsa
951 1105 1052 1134 cum
1084 1097 1205 1148 patre
1236 1093 1280 1135 et
1309 1095 1448 1135 matre
1477 1105 1628 1149 pacem
1651 1089 1832 1136 suadent

236 1160 542 1205 lamentantes:

419 1231 503 1276 Sed
535 1246 664 1276 sonus
694 1247 916 1276 armorum
946 1237 1120 1290 superat
1150 1235 1427 1292 gemitusque
1458 1233 1686 1278 cadentum

419 1302 699 1362 Pollutosque
730 1303 864 1348 simul
893 1304 1035 1348 multo
1067 1303 1242 1349 Bellona
1271 1308 1448 1362 penates

421 1373 641 1432 Sanguine
671 1375 893 1432 perfundit
920 1380 1207 1432 renovataque
1237 1375 1421 1433 proelia⁴
1446 1377 1613 1420 miscet.
1643 1401 1649 1406 ·

238 1444 311 1488 Vs.
346 1445 432 1488 155
475 1447 638 1503 spernit
677 1446 847 1489 Heinsii
880 1446 1223 1490 emendationem
1253 1447 1372 1490 senwl
1399 1447 1648 1491 Ehwaldus.
1681 1445 1839 1492 Certis-

240 1517 350 1559 sima
381 1520 527 1560 tamen
556 1516 634 1559 illa
660 1517 771 1559 mihi
797 1516 983 1560 videtur.
1015 1517 1141 1560 Sonus
1166 1533 1364 1560 armorum
1388 1522 1433 1562 et
1458 1532 1615 1562 nomen
1638 1517 1837 1561 Bellona

240 1601 323 1630 non
364 1591 544 1644 possunt
583 1587 794 1631 vocabulo
834 1588 957 1630 simul
985 1589 1098 1631 inter
1129 1602 1173 1631 se
1203 1590 1349 1646 iungi,
1383 1590 1587 1646 quoniam
1617 1603 1704 1632 non
1732 1591 1835 1632 sunt

239 1657 431 1700 diversae
476 1661 674 1709 naturae,
728 1661 772 1701 et
810 1658 990 1712 poibutos
1028 1663 1199 1713 penates
1254 1660 1450 1713 sanquine
1495 1658 1722 1716 perfudit
1775 1671 1830 1702 ne

240 1742 394 1771 sanum
435 1728 609 1784 quidem
649 1729 823 1785 praebet
862 1743 1059 1782 sensum,
1102 1731 1185 1772 nisi
1227 1732 1452 1787 participio
1474 1731 1657 1785 pollutor
1687 1728 1834 1773 adver-

240 1799 363 1842 bium
394 1799 512 1841 semel
541 1799 715 1843 accedit.
747 1799 912 1856 Atque.
937 1798 1014 1843 ino
1041 1800 1289 1853 accedente,
1316 1804 1415 1858 apte
1441 1801 1618 1845 demum
1642 1803 1832 1844 renovata

242 1874 632 1913 commemorantur
661 1869 835 1927 proelia.

307 2005 392 2049 180
438 2006 622 2050 Perseus
653 2007 860 2051 Medusae
890 2007 1105 2064 proferens
1136 2011 1266 2065 caput
1297 2006 1533 2051 exclamat:

965 2078 1124 2122 Vultus
1155 2081 1337 2123 avertite
1368 2082 1535 2122 vestros

426 2148 470 2189 Si
501 2148 591 2204 quis
621 2150 785 2192 amicus
816 2147 957 2192 adest!

243 2217 383 2260 Immo
423 2219 605 2275 quisquis
645 2234 745 2262 cum
786 2219 877 2264 cod.
920 2229 962 2263 λ.
1004 2219 1118 2263 Nam
1159 2221 1262 2277 quin
1303 2233 1400 2277 pars
1432 2220 1723 2281 pugnantium
1751 2219 1838 2276 ipsi

243 2290 381 2331 amica
412 2290 470 2331 sit
501 2289 697 2333 dubitare
728 2291 910 2334 Perseus
940 2305 1024 2334 non
1055 2294 1210 2348 potest.

308 2434 393 2478 195
411 2449 472 2491 sq.
502 2435 675 2492 Optimo
700 2437 794 2479 iure
819 2436 888 2479 hic
913 2436 1146 2480 Ehwaldus
1174 2435 1451 2489 „deterioris”
1468 2435 1625 2479 codicis
1641 2452 1660 2478 ε
1677 2435 1838 2492 recepit

244 2504 495 2548 lectionem:

428 2577 622 2634 Increpat
651 2577 728 2620 hos
763 2578 1014 2634 „vitio”que
1048 2579 1212 2629 „animi
1242 2593 1321 2621 non
1352 2576 1544 2621 viribus”
1576 2577 1719 2634 inquit

431 2646 699 2705 „Gorgoneis
731 2648 939 2705 torpetis''
971 2648 1106 2706 Eryx.

247 2717 360 2759 Nam
391 2719 436 2759 in
470 2720 691 2774 „optimo”
725 2720 775 2762 M
808 2723 873 2762 est
904 2735 988 2762 cum
1019 2720 1325 2776 (suprascripto
1356 2722 1458 2771 cur).

311 2859 397 2901 232
444 2860 600 2902 Editur
631 2861 717 2903 fere
749 2876 848 2904 cum
880 2862 950 2904 M:

431 2930 542 2971 Tum
575 2945 741 2987 quoque
772 2934 941 2974 conanti
972 2946 1049 2974 sua
1079 2935 1243 2976 vertere
1274 2931 1441 2974 lumina
1471 2930 1616 2972 cervix

432 2999 645 3056 Deriguit.
