2034 3334
941 377 1023 419 101

408 501 431 543 Ι
460 514 568 558 puer
597 503 726 556 atque
757 501 902 556 aliqua
933 502 1047 543 citus
1078 500 1183 543 haec
1212 512 1401 556 propone
1433 500 1632 541 columna

465 577 522 619 Et
553 577 776 619 dominum
807 577 1015 632 Esquiliis
1049 576 1186 619 scribe
1217 575 1408 618 habitare
1438 578 1574 617 tuum.

289 676 372 719 His
417 675 557 718 verbis
599 675 688 730 (IV,
721 677 791 729 23,
823 677 878 717 23
912 677 988 731 sq.)
1022 688 1194 717 servum
1225 676 1268 716 in
1300 674 1443 727 forum
1474 675 1603 716 mittit
1634 674 1738 716 Pro-

229 753 394 808 pertius
436 752 593 793 amisso
636 750 780 793 libello
823 751 951 806 pleno
984 750 1036 792 de
1068 749 1251 804 Cynthia
1285 750 1609 792 versiculorum.
1642 748 1738 791 Hoc

230 829 342 871 enim
392 828 546 870 damno
592 828 779 883 graviter
819 827 1003 869 afflictus
1046 840 1071 868 a
1113 825 1350 868 viatoribus
1392 827 1496 881 petit
1530 829 1590 881 ut,
1624 827 1661 867 si
1691 826 1737 867 in

229 905 352 946 illum
383 903 589 958 incidant,
620 903 792 944 domino
824 915 923 945 eum
953 902 1128 944 reddere
1154 902 1288 944 velint
1316 905 1357 944 et
1374 915 1578 957 magnum
1596 901 1737 943 reddi-

229 982 326 1022 turo
357 980 555 1035 proponit
585 979 835 1035 praemium.
867 977 917 1019 Id
953 990 1050 1019 vero
1077 977 1300 1032 scripsisse
1325 979 1493 1032 poetam
1522 977 1604 1018 viri
1622 977 1736 1018 docti

231 1059 406 1099 censent
438 1068 669 1122 memorem
699 1054 948 1097 Horatiani:

406 1155 428 1215 I
459 1168 566 1211 puer
596 1158 726 1210 atque
760 1167 853 1196 meo
886 1155 998 1196 citus
1030 1154 1134 1196 haec
1165 1153 1388 1195 subscribe
1419 1152 1575 1195 libello.

288 1257 514 1313 Equidem,
560 1257 713 1311 hercle,
755 1257 932 1298 minime
974 1256 1105 1297 miror
1145 1253 1351 1310 insurbe,
1383 1253 1458 1296 ubi
1488 1253 1577 1297 fere
1607 1266 1734 1307 nemo

230 1333 390 1375 civium
431 1336 517 1375 tam
553 1345 716 1388 pauper
747 1334 860 1374 esset
893 1332 997 1390 quin
1030 1344 1166 1384 unum
1197 1330 1409 1372 famulum
1440 1329 1626 1383 haberet,
1659 1328 1735 1371 ubi

230 1408 431 1450 dominus
461 1394 672 1450 fa‘mulum
705 1420 834 1450 suum
867 1407 955 1449 fere
987 1419 1212 1461 nunquam
1246 1406 1329 1447 alio
1362 1404 1570 1447 vocabulo
1605 1418 1733 1460 quam

229 1484 303 1526 illo
334 1497 470 1540 puer
505 1484 668 1539 alloqui
702 1483 866 1537 soleret,
899 1483 973 1525 ubi
1007 1483 1193 1537 denique
1225 1481 1358 1523 eundi
1390 1480 1569 1523 verbum
1601 1482 1734 1536 impe-

231 1561 415 1603 rativum
449 1559 623 1602 haberet
652 1560 682 1615 i,
715 1560 956 1602 sexcenties
989 1558 1179 1614 quotidie
1209 1557 1326 1599 istud
1357 1558 1372 1598 i
1404 1570 1540 1612 puer
1571 1557 1733 1599 dictum

231 1648 347 1688 esse3
390 1639 432 1678 et
472 1636 507 1677 si
540 1648 688 1678 omnes
720 1634 818 1676 libri
850 1648 874 1676 a.
904 1633 1110 1675 Romanis
1143 1634 1290 1688 scripti
1321 1633 1375 1674 ad
1406 1646 1485 1674 nos
1517 1633 1734 1688 pervenis-

230 1715 336 1766 sent,
369 1711 483 1753 haud
515 1710 686 1753 difficile
718 1713 829 1752 esset
861 1710 1023 1764 aliquot
1057 1709 1174 1751 milia
1206 1709 1404 1764 colligere
1434 1708 1624 1750 locorum
1658 1707 1733 1750 ubi

229 1800 279 1830 ea
325 1787 454 1830 verba
508 1788 776 1842 legerentur3
826 1787 900 1828 sed
949 1771 1130 1827 difficile
1167 1788 1278 1827 esset
1324 1786 1436 1826 inter
1480 1785 1578 1826 illos
1625 1784 1733 1826 duos
1775 1822 1779 1827 .

229 1864 411 1918 reperire
457 1862 534 1905 ubi
581 1863 798 1904 diversum
840 1862 1045 1904 haberent
1086 1874 1273 1903 sensum.
1319 1859 1444 1910 Quod
1488 1861 1558 1901 hic
1589 1863 1732 1902 tamen

230 1938 392 1980 accidit.
436 1937 520 1988 Qui
554 1939 668 1980 enim
699 1938 864 1993 aliquid
896 1938 1039 1979 amisit
1071 1938 1252 1991 eiusque
1283 1936 1564 1991 recuperandi
1594 1937 1732 1991 gratia

228 2013 437 2068 populum
469 2013 691 2055 certiorem
721 2013 822 2054 facit
853 2013 951 2068 quis
984 2013 1185 2054 dominus
1219 2013 1284 2066 sit,
1318 2011 1392 2053 ubi
1423 2012 1597 2066 habitet,
1615 2012 1731 2067 quod

231 2089 286 2130 sit
330 2088 527 2130 futurum
567 2089 805 2143 praemium
848 2089 887 2130 ei
920 2088 996 2142 qui
1026 2087 1192 2141 referat,
1223 2088 1261 2129 is
1292 2100 1441 2139 rev—era
1472 2100 1654 2142 puerum
1686 2088 1732 2128 in

228 2163 369 2204 forum
417 2164 547 2209 mittit
590 2164 664 2217 qui
705 2175 755 2205 ea
796 2164 939 2205 omnia
981 2164 1049 2205 vel
1079 2175 1182 2204 voce
1216 2176 1370 2218 magna
1401 2163 1555 2205 clamet
1587 2163 1654 2204 vel
1685 2164 1731 2204 in

231 2239 391 2294 pariete
422 2238 675 2281 columnave
701 2241 911 2281 aterrimis
939 2239 1096 2282 scribat
1119 2240 1265 2281 literis.
1282 2239 1568 2281 Horatianum
1587 2242 1730 2281 autem

233 2314 394 2356 dictum
417 2313 686 2356 acerbitatem
706 2315 918 2370 quandam
938 2315 1122 2357 habetet
1139 2318 1427 2370 contemptum
1448 2315 1562 2356 haud
1579 2315 1730 2356 levem.

232 2389 366 2444 Saepe
413 2390 526 2432 enim
575 2390 767 2432 hodierni
810 2404 982 2446 quoque
1023 2392 1230 2446 homines,
1260 2393 1298 2433 si
1329 2392 1571 2433 adversario
1603 2392 1733 2433 alicui

231 2465 484 2507 maledicere
515 2465 682 2519 volunt,
712 2479 797 2507 non
829 2466 953 2508 illum
987 2468 1131 2521 ipsum
1164 2467 1325 2521 alloqui
1357 2480 1402 2509 se
1434 2467 1640 2508 simulant
1657 2467 1731 2509 sed

232 2541 366 2583 alium
408 2540 621 2595 quendam
664 2540 717 2582 ad
759 2553 856 2582 eum
897 2541 1047 2583 famuli
1089 2542 1224 2583 instar
1255 2543 1422 2584 mittere
1456 2542 1530 2596 qui
1563 2543 1733 2584 nuntiet

231 2629 368 2672 pauca
397 2615 513 2657 haud
544 2614 655 2656 bona
688 2614 827 2658 verba.
854 2615 988 2671 Finge
1014 2616 1143 2657 alicui
1171 2629 1194 2658 e
1218 2616 1531 2672 philologorum
1550 2629 1730 2659 numero

232 2692 417 2733 amicum
465 2692 641 2733 recitare
689 2691 855 2733 doctam
898 2691 1084 2746 aliquam
1129 2693 1529 2734 commentationem
1562 2693 1730 2748 plenam

231 2765 451 2808 abstrusae
498 2766 720 2808 cuiusdam
764 2767 995 2821 sapientiae
1037 2769 1078 2808 et
1119 2779 1168 2808 eo
1211 2768 1409 2822 scriptam
1456 2781 1652 2810 sermone
1683 2772 1731 2811 ut

233 2840 308 2883 tibi
354 2854 429 2897 per
469 2844 637 2884 noctem
678 2842 722 2882 in
765 2841 909 2896 aliquo
951 2854 1090 2884 errare
1118 2841 1361 2895 labyrintho
1393 2844 1590 2899 videaris,
1624 2845 1727 2900 quid
