2034 3334
1002 406 1059 445 94

392 529 487 569 Non
518 539 697 570 causam
728 531 822 571 dico
853 531 958 581 quin
988 532 1101 582 quod
1127 520 1316 573 'meritus
1346 533 1407 573 sit
1436 532 1560 574 ferat.

391 605 473 645 Sed
505 606 642 655 siquis
673 607 784 647 forte
814 608 987 649 malitia
1015 609 1154 649 fretus
1184 619 1266 650 sua
1513 613 1518 620 '

392 682 577 723 Insidias
608 685 783 724 nostrae
813 684 917 725 fecit
947 685 1264 726 adolescentiae

391 759 455 799 Ac
485 759 603 811 vicit,
637 762 817 801 nostran
849 762 975 812 culpa
1005 764 1101 803 east
1132 773 1187 803 an
1219 762 1442 803 iudicum?

242 825 540 885 Lepidissima,
585 836 739 887 hercle,
784 837 976 878 defensio
1018 839 1149 887 atque
1192 836 1442 890 ἧθικωτάτη;
1484 840 1531 879 at
1570 838 1683 880 bona
1711 848 1813 889 pars

241 911 487 951 venustatis
519 912 563 951 in
594 923 680 952 uno
712 913 827 953 inest
858 924 992 963 eoque
1024 914 1143 954 brevi
1174 908 1395 966 vocabulo,
1428 914 1502 955 ubi
1531 915 1700 966 lateret,
1728 914 1813 955 nisi

242 986 286 1025 in
332 986 474 1026 lucem
521 989 809 1037 protraxisset
855 990 1097 1030 Scholiasta
1143 990 1483 1040 prudentissima
1522 990 1577 1031 ad
1616 1000 1682 1031 vs.
1725 990 1812 1032 278

241 1063 542 1103 annotatione:
581 1065 795 1116 „Forte,
825 1066 948 1115 quasi
974 1076 1061 1106 non
1087 1066 1354 1117 defensurus,
1382 1066 1458 1106 sed
1485 1066 1618 1106 simul
1633 1075 1813 1107 causam

241 1138 491 1188 cogniturus
539 1141 784 1191 advenerit;
831 1151 911 1182 nec
952 1142 1173 1182 contendit
1214 1152 1366 1182 verum
1409 1152 1517 1193 esse,
1551 1142 1663 1192 quod
1693 1141 1810 1194 dicit,

242 1225 295 1253 ne
341 1215 575 1256 sollicitum
622 1217 755 1257 faciat
801 1218 854 1257 ad
895 1218 1199 1258 credendum.'’
1242 1218 1366 1258 Nunc
1395 1218 1573 1258 demum
1604 1217 1832 1268 intelligis-
1895 1243 1900 1248 ›

241 1301 372 1339 quam
414 1292 566 1332 callide
607 1303 654 1332 se
698 1293 814 1333 illius
846 1294 1034 1334 astutiae
1067 1294 1290 1335 conscium
1320 1294 1457 1334 fuisse
1487 1294 1700 1335 Phaedria
1729 1293 1812 1334 dis·

240 1366 440 1418 simulet;
489 1369 680 1418 loquitur
725 1372 952 1419 tamquam
999 1371 1052 1410 de
1093 1381 1138 1410 re
1180 1381 1234 1410 ne
1276 1371 1359 1420 ipsi
1390 1370 1564 1420 quidem
1596 1368 1809 1419 credibili;

240 1442 332 1491 ipse
378 1454 493 1483 nunc
539 1445 716 1484 demum
763 1446 924 1495 aliquid
970 1447 1023 1486 de
1069 1457 1120 1486 ea
1161 1447 1427 1486 inaudivisse
1457 1446 1640 1487 videtur.
1672 1445 1718 1486 Si
1748 1444 1813 1486 sic

239 1519 445 1559 dixisset:
493 1521 581 1570 „ita
621 1521 737 1561 facta
776 1532 846 1561 res
878 1523 968 1571 est3
1002 1522 1324 1562 circumventus
1355 1524 1431 1562 est·
1453 1521 1568 1562 filius
1597 1523 1702 1563 tuus
1733 1521 1809 1562 im·

239 1595 440 1643 pudentis
487 1596 737 1646 impostoris
782 1598 1051 1648 mendacio”,
1099 1598 1420 1648 interpellasset
1465 1608 1566 1638 eum
1606 1597 1809 1647 patruus:

214 1671 469 1720 -„mentiris
516 1674 645 1721 atque
691 1673 776 1713 isto
823 1674 1049 1714 mendacio
1095 1675 1234 1714 temet
1274 1674 1366 1724 ipse
1397 1674 1584 1714 indicas:
1617 1675 1661 1714 te
1693 1673 1811 1714 enim

239 1747 404 1787 sciente
460 1749 504 1787 et
559 1749 792 1788 adiuvante
849 1749 1028 1789 insidias
1080 1750 1177 1792 illas
1224 1751 1414 1790 structas
1461 1760 1558 1790 esse
1603 1749 1694 1790 iam
1740 1758 1809 1799 ap·

239 1824 403 1871 paret.”
465 1823 588 1863 Nunc
648 1835 750 1864 vero
811 1825 1109 1865 huiuscemodi
1172 1827 1240 1865 est
1296 1826 1390 1865 eius
1446 1825 1606 1866 oratio:
1670 1823 1810 1875 „finge

238 1899 388 1938 tamen
415 1910 569 1939 verum
596 1910 704 1950 esse,
734 1892 846 1949 quod
871 1900 986 1941 filius
1012 1904 1114 1941 tuus
1137 1902 1211 1952 ait,
1230 1902 1432 1951 quamvis
1448 1901 1648 1941 videatur
1663 1900 1808 1941 absur-

239 1975 371 2026 dum'’
415 1986 451 2016 e.
480 1987 519 2026 q.
548 1987 582 2016 s.

299 2052 471 2092 Phorm.
506 2053 605 2092 605.
639 2053 748 2093 Geta
778 2064 928 2094 secum
960 2054 1266 2094 deliberatione
1293 2054 1441 2094 habita
1466 2054 1520 2094 ab
1546 2052 1808 2103 Antiphonis

238 2129 371 2176 patre,
405 2139 535 2176 quem
568 2129 656 2168 iam
688 2140 743 2168 ex
775 2130 928 2170 itinere
959 2140 1184 2170 reversum
1215 2130 1310 2179 scit,
1344 2130 1573 2179 pecuniam
1604 2128 1809 2169 abradere

238 2204 440 2252 decernit,
486 2215 570 2253 qua
611 2205 847 2244 Phaedriae
889 2216 997 2255 opus
1028 2207 1117 2254 est;
1152 2206 1340 2254 dumque
1371 2205 1496 2244 illum
1527 2205 1672 2245 solum
1702 2213 1808 2244 mox

238 2281 489 2320 adfuturum
532 2283 769 2330 exspectat,
813 2282 1229 2331 appropinquantem
1271 2292 1372 2321 eum
1404 2291 1505 2321 eum
1537 2281 1673 2321 altero
1703 2289 1808 2320 sene

239 2357 468 2405 conspicit:
518 2357 753 2396 Phaedriae
794 2359 917 2406 pater
958 2359 1036 2408 est,
1081 2368 1184 2397 nam
1217 2359 1262 2397 et
1291 2357 1364 2397 ille
1396 2356 1594 2406 opinione
1625 2355 1807 2396 celerius

238 2442 412 2480 peregre
460 2433 598 2472 rediit.
646 2433 700 2471 Et
746 2433 885 2482 primo
926 2434 1070 2473 subito
1113 2433 1206 2472 eius
1247 2433 1436 2472 adventu
1468 2432 1577 2472 Geta
1606 2433 1804 2482 terrem,

237 2507 312 2545 sed
359 2518 464 2546 mox
506 2508 710 2557 intelligit
756 2519 870 2548 nunc
911 2510 1089 2549 demum
1120 2509 1335 2558 duplicem
1367 2508 1449 2547 sibi
1482 2507 1652 2548 ostendi
1681 2517 1806 2557 spem
1885 2524 1887 2529 ¹

238 2584 280 2621 et
316 2585 516 2632 „petam”
551 2586 639 2631 (ait)

563 2661 664 2700 hinc
694 2662 807 2700 unde
838 2672 864 2700 a
894 2662 1034 2710 primo
1067 2660 1258 2700 institui:
1293 2661 1331 2700 is
1362 2661 1401 2699 si
1432 2660 1518 2709 dat,
1552 2660 1623 2698 sat
1653 2660 1743 2699 esti

445 2736 488 2773 Si
521 2736 572 2774 ab
606 2747 655 2775 eo
687 2737 746 2775 nil
780 2736 865 2786 fiet,
900 2739 995 2776 tum
1028 2737 1142 2776 hunc
1173 2737 1342 2776 adoriar
1372 2736 1602 2784 hospitem.

237 2808 342 2857 Quid
376 2810 456 2847 sibi
490 2811 558 2849 hic
590 2822 748 2850 nomen
776 2813 980 2860 hospes
1007 2812 1242 2851 Phaedriae
1268 2811 1381 2860 patiti
1408 2811 1559 2850 datum
1585 2809 1692 2849 velit
1716 2819 1803 2849 non

235 2887 412 2932 apparet
458 2886 595 2933 primo
643 2889 842 2934 aspectu;
886 2888 961 2926 sed
1002 2887 1140 2935 lepide
1181 2887 1254 2926 illo
1287 2886 1442 2925 Getam
1473 2884 1603 2924 iocari
1634 2884 1802 2933 egregie

211 2955 477 3028 {Scholiasta
524 2960 646 2998 docet
694 2962 960 3000 annotando:
1013 2963 1195 3011 „Astute
1236 2961 1521 3009 hospitem
1564 2960 1616 2998 de
1647 2970 1697 2999 eo
1728 2959 1801 3009 qui
