2034 3334
955 369 1008 410 81

286 494 434 538 Unum
465 495 591 536 etiam
623 494 775 536 addam
804 494 919 550 quod
945 495 983 537 ei
1012 494 1088 550 qui
1116 497 1348 549 utrumque
1363 497 1530 549 poetam
1548 507 1728 550 cognos-

228 585 322 615 cere
365 572 456 614 vult
497 572 673 614 minime
709 571 1131 627 praetermittendum
1161 571 1342 614 videtur.
1373 570 1633 614 Horatianae
1663 571 1729 612 in-

228 648 347 691 sulae
379 648 559 706 utilibus
591 648 721 690 rebus
753 647 984 703 abundant,
1012 647 1168 690 habent
1197 647 1312 703 quod
1329 647 1456 690 edant
1471 647 1596 702 beati,
1614 647 1730 703 quod

229 724 387 779 bibant,
435 728 477 767 et
521 724 688 780 placide
731 725 915 767 dormire
955 727 1159 780 possunt:
1193 725 1317 780 quies
1350 725 1463 766 enim
1495 723 1657 766 habitat
1689 726 1730 766 et

229 802 447 844 securitas.
494 802 554 843 At
593 801 701 843 nihil
741 801 801 843 ibi
831 804 896 844 est
926 800 1041 856 quod
1072 799 1261 855 naribus,
1295 800 1411 856 quod
1444 799 1579 842 oculis
1611 799 1730 841 blan-

229 877 390 931 diatur;
440 876 597 920 absunt
641 877 749 919 varii
794 877 968 932 coloreS,
1014 876 1171 920 absunt
1215 889 1369 919 suaves
1413 876 1577 919 odores.
1618 875 1730 931 Non,

227 954 381 1010 hercle,
429 967 478 997 ea
523 954 714 1010 neglexit
758 953 988 1010 Virgilius:
1035 966 1135 1009 prae
1183 953 1334 995 ceteris
1382 953 1731 995 commemoravit

229 1030 507 1086 laudavitque
537 1029 852 1073 immortalibus
883 1029 999 1072 hisce
1029 1028 1250 1072 versibus:

406 1139 466 1181 At
496 1138 574 1181 tibi
603 1140 752 1195 prima,
782 1151 900 1195 puer,
931 1138 1051 1181 nullo
1085 1136 1348 1180 munuscula
1381 1136 1500 1179 cultu

407 1214 608 1258 Errantes
639 1216 817 1258 hederas
847 1215 1006 1271 passim
1039 1228 1136 1257 cum
1167 1213 1375 1256 bacchare
1406 1213 1534 1256 tellus

409 1291 632 1348 Mixtaque
662 1291 818 1335 ridenti
851 1292 1059 1334 colocasia
1087 1291 1241 1334 fundet
1273 1291 1463 1334 acantho.

230 1354 295 1394 et·
672 1412 901 1466 Assyrium
933 1411 1062 1467 vulgo
1094 1414 1296 1454 nascetur
1328 1423 1558 1466 amomum,

230 1475 292 1514 et·
405 1531 504 1588 Ipsa
534 1532 611 1574 tibi
643 1531 820 1574 blandos
852 1531 1034 1574 fundent
1066 1531 1281 1574 cunabula
1311 1530 1449 1574 flores.

287 1641 405 1683 Nihil
435 1655 535 1685 vero
567 1642 853 1698 praestantius
885 1655 1013 1698 quam
1047 1642 1149 1684 hoc:

405 1751 495 1794 Nec
528 1752 666 1795 varios
700 1751 833 1795 discet
863 1752 1036 1794 mentiri
1066 1751 1164 1793 lana
1198 1750 1373 1806 colores,

406 1827 503 1884 Ipse
535 1828 609 1871 sed
640 1829 684 1870 in
718 1829 847 1884 pratis
881 1829 992 1870 aries
1023 1828 1108 1870 iam
1141 1840 1276 1869 suave
1310 1827 1481 1869 rubenti

406 1904 582 1960 Murice,
611 1905 695 1947 iam
726 1917 873 1947 croceo
906 1904 1088 1946 mutabit
1122 1904 1280 1947 vellera
1315 1904 1431 1957 luto,

407 1981 566 2038 Sponte
598 1995 677 2024 sua
709 1982 879 2036 sandyx
910 1985 1132 2038 pascentes
1165 1982 1317 2024 vestiet
1348 1993 1491 2036 agnos.

290 2090 490 2134 Vidimus
523 2104 621 2147 ergo
650 2104 735 2147 quo
764 2091 888 2133 modo
916 2090 1144 2133 Horatium
1172 2089 1480 2132 commendarit
1507 2089 1729 2144 Virgilius,

231 2168 268 2209 si
299 2168 622 2210 commendavit.
656 2166 774 2218 Quae
804 2167 876 2226 i‘l-le
908 2168 1051 2224 omisit
1081 2167 1295 2222 praeclare
1326 2166 1396 2208 hic
1429 2166 1552 2220 dixit,
1569 2165 1728 2220 quibus

229 2244 301 2287 ille
348 2257 518 2287 versum
564 2245 656 2287 sine
704 2244 789 2286 ullo
833 2245 1068 2286 sententiae
1111 2243 1399 2285 emolumento
1434 2242 1625 2298 explevit
1658 2242 1727 2283 hic

232 2321 386 2375 omisit,
433 2333 542 2375 quae
588 2320 701 2376 apud
747 2320 868 2362 illum
912 2319 1067 2375 frigent
1110 2320 1405 2374 languentque
1452 2318 1566 2373 apud
1614 2318 1730 2359 hunc

232 2397 384 2439 coloris
438 2397 703 2451 luminisque
753 2396 878 2451 plena
925 2399 1037 2438 sunt.
1086 2395 1283 2437 Profecto
1333 2395 1394 2437 sic
1440 2394 1730 2440 commendari

232 2471 430 2524 πολεμίοις
462 2470 531 2514 καὶ
563 2471 712 2525 ἐχθροῖς
745 2470 912 2522 γένοιτ-οἱ

290 2552 361 2594 An
394 2563 492 2606 ergo
525 2549 730 2604 surrepsit
760 2547 938 2590 Horatio
971 2547 1181 2602 Virgilius
1212 2545 1414 2588 flosculos
1448 2545 1607 2601 quibus
1639 2546 1729 2602 ipse

235 2641 364 2670 suum
397 2628 622 2669 exornaret
652 2623 855 2666 carmen?
881 2623 1056 2678 Parum,
1085 2622 1237 2676 hercle,
1255 2621 1457 2664 credibile
1473 2625 1537 2664 est
1554 2621 1729 2664 divitem

233 2704 285 2746 ad
330 2715 558 2760 pauperem
601 2702 769 2743 venisse
809 2699 1012 2753 furatum,
1045 2699 1275 2753 minusque
1306 2697 1384 2740 tibi
1417 2698 1497 2740 hoc
1529 2697 1730 2740 credibile

232 2780 448 2823 videbitur
490 2780 527 2821 si
568 2782 704 2820 totum
746 2789 884 2832 genus
916 2778 1103 2831 poeseos,
1135 2775 1260 2816 cuius
1291 2774 1376 2816 duo
1407 2774 1511 2816 haec
1541 2775 1730 2816 carmina

234 2861 350 2913 sunt,
381 2851 728 2899 consideraveris.
765 2853 867 2895 Tam
898 2853 1012 2895 enim
1045 2853 1121 2907 qui
1151 2851 1326 2894 Saturni
1357 2864 1537 2907 regnum
1569 2851 1728 2892 reditu-

1572 2925 1595 2959 6
