2034 3334
452 0 533 26 ⁶³5⁷·
548 0 946 26 <av>ze-‹r›vsss-Jmssvrfvaqu,
1022 0 1216 31 “frw
1406 16 1409 19 »
1455 11 1463 20 ==
1509 13 1513 20 ·

623 28 642 31 ff
734 25 738 29 ·
773 30 776 33 .
821 25 825 30 ι
1170 30 1198 37 «γ,
1252 25 1253 29 ’
1299 29 1301 31 -
1328 27 1352 38 “J

1015 218 1074 265 88

245 356 322 399 pro
358 342 519 393 siluere,
552 343 649 399 quis
679 356 787 399 puer
815 356 1006 400 unquam
1038 343 1098 387 sic
1123 341 1294 387 locutus
1319 346 1405 388 est:
1442 347 1699 402 „postquam
1724 355 1843 394 mut-

243 426 369 457 mura
409 415 680 469 compressit,
723 418 897 457 tenuere
937 413 1109 458 silentia
1138 412 1340 458 cuncti”?
1372 414 1486 473 quod
1516 427 1691 473 prorsus
1718 413 1838 459 idem

243 488 307 527 est
339 497 387 526 ac
419 485 454 526 si
486 485 582 539 quis
613 483 795 527 diceret:
830 488 1087 542 „postquam
1117 486 1260 528 cuncti
1291 483 1530 547 siluerunt,
1563 486 1707 529 cuncti
1737 483 1839 528 silu-

244 554 412 597 erunt''.
457 553 538 597 Vix
580 556 724 597 minus
754 556 1000 612 ingratum:
1037 569 1290 607 „murmura
1320 555 1619 611 comprmit—
1639 555 1839 600 substitit

243 629 294 667 ut
339 623 500 668 clamor
534 624 740 679 pressu-9⁹2
782 625 852 669 vel
893 625 1059 669 duobus
1101 627 1296 670 versibus
1336 630 1436 684 post
1474 626 1592 670 istud
1635 623 1839 678 „tenuere

241 694 436 737 silentia''
464 697 625 738 iterum
654 696 847 747 ‚fidentia
874 696 1036 753 rupit’'.
1069 697 1124 740 Et
1150 711 1280 754 quam
1306 697 1539 742 ridiculum
1554 697 1696 741 istud:
1713 700 1839 755 grata

243 764 327 808 fuit
357 765 433 808 illa
460 765 554 809 Iovi
581 768 737 822 pietas,
766 781 869 824 ergo
899 798 1030 811 .....
1058 769 1206 811 statim
1235 782 1460 812 murmura
1482 767 1606 812 illam
1631 770 1838 826 pietatem

245 837 447 879 testantia
489 839 753 893 compressit.
801 837 859 880 Et
899 839 1013 881 inter
1054 838 1306 896 Augustum
1344 838 1576 895 Iovemque
1616 837 1731 897 quod
1773 841 1840 883 est

242 905 373 956 illud,
418 907 530 963 quod
571 909 715 958 aiunt,
758 909 936 950 tertium
971 906 1328 964 comparationis?
1359 908 1559 952 Etiamne
1587 910 1838 967 Augustus,

243 975 513 1033 simulatque
533 983 778 1022 senatorum
803 980 894 1035 pias
921 978 1249 1023 exclamationes
1276 979 1419 1030 audit,
1447 984 1584 1023 tacere
1608 994 1679 1023 eos
1692 976 1840 1023 iubet?

243 1048 355 1091 Nam
389 1049 501 1105 quod
533 1048 765 1092 Ehwaldus
798 1064 874 1106 pro
906 1054 1059 1092 tuorum
1090 1055 1148 1092 eet
1179 1050 1314 1094 edidit
1345 1055 1500 1093 tuorum
1531 1050 1661 1103 (unde
1691 1053 1839 1094 autem

245 1119 399 1162 habeat
445 1119 562 1162 istud
606 1134 628 1163 e
672 1119 792 1162 nulla
838 1126 1014 1177 apparet
1060 1123 1332 1164 annotatione
1373 1123 1539 1175 critica)
1581 1124 1840 1178 anuotatque

248 1189 426 1246 „supple
465 1191 607 1247 suit'’‚
655 1195 840 1248 augetur
887 1192 948 1234 sic
995 1190 1207 1235 molestia.
1254 1191 1367 1234 Nam
1408 1191 1601 1249 quando,
1638 1190 1709 1235 vel
1738 1191 1839 1244 ubi,

246 1261 473 1317 Augustus
516 1275 616 1318 prae
658 1263 809 1305 ceteris
848 1261 971 1304 illam
1010 1262 1062 1304 ob
1095 1260 1287 1306 Caesaris
1318 1276 1464 1305 necem
1497 1261 1839 1320 indignationem

246 1331 382 1374 oculis
424 1333 513 1374 suis
553 1332 663 1375 vidit
694 1337 735 1375 et
768 1334 942 1375 auribus
973 1331 1168 1376 audivit?
1201 1332 1249 1375 In
1283 1331 1514 1376 senatune?
1546 1333 1658 1376 Nam
1690 1335 1842 1376 senatu

247 1403 398 1458 utique
435 1415 542 1458 opus
583 1406 668 1453 est,
702 1404 738 1445 si
771 1402 920 1446 Iovem
951 1404 995 1445 in
1027 1417 1104 1446 suo
1137 1403 1355 1446 sedentem
1387 1402 1566 1447 concilio
1596 1415 1841 1460 comparare

247 1473 315 1514 vis
342 1486 441 1515 cum
469 1473 668 1529 Augusto
694 1475 741 1515 in
768 1487 845 1516 suo
868 1473 1046 1517 concilio
1063 1473 1247 1517 sedente.
1276 1473 1359 1517 Sed
1376 1487 1507 1530 quam
1521 1474 1839 1531 intempestive,

248 1542 323 1584 ubi
372 1542 423 1585 de
470 1544 596 1586 caede
644 1542 835 1588 Caesaris
882 1546 1041 1602 agitur,
1094 1548 1316 1600 tamquam
1370 1544 1616 1601 exemplum
1668 1545 1842 1602 pietatis

247 1618 608 1656 commemoratur
634 1619 828 1665 senatus,
856 1616 978 1657 cuius
1006 1615 1112 1658 bona
1135 1629 1232 1671 pars
1258 1629 1301 1658 se
1327 1613 1520 1658 Caesaris
1541 1618 1845 1659 cruentaverat

246 1684 467 1738 sanguine.
511 1683 575 1726 Ne
617 1684 778 1726 multa:
812 1684 904 1727 dele
938 1699 1087 1727 versus
1121 1684 1361 1727 204—206
1393 1685 1499 1738 (Nec
1531 1685 1610 1728 tibi
1639 1689 1840 1743 grata—

245 1752 416 1795 silentia
457 1756 631 1805 cuncti),
675 1768 749 1810 pro
779 1754 894 1805 loco,
926 1768 1055 1810 quem
1089 1757 1308 1811 scripsisse
1340 1769 1523 1812 puerum
1555 1755 1736 1812 pudeat,
1769 1755 1842 1799 ha-

246 1823 362 1866 bebis
407 1823 551 1866 locum
598 1824 751 1868 Ovidio
794 1825 989 1882 dignum.
1031 1825 1168 1868 Solito
1211 1840 1279 1869 me
1321 1826 1591 1869 audaciorem
1633 1826 1704 1870 hic
1749 1840 1840 1870 esse

245 1895 407 1936 sentio:
457 1894 629 1937 videant
676 1909 780 1952 ergo
828 1897 1037 1939 cautiores
1084 1910 1167 1952 quo
1217 1896 1342 1939 modo
1389 1897 1491 1939 haec
1531 1898 1576 1939 in
1618 1898 1841 1955 integrum

243 1966 495 2016 restituant3
525 1965 687 2021 aliquid
714 1970 825 2008 certe
853 1966 1106 2009 tentandum
1132 1980 1222 2009 esse
1250 1967 1359 2009 mihi
1386 1971 1553 2010 constat
1580 1971 1623 2010 et
1649 1968 1842 2011 constitit

246 2035 470 2079 Merkelio.

306 2179 394 2221 202
549 2180 796 2222 Attonitum
828 2184 946 2223 tanto
977 2181 1142 2224 subitae
1175 2185 1334 2224 terrore
1366 2183 1512 2224 ruinae

244 2250 488 2306 nescioquid
521 2251 649 2293 habet
680 2250 875 2308 languidi
885 2265 895 2303 ;
927 2266 1026 2294 cum
1059 2251 1147 2294 cod.
1182 2261 1208 2293 λ
1240 2251 1381 2294 multo
1413 2251 1562 2294 malim
1596 2250 1760 2309 legere:

548 2322 793 2364 Attonitum
828 2326 971 2364 tantae
1003 2322 1143 2365 subito
1176 2326 1333 2365 terrore
1365 2324 1512 2365 ruinae

245 2404 345 2433 nam
377 2392 638 2446 improvisus
670 2391 752 2434 fuit
780 2397 922 2443 terror,
956 2398 999 2435 et
1028 2394 1182 2449 ing-ens
1214 2392 1348 2435 ruina.

310 2530 396 2572 233
414 2546 501 2587 sqq.
535 2531 706 2588 Lupus,
739 2533 784 2574 in
813 2547 941 2588 quem
968 2533 1138 2589 Lycaon
1170 2535 1448 2583 convertitur,
1477 2536 1536 2577 sic
1563 2534 1835 2578 describitur:

431 2601 637 2643 Exululat
666 2603 908 2658 frustraque
939 2602 1059 2659 loqui
1089 2609 1287 2646 conatur:
1320 2605 1372 2647 ab
1403 2606 1496 2661 ipso

430 2669 609 2728 Colligit
641 2686 686 2714 os
717 2674 903 2724 rabiem,
937 2673 1171 2730 solitaeque
1201 2675 1401 2731 cupidine
1433 2674 1571 2717 caedis

432 2740 623 2783 Vertitur
653 2745 696 2784 in
728 2743 909 2798 pecudes
940 2749 983 2786 et
1014 2759 1125 2787 nunc
1156 2759 1322 2801 quoque
1353 2747 1562 2802 sanguine
1591 2744 1765 2801 gaudet.

430 2811 477 2851 In
513 2811 635 2854 villos
667 2814 823 2856 abeunt
855 2818 1018 2866 vestes,
1051 2817 1095 2857 in
1129 2830 1253 2859 crura
1283 2815 1454 2866 lacerti,

432 2879 621 2924 Canities
653 2883 799 2926 eadem
831 2889 893 2926 est
926 2885 1070 2927 eadem
1105 2886 1310 2929 violentia
1341 2885 1489 2928 vultus

431 2949 547 2992 Idem
581 2952 693 2994 oculi
723 2953 890 3004 lucent,
923 2955 1068 2997 eadem
1102 2956 1284 2999 feritatis
1314 2957 1472 3011 imago.
