2034 3334
1007 368 1089 409 126

258 495 407 545 putavi
449 495 549 544 quia
589 494 813 534 doctorum
844 495 1016 534 mentes
1047 504 1176 544 saepe
1207 496 1440 545 occupatas
1469 495 1595 535 video
1625 493 1829 546 supersti-

258 571 375 611 tione
409 570 608 620 quadam,
643 580 774 619 quam
806 570 943 610 nimia
972 570 1138 620 peperit
1169 569 1420 620 disciplinae
1450 569 1831 621 palaeographicae

258 647 644 697 diplomaticaeque
671 646 914 686 admiratio.
943 646 1068 686 Haud
1096 656 1192 686 raro
1224 668 1272 673 ---
1303 647 1432 696 atque
1448 646 1494 686 in
1509 646 1650 697 poetis
1664 645 1832 687 Latinis

258 723 510 772 plerumque
567 722 608 761 id
655 721 811 761 accidit
848 743 896 749 —
933 722 1271 762 venustissimae
1315 722 1524 763 lectiones
1569 722 1832 773 spernuntur

258 799 339 838 hoc
384 798 527 837 solum
574 799 843 848 argumento,
892 798 1004 847 quod
1050 797 1095 838 in
1141 798 1358 838 codicibus
1403 799 1603 849 legantur
1648 792 1832 849 quorum

257 875 400 915 minor
445 874 504 914 sit
550 874 799 924 auctoritas,
843 875 1039 915 codicum
1080 885 1184 915 vero
1225 875 1499 915 vetustorum
1545 875 1696 926 aperta
1723 874 1834 915 vitia

258 952 334 991 aut
375 952 593 991 mordicus
635 952 887 1002 retinentur,
931 953 1019 1002 aut,
1063 951 1105 991 id
1137 952 1175 992 si
1206 962 1382 1002 prorsus
1412 950 1505 991 fieri
1535 951 1697 1003 nequit,
1730 960 1832 992 cum

258 1028 398 1068 multo
430 1028 585 1067 sudore
617 1029 746 1077 atque
778 1028 922 1067 labore
955 1028 1226 1077 excogitatur
1258 1028 1419 1077 aliquid
1452 1028 1564 1078 quod
1588 1022 1829 1078 literarum,

259 1114 367 1153 quas
398 1105 442 1143 hi
474 1105 692 1155 praebent,
727 1105 786 1144 sit
817 1114 948 1154 quam
981 1103 1270 1144 simillimum.
1300 1104 1382 1144 Sed
1409 1104 1472 1144 ita
1497 1103 1570 1154 qui
1596 1104 1732 1155 agunt
1745 1113 1834 1144 non

258 1181 532 1230 perspexisse
573 1180 775 1220 videntur
814 1191 943 1220 veras
974 1180 1300 1220 emendationes
1330 1181 1484 1230 sponte
1516 1190 1564 1220 se
1594 1179 1748 1221 offerre
1778 1179 1830 1231 ei,

259 1257 330 1306 qui
362 1257 497 1297 libera
528 1259 675 1297 mente
707 1258 778 1296 diu
811 1257 1085 1306 multumque
1118 1257 1161 1296 in
1193 1257 1336 1306 aliquo
1367 1258 1495 1306 poeta
1524 1256 1594 1296 vel
1625 1256 1834 1307 scriptore

259 1334 315 1372 sit
356 1336 570 1383 versatus,
614 1343 699 1373 non
742 1333 903 1372 invitas
943 1332 1148 1383 protrahi,
1186 1333 1368 1372 minime
1399 1343 1502 1372 vero
1533 1342 1590 1372 ex
1620 1333 1832 1383 corrupte-

259 1409 400 1449 larum
447 1410 567 1449 nasci
615 1410 917 1460 permixtione.
962 1409 1092 1449 Plura
1132 1410 1184 1449 de
1226 1410 1307 1450 hac
1338 1420 1384 1449 re
1415 1409 1499 1449 dici
1529 1409 1724 1460 possunt,
1755 1407 1833 1448 sed

260 1486 312 1525 ad
344 1486 614 1535 propositum
646 1487 835 1525 transeo.

319 1563 450 1602 Andr.
494 1563 526 1613 I,
565 1564 600 1612 1,
638 1564 675 1601 1.
718 1563 899 1609 Abite]
948 1562 1232 1611 „concitatius
1272 1562 1502 1612 legendum
1545 1562 1624 1612 est,
1658 1560 1760 1611 quia
1789 1561 1835 1601 et

259 1639 554 1688 respectantes
595 1640 826 1687 properant
867 1639 910 1677 et
951 1638 1157 1678 discernit
1192 1649 1219 1678 a
1250 1638 1415 1678 Sosia.”
1447 1637 1589 1678 Verba
1619 1638 1831 1687 corrupta,

260 1725 397 1763 neque
428 1714 567 1754 multo
594 1716 789 1764 praestat
805 1715 915 1763 quod
933 1714 1163 1753 Klotziana
1178 1714 1309 1754 habet
1329 1714 1706 1763 properanter
1731 1713 1832 1753 dis-

261 1789 445 1829 cernit
478 1793 567 1839 (pro
599 1801 669 1840 pr.
705 1792 757 1830 et
789 1790 960 1836 disc.):
994 1790 1095 1838 quid
1122 1790 1239 1829 enim
1266 1790 1382 1829 istud
1399 1787 1642 1839 significare
1657 1789 1834 1839 potest?

260 1866 419 1905 Veram
450 1866 683 1905 lectionem
714 1876 842 1905 nemo
875 1865 1153 1915 praestiterit.
1187 1866 1280 1905 Hoc
1305 1876 1442 1905 unum
1470 1866 1638 1905 certum
1663 1865 1835 1905 videtur

259 1952 335 1991 pro
366 1944 675 1991 properant
707 1942 864 1991 requiri
896 1942 1016 1981 verbi
1048 1942 1160 1990 quod
1193 1941 1527 1991 increpandi
1558 1941 1650 1981 vim
1675 1940 1835 1981 habeat

259 2018 491 2067 singularis
547 2018 716 2058 numeri
772 2019 949 2058 tertiam
1005 2028 1249 2067 personam.
1298 2019 1366 2057 An
1411 2018 1522 2058 forte
1566 2017 1835 2068 properat

260 2094 502 2144 legendum,
531 2097 581 2134 ut
606 2105 912 2144 properare
939 2105 1118 2134 sensum
1146 2094 1330 2144 accipiat
1357 2094 1550 2134 activum
1577 2094 1719 2142 sitque
1744 2093 1834 2133 fere

260 2170 375 2209 idem
409 2181 459 2210 ac
490 2172 726 2220 urgere?

322 2248 360 2286 2.
404 2247 628 2286 Dictum
670 2249 817 2296 puta]
857 2247 949 2297 „Ad
980 2247 1062 2286 hoc
1093 2247 1323 2296 respondet
1353 2247 1402 2286 ut
1434 2246 1503 2295 agi
1535 2255 1606 2285 res
1636 2245 1835 2286 videatur

261 2323 627 2372 quemadmodum
669 2334 799 2382 supra
835 2323 1070 2363 diximus.”
1105 2324 1219 2362 Sana
1249 2323 1356 2362 haec
1387 2322 1599 2372 videntur,
1632 2321 1709 2361 sed
1739 2331 1832 2362 sen·

260 2400 444 2438 tentiam
492 2400 784 2440 obscuriorem
831 2400 1015 2440 reddidit
1061 2400 1177 2439 istud
1220 2399 1282 2439 ad
1315 2399 1436 2448 hoc,
1471 2398 1582 2447 quod
1612 2397 1691 2437 vix
1720 2397 1832 2438 Lati·

261 2486 366 2514 num
409 2476 488 2514 est.
531 2476 624 2515 Hoc
664 2476 802 2516 voluit
848 2476 1053 2525 scriptor:
1091 2475 1229 2525 „quod
1261 2475 1331 2514 hic
1361 2473 1538 2514 omnino
1569 2473 1740 2523 aliquod
1770 2483 1832 2514 re-

261 2562 470 2600 sponsum
498 2552 620 2591 Sosia
647 2552 892 2602 interponit,
922 2552 966 2591 in
993 2562 1044 2591 ea
1065 2562 1111 2591 re
1137 2551 1385 2600 agnoscitur
1411 2551 1563 2599 poetae
1589 2549 1831 2602 consilium,
1855 2539 1858 2541 Δ

262 2627 333 2674 qui
366 2638 457 2666 rem
491 2628 572 2677 agi,
607 2639 691 2667 non
724 2639 749 2667 a
780 2629 872 2668 solo
905 2628 1079 2668 Simone
1112 2627 1278 2667 narrari
1308 2626 1488 2665 voluit.'’
1522 2626 1659 2676 Supra
1684 2627 1833 2667 autem

262 2704 367 2742 haec
414 2704 528 2742 dicta
573 2707 697 2743 sunt:
746 2705 878 2754 „haec
919 2715 1049 2744 scena
1080 2715 1155 2753 pro
1187 2703 1433 2752 argumenti
1464 2703 1711 2743 narratione
1740 2711 1831 2753 pro-

262 2779 445 2827 ponitur,
476 2780 517 2818 in
546 2791 627 2828 qua
655 2781 937 2819 fundamenta
963 2780 1134 2820 fabulae
1160 2780 1386 2829 iaciuntur,
1414 2780 1463 2818 ut
1490 2778 1651 2818 virtute
1665 2779 1831 2828 poetae,
1859 2832 1869 2839 ‘
1950 2763 1956 2768 ¹
2021 2800 2024 2807 ,

262 2854 355 2893 sine
388 2855 524 2893 officio
557 2856 718 2904 prologi
751 2856 819 2894 vel
852 2859 960 2894 θεῶν
993 2853 1072 2894 ἀπὸ
1104 2860 1282 2906 μηχανῆς
1314 2856 1358 2894 et
1388 2854 1636 2904 periocham
1667 2862 1831 2893 comoe-

263 2931 356 2969 diae·
390 2931 569 2979 populus
603 2934 748 2970 teneat
781 2935 823 2970 et
856 2943 924 2970 res
956 2933 1025 2980 agi
1057 2932 1199 2980 magis
1231 2941 1361 2979 quam
1395 2931 1558 2970 narrari
1591 2929 1831 2969 videatur.”
