2034 3334
6 588 9 589 ,
0 246 14 562 κυ-μαιυιρειιυνππινέψ-ῗ“”
0 189 10 227 *7*
0 110 13 161 “⁴¹25

988 288 1042 332 17

280 411 366 455 335
398 413 708 463 Promeritam,
741 426 817 455 nec
848 426 918 454 me
950 413 1198 455 meminisse
1230 411 1244 470 Ι
1275 413 1441 469 pigebit
1472 411 1648 455 Elissae.

282 483 368 526 346
400 483 571 526 Italiam
602 483 759 541 Lyciae
791 485 952 526 iussere
984 482 999 541 Ι
1028 498 1244 539 capessere
1277 488 1425 526 sortes.

282 553 368 598 437
402 554 576 597 Talibus
610 555 779 605 orabat,
814 554 995 610 talisque
1027 552 1041 612 Ι
1073 555 1292 596 miserima
1323 554 1461 596 fletus.

280 624 367 667 485
401 625 515 677 Quae
547 625 674 667 dabat
705 629 747 667 et
779 639 918 668 sacros
949 626 1143 668 servabat
1175 623 1189 682 Ι
1219 627 1262 667 111
1295 625 1442 667 arbore
1474 638 1627 667 ramos.

282 694 366 737 521
402 694 539 739 Curae
570 709 730 738 numen
762 695 891 738 habet
920 697 1170 751 iustumque
1203 694 1217 753 Ι
1249 709 1495 751 memorque
1526 697 1733 751 precatur.

283 765 369 808 559
401 766 458 808 Et
490 768 625 809 crines
656 766 788 809 flavos
821 770 865 808 et
894 766 1085 808 membra
1116 764 1130 823 Ι
1162 765 1308 808 decora
1341 767 1531 808 iuventa.

284 835 368 879 561
402 837 490 880 Nec
521 851 628 893 quae
658 841 699 879 te
731 838 891 879 circum
923 840 1037 879 stent
1066 836 1215 879 deinde
1247 834 1262 895 Ι
1292 836 1480 892 pericula
1511 837 1658 878 cernis.

285 906 370 950 626
403 906 484 959 Qui
516 907 606 950 face
638 906 870 949 Dardanios
902 907 1096 963 ferroque
1127 905 1141 964 Ι
1172 920 1347 963 sequare
1379 906 1563 950 colonos.

283 977 369 1020 636
401 977 458 1019 Et
489 977 668 1034 pecudes
699 991 843 1020 secum
875 981 917 1019 et
949 980 1186 1020 monstrata
1217 976 1231 1035 Ι
1260 977 1428 1033 piacula
1460 977 1598 1020 ducat.

282 1047 370 1090 650
401 1047 686 1104 Incubuitque
719 1052 812 1091 toro
847 1048 1039 1104 dixitque
1072 1046 1086 1106 Ι
1117 1049 1352 1091 novissima
1383 1048 1524 1092 verba.

282 1118 366 1162 651
401 1118 557 1161 Dulces
589 1120 768 1162 exuviae
800 1119 905 1160 dum
936 1119 1023 1161 fata
1054 1117 1068 1176 Ι
1100 1119 1287 1175 deusque
1319 1119 1494 1161 sinebat.

283 1189 369 1232 695
403 1189 518 1242 Quae
548 1189 782 1232 luctantem
814 1191 1002 1232 animam
1035 1204 1248 1246 nexosque
1282 1188 1296 1248 Ι
1328 1189 1557 1232 resolveret
1589 1191 1719 1231 artus.

281 1259 391 1302 Nam
426 1259 752 1315 praetereundos
784 1259 983 1303 videbam
1010 1259 1154 1311 hosce,
1183 1261 1320 1316 specie
1347 1261 1486 1316 magis
1509 1273 1638 1315 quam
1665 1272 1812 1302 revera

219 1335 315 1387 post
347 1334 550 1386 quartum
581 1331 828 1373 trochaeum
860 1332 1038 1373 incisos:

314 1399 368 1442 41
402 1401 458 1443 Et
490 1400 702 1443 Numidae
732 1401 886 1444 infreni
917 1403 1098 1458 cingunt
1127 1404 1170 1444 et
1202 1399 1216 1459 Ι
1245 1401 1461 1457 inhospita
1491 1401 1645 1458 Syrtis.

315 1470 371 1513 52
403 1471 519 1513 Dum
553 1470 706 1528 pelago
739 1471 926 1514 desaevit
959 1472 1126 1528 hiemps
1158 1475 1201 1514 et
1232 1470 1247 1530 Ι
1278 1486 1463 1527 aquosus
1496 1470 1639 1514 Orion.

285 1541 370 1584 132
403 1541 670 1599 Massylique
701 1546 833 1584 ruunt
864 1543 1028 1598 equites
1060 1545 1103 1584 et
1134 1540 1148 1599 Ι
1179 1542 1305 1584 odora
1338 1556 1492 1585 canum
1524 1543 1603 1584 vis.

283 1611 371 1654 458
404 1611 612 1669 Coniugis
644 1614 831 1669 antiqui,
865 1614 976 1655 miro
1010 1612 1121 1669 quod
1153 1611 1168 1670 Ι
1198 1613 1354 1655 honore
1387 1612 1563 1655 colebat.

282 1682 366 1726 Hic
398 1697 499 1740 ergo
533 1697 704 1734 versus,
737 1684 817 1726 hoc
848 1685 1026 1726 crimine
1056 1684 1253 1735 notandi,
1288 1687 1386 1726 sunt
1411 1685 1523 1725 inter
1549 1681 1606 1725 27
1634 1683 1809 1740 singuli.

222 1753 280 1796 Et
305 1758 405 1797 sunt
430 1753 604 1810 quidem
630 1755 742 1796 inter
767 1768 836 1797 eos
864 1754 927 1796 bis
955 1754 1044 1796 bini
1071 1754 1266 1811 deinceps
1292 1756 1422 1810 positi
1438 1754 1513 1807 (58
1531 1768 1589 1810 sq.
1611 1754 1697 1797 650
1716 1759 1809 1810 sq.)‚

222 1824 295 1867 sed
327 1823 459 1867 semel
488 1826 600 1867 inter
631 1825 736 1867 duos
768 1839 916 1867 versus
949 1839 1121 1867 caesura
1145 1826 1228 1867 ista
1254 1824 1493 1868 laborantes
1522 1824 1627 1877 (346
1647 1830 1688 1868 et
1705 1825 1810 1879 436)

220 1895 440 1948 nonaqinta
479 1895 749 1938 intercedunt
792 1909 942 1939 versus
975 1897 1092 1938 omni
1122 1895 1215 1938 labe
1247 1897 1347 1952 puri
1378 1900 1480 1948 (tres
1513 1896 1598 1939 fere
1630 1898 1810 1953 paginae

220 1964 568 2019 Teubnerianae).
610 1965 752 2022 Igitur
792 1965 863 2008 vel
906 1966 1140 2008 Armorum
1180 1966 1343 2009 Iudicio
1386 1966 1594 2010 Ovidiano
1626 1967 1707 2009 hoc
1738 1981 1810 2009 no-

220 2037 335 2078 mine
367 2038 544 2090 quartus
577 2035 787 2078 Aeneidos
817 2035 925 2078 liber
956 2039 1155 2091 praestat.

281 2106 374 2161 Age
405 2107 493 2147 iam
524 2119 623 2147 cum
654 2104 954 2161 pulcherrimis
987 2106 1053 2147 his
1085 2108 1549 2161 praestantissimorum
1583 2111 1807 2163 poetarum

219 2175 324 2219 locis
366 2177 711 2218 exercitationem
743 2189 1038 2232 comparemus
1071 2175 1399 2227 adolescentuli,
1432 2179 1506 2232 qui
1537 2181 1603 2219 sat
1634 2178 1807 2233 quidem

218 2246 323 2288 bene
365 2245 571 2288 Ovidium
613 2260 741 2288 suum
787 2250 928 2288 teneat
959 2250 1002 2288 et
1032 2247 1196 2288 imitari
1230 2246 1449 2297 didicerit,
1483 2247 1556 2289 sed
1588 2262 1807 2303 nunquam

219 2330 267 2359 eo
315 2317 555 2371 pervenerit
600 2320 650 2358 ut
696 2318 783 2358 suis
830 2320 914 2358 stet
956 2316 1134 2372 pedibus
1178 2320 1221 2359 et
1261 2317 1446 2372 proferat
1490 2316 1652 2373 aliquid
1696 2318 1809 2373 quod

218 2386 434 2444 legentem
464 2388 640 2443 gravius
671 2393 940 2429 commoveat
972 2386 1260 2442 detineatque3
1294 2389 1356 2429 ita
1389 2389 1532 2429 omnia
1563 2387 1675 2443 apud
1708 2402 1808 2430 eum

221 2461 322 2499 sunt
362 2456 567 2513 languida
598 2456 859 2512 frigidaque;
893 2457 1116 2512 improbus
1148 2456 1268 2499 labor
1299 2460 1492 2512 poetam,
1525 2458 1732 2513 quidquid
1762 2459 1808 2499 in

221 2531 389 2583 pectore
429 2526 580 2569 habuit
622 2526 780 2569 ardoris
821 2527 1068 2582 vigorisque
1112 2552 1168 2558 —
1210 2528 1247 2569 si
1288 2527 1523 2583 quidquam
1567 2528 1717 2570 habuit
1751 2554 1807 2560 —-

222 2598 289 2638 uti
328 2610 377 2639 eo
419 2597 572 2639 vetuit.
617 2594 964 2639 Consolationem
997 2595 1049 2638 ad
1081 2596 1251 2639 Liviam
1284 2597 1398 2648 dico,
1433 2599 1522 2640 sive
1554 2597 1806 2654 Epicedium

219 2665 363 2708 Drusi.
397 2666 474 2708 Est
506 2666 644 2723 elegia
676 2665 762 2708 237
791 2665 1085 2708 distichorum.
1118 2667 1223 2709 Eius
1250 2668 1296 2709 hi
1323 2672 1422 2709 sunt
1449 2668 1686 2711 hexametri
1712 2673 1808 2725 post

219 2741 420 2791 quartum
454 2737 698 2779 trochaeum
730 2738 873 2778 incisi:

343 2805 368 2847 5
401 2806 488 2848 Nec
521 2811 596 2848 tua
629 2820 671 2848 se
704 2808 839 2861 pietas
871 2805 1074 2848 distendit
1105 2804 1120 2863 Ι
1153 2820 1294 2849 amore
1326 2807 1521 2850 duorum.

312 2874 368 2917 33
401 2875 538 2919 Obvia
569 2876 815 2932 progrediar
845 2875 1032 2931 felixque
1065 2875 1079 2933 Ι
1110 2890 1184 2932 per
1216 2877 1370 2932 oppida
1402 2877 1530 2920 dicar.
1674 2881 1807 2933 [sam.

311 2944 366 2988 37
407 2946 620 2988 Gaudia
645 2961 779 2987 vana
800 2947 982 3001 foves:
1014 2960 1147 2999 spem
1172 2945 1812 3005 pone‚lmiserrima‚fal.

315 3014 368 3056 61
404 3015 513 3057 Ille
545 3016 704 3069 vigil,
737 3031 925 3057 summa
956 3030 1107 3057 sacer
1137 3016 1252 3070 ipse
1286 3015 1299 3074 Ι
1342 3017 1556 3059 locatae
1588 3018 1642 3059 in
1675 3034 1807 3061 aree.

1595 3097 1616 3129 2
