2034 3334
970 327 993 367 7

201 461 296 491 esse
328 452 555 492 observata
586 452 746 492 sentire
777 452 885 492 mihi
917 453 1074 502 videor,
1106 453 1401 492 demonstrare
1427 461 1499 490 me
1525 461 1611 490 non
1637 460 1762 499 posse

201 531 317 569 certo
350 530 450 569 scio.
485 530 699 569 Lubenter
730 532 878 569 tamen
909 541 1008 569 mea
1039 530 1148 569 facio
1180 530 1312 569 verba
1345 529 1459 568 eius:
1492 529 1562 578 „et
1588 529 1762 567 tunc...

200 616 328 654 supra
374 605 525 655 dixit'’,
575 616 682 654 quae
730 606 998 645 callidissimi
1040 607 1090 645 de
1134 607 1224 644 arte
1268 605 1432 644 comica
1474 604 1625 643 iudicis
1667 613 1763 643 esse

200 692 364 721 censeo.
417 682 470 720 Et
517 692 779 730 quamquam
826 683 877 721 de
924 682 1132 721 eiusmodi
1180 682 1307 720 rebus
1354 681 1479 720 aliter
1525 680 1764 719 sentientes

198 768 325 797 nemo
368 757 496 796 certis
538 757 674 806 signis
715 758 1066 806 argumentisque
1104 757 1343 807 convincat,
1377 757 1491 795 haud
1523 757 1672 794 tamen
1703 755 1762 794 in-

199 833 373 872 firmum
416 834 566 872 adesse
600 833 865 872 Scholiastae
897 834 1067 872 videtur
1099 833 1409 871 adminiculum
1442 832 1486 870 in
1518 841 1648 870 versu
1681 831 1760 870 83:

199 911 362 954 (vereor
392 919 445 948 ne
477 909 581 947 illud
613 909 788 958 gravius
819 909 1028 948 Phaedria
1058 909 1219 955 tulerit)

595 984 712 1034 Quod
743 985 836 1024 heri
868 984 1144 1024 intromissus
1176 995 1262 1023 non
1294 986 1371 1034 est,

199 1060 252 1099 ad
294 1070 401 1108 quae
443 1061 617 1100 Thaidis
659 1061 790 1100 verba
831 1061 921 1110 ipse
964 1060 1213 1109 adscripsit:
1261 1061 1393 1110 „haec
1434 1061 1584 1110 levius,
1628 1061 1676 1099 ut
1713 1061 1764 1098 de

198 1136 311 1175 facto
358 1147 434 1175 suo
481 1137 701 1185 loquens”.
750 1136 833 1176 Cur
879 1138 1026 1175 autem
1072 1136 1212 1175 levius
1260 1137 1311 1175 de
1359 1147 1435 1175 suo
1477 1137 1590 1175 facto
1632 1120 1790 1174 Thais'

197 1212 406 1263 loquatur,
447 1223 521 1252 cur
553 1214 852 1252 crudelitatem
883 1224 1009 1252 suam
1041 1213 1127 1252 leni
1158 1213 1365 1252 vocabulo
1391 1213 1575 1263 mitiget,
1605 1213 1689 1252 nisi
1716 1224 1762 1252 50

198 1298 224 1327 a
264 1289 474 1328 Phaedria
515 1290 651 1329 audiri
692 1291 846 1339 putet?
883 1291 964 1329 Sed
996 1290 1221 1328 videamus
1253 1301 1361 1339 quae
1394 1292 1642 1339 sequuntur.
1677 1290 1762 1328 Vix

197 1364 303 1403 haec
349 1365 516 1404 elocuta
563 1367 630 1404 est
675 1366 805 1404 Thais
853 1376 960 1414 quae
1014 1366 1140 1405 modo
1188 1365 1432 1416 afferebam,
1479 1377 1577 1405 curn
1619 1377 1666 1405 se
1709 1367 1760 1405 ad

197 1439 452 1479 Phaedriam
485 1441 697 1480 convertit
727 1441 796 1479 his
827 1441 992 1480 verbis:

671 1517 809 1566 ehem,
843 1518 922 1556 tun
952 1517 1022 1556 hic
1055 1528 1162 1567 eras,
1197 1517 1259 1556 mi
1292 1517 1533 1556 Phaedria?

494 1593 600 1642 Quid
632 1594 779 1632 stabas
810 1594 911 1632 hic?
944 1604 1048 1642 quor
1079 1604 1165 1634 non
1195 1594 1307 1632 intro
1339 1594 1463 1632 ibas?

199 1668 268 1707 Sic
299 1679 411 1708 nunc
442 1669 486 1707 in
518 1669 777 1708 editionibus
808 1669 986 1718 legitur3
1021 1669 1124 1709 olim
1156 1670 1398 1718 legebatur:

434 1744 540 1794 Quid
571 1744 641 1783 hic
672 1745 851 1784 stabas?
885 1755 958 1784 cur
989 1755 1075 1784 non
1106 1746 1224 1784 recta
1256 1745 1495 1784 introibas‘?
1639 1729 1776 1818 Ὗ

197 1819 262 1858 Ad
305 1830 412 1867 quae
452 1821 584 1860 verba
625 1821 865 1861 Scholiasta
897 1822 1122 1861 adscribit:
1160 1822 1317 1872 „Quasi
1347 1832 1501 1870 parurn
1531 1822 1660 1860 fuerit
1692 1822 1759 1860 in-

198 1895 428 1945 troibas,
472 1896 580 1934 satis
620 1897 730 1935 mire
762 1897 956 1936 additum
987 1899 1185 1936 recta.”
1218 1897 1348 1936 Vides
1381 1899 1539 1946 quanto
1571 1900 1762 1946 praestet

199 1969 375 2018 antiqua
405 1972 632 2019 spretaque
662 1972 789 2011 lectio
822 1973 984 2011 recenti
1015 1973 1313 2021 probataeque.
1348 1973 1425 2012 Illo
1458 1973 1574 2011 enim
1605 1975 1762 2013 recta

199 2045 444 2085 dissimulat
475 2046 604 2085 Thais
634 2058 824 2095 unquam
857 2048 1089 2096 quidquam
1121 2049 1341 2088 obstitisse
1374 2050 1603 2097 quominus
1635 2051 1762 2089 aedes

198 2132 299 2161 suas
340 2122 521 2161 intraret
561 2122 784 2162 Parmeno.
830 2123 910 2162 Sed
952 2123 1079 2162 mitto
1122 2124 1223 2172 hoc;
1261 2135 1397 2163 unum
1441 2126 1574 2163 etiam
1606 2137 1760 2165 moneo

197 2197 414 2249 lectorem,
452 2199 525 2238 ubi
556 2199 750 2248 impense
781 2199 955 2238 laudare
986 2200 1093 2239 velit
1126 2200 1366 2239 Scholiasta
1398 2201 1586 2240 Terentii
1617 2202 1760 2252 verba,

198 2275 341 2324 ipsum
367 2274 471 2314 illud
493 2275 744 2314 adverbium
760 2275 922 2325 mire,
943 2286 1023 2324 quo
1042 2278 1085 2315 et
1101 2276 1170 2314 hic
1187 2276 1334 2326 utitur,
1356 2277 1407 2315 ab
1426 2288 1474 2316 eo
1492 2277 1592 2325 poni
1609 2278 1759 2317 solere.
1778 2267 1932 2378 syl<
1949 2282 1988 2308 [ἰ

258 2349 435 2399 Cognito
476 2361 605 2410 quarn
647 2351 729 2389 sibi
770 2353 1022 2390 succenseat
1062 2352 1283 2401 Phaedria,
1327 2353 1438 2391 iram
1482 2352 1574 2391 eius
1611 2354 1760 2392 sedare

197 2426 350 2464 nititur
391 2426 521 2464 Thais
562 2427 772 2465 narrando
814 2437 921 2475 quae
964 2437 1093 2466 causa
1124 2428 1253 2467 fuerit
1286 2439 1359 2467 cur
1392 2438 1492 2467 eum
1524 2429 1616 2468 heri
1651 2440 1762 2479 „non

198 2502 463 2559 admiserit'’5
513 2502 627 2552 Quae
674 2505 862 2543 narratio
914 2505 997 2543 huc
1037 2505 1125 2543 fere
1167 2506 1298 2544 redit:
1343 2506 1445 2544 dum
1488 2506 1620 2544 etiam
1664 2516 1762 2544 cum

198 2580 338 2617 matre
364 2578 502 2617 Rhodi
528 2578 704 2617 vivebat
731 2579 872 2628 Thais,
903 2580 955 2618 ad
983 2590 1057 2618 eas
1085 2580 1216 2618 allata
1244 2582 1310 2619 est
1335 2581 1524 2629 puellula
1551 2582 1761 2629 quaedam

197 2654 381 2692 Athenis
427 2654 550 2702 rapta
591 2663 616 2691 a
656 2654 952 2702 praedonibus.
997 2654 1123 2693 Illam
1165 2655 1339 2694 Thaidis
1380 2657 1520 2694 mater
1561 2667 1636 2705 pro
1683 2667 1762 2695 sua

197 2729 358 2778 eduxit,
401 2729 463 2767 ita
503 2730 551 2767 ut
591 2729 716 2777 volgo
760 2729 934 2768 Thaidis
975 2740 1094 2768 soror
1136 2741 1231 2768 esse
1275 2732 1527 2770 crederetur.
1567 2732 1761 2770 Athenas

197 2805 387 2853 profecta
429 2804 589 2843 Thaide
633 2815 731 2843 cum
763 2805 901 2853 primo
934 2807 1125 2845 amatore
1158 2817 1246 2856 suo,
1283 2807 1354 2855 qui
1385 2807 1498 2846 haud
1530 2808 1592 2847 ita
1622 2808 1760 2846 multo

199 2879 298 2926 post
342 2880 539 2918 mortuus
588 2881 665 2928 est,
714 2881 855 2919 mater
898 2880 989 2919 eius
1033 2881 1132 2931 obit,
1176 2881 1286 2920 bona
1329 2882 1420 2921 eius
1462 2884 1505 2922 et
1546 2893 1644 2921 cum
1682 2883 1767 2921 illis

2028 2733 2034 2877 ἓ

2027 2903 2034 2926 (ἲ,
