2034 3334
1015 419 1072 460 34

469 545 763 596 Pulcherrime
793 546 936 587 hercle
967 546 1133 587 dictum
1164 547 1209 587 et
1238 546 1468 597 sapienter.
1501 546 1643 597 Papae

470 622 695 672 Iugularas
726 622 963 663 hominem.
997 621 1105 673 Quid
1137 622 1242 663 ille?

261 700 306 738 et
336 698 523 739 Thraso:
561 699 737 748 „mutus
767 698 908 739 ilico.”
942 698 1188 747 Sequuntur
1218 698 1347 739 haec:
1422 730 1425 732 .

469 774 576 825 Quid
612 775 656 815 ni
688 775 827 815 esset!
859 774 912 814 Di
943 775 1139 814 vostram
1171 773 1325 815 fldem:
1358 774 1581 815 hominem
1612 775 1829 825 perditum

469 851 781 901 Miserumque:
815 852 861 892 et
889 851 1014 891 illum
1045 851 1319 901 sacrilegum.

261 927 310 967 In
352 927 610 968 editionibus
650 928 784 968 verba
827 915 1008 979 „Quidni
1050 929 1168 968 esset
1177 929 1227 968 ’ν’
1270 927 1486 968 Gnathoni
1522 928 1692 980 dantur,
1724 926 1830 968 illud

260 1005 408 1044 autem
455 1004 532 1054 „Di
575 1027 629 1033 —
671 1004 960 1054 sacrilegum”
1003 1014 1153 1044 secum
1188 1004 1378 1054 loquitur
1408 1004 1634 1046 Parmeno.
1667 1004 1831 1045 Sensus

260 1090 361 1129 ergo
393 1091 490 1120 esse
521 1081 669 1120 debet:
707 1081 858 1131 „plane
889 1067 1024 1120 miser
1055 1082 1123 1121 est
1153 1080 1223 1120 hic
1253 1081 1394 1131 miles,
1429 1063 1512 1120 cui·
1527 1079 1741 1122 eiusmodi
1770 1079 1831 1120 sit

260 1157 441 1207 amicus,
485 1158 529 1197 et
570 1167 702 1207 quam
742 1157 954 1198 scelestus
995 1157 1068 1197 ille
1109 1157 1277 1197 amicus
1309 1157 1428 1197 est!”
1462 1157 1544 1197 Sed
1574 1157 1719 1198 totum
1747 1156 1836 1197 hoc.

260 1232 424 1272 dictum
466 1243 552 1273 non
592 1235 685 1273 tam
727 1234 986 1274 Parmenoni
1023 1233 1225 1273 convenit
1256 1243 1388 1283 quam
1418 1233 1674 1283 philosopho>
1701 1232 1830 1274 alicui

259 1309 429 1349 docenti
471 1310 543 1358 qui
585 1310 725 1350 amico
767 1311 916 1350 utatur
957 1310 1179 1350 adulatore
1218 1309 1529 1360 miserrimum,
1571 1308 1697 1350 illum·
1724 1317 1841 1351 νοω

260 1386 403 1435 ipsum
450 1386 691 1436 pessimum
737 1386 990 1426 mortalium
1037 1396 1156 1435 esse;
1204 1388 1247 1426 et
1294 1387 1362 1426 est
1403 1386 1496 1426 eius
1536 1385 1675 1426 oratio
1717 1384 1856 1446 satis·
1893 1402 1901 1408 «

259 1462 474 1511 languida.
505 1462 612 1512 Quid
638 1462 676 1501 si
702 1462 913 1501 Thrasoni
941 1462 1096 1502 damus
1126 1463 1302 1512 „mutus
1329 1462 1439 1512 ilico,
1467 1461 1568 1511 quid
1588 1461 1634 1501 ni
1649 1454 1767 1501 esset
1776 1461 1827 1500 ?'’

259 1539 355 1577 tum
397 1537 636 1578 Gnathoni:
673 1537 750 1588 „Di
786 1539 983 1577 vostram
1013 1536 1166 1577 fldem:
1199 1537 1422 1577 hominem
1452 1537 1670 1587 perditum
1699 1536 1827 1576 mise·

230 1624 441 1674 <rumque
473 1615 517 1653 et
547 1613 672 1653 illum
703 1613 1006 1663 sacrilegum,'’
1039 1615 1089 1653 ut
1119 1613 1289 1653 Gnatho
1320 1613 1401 1652 hoc
1431 1612 1520 1653 fere
1550 1613 1687 1653 dicat:
1723 1613 1827 1663 „mi-

233 1683 241 1737 ,ἶ
258 1691 375 1729 seret
415 1700 486 1729 me
522 1689 724 1740 hominis,
756 1689 827 1729 vel
857 1690 1002 1739 potius
1032 1689 1272 1739 misereret,
1305 1690 1343 1729 si
1373 1700 1460 1729 non
1490 1689 1727 1739 sacrilegus
1755 1688 1828 1729 ille

235 1749 417 1805 *essetff’
480 1765 590 1805 Illud
651 1767 798 1805 autem
864 1765 1070 1815 „miseret
1130 1775 1202 1804 me
1258 1766 1448 1805 hominis
1503 1776 1530 1805 a
1584 1767 1629 1805 te
1687 1763 1827 1814 proffi—

258 1841 375 1889 gati”
423 1842 592 1891 egregie
639 1842 788 1881 decere
834 1841 1107 1881 Gnathonem
1153 1851 1177 1880 e
1218 1841 1361 1881 verbis
1402 1851 1508 1881 mox
1548 1840 1828 1891 sequentibus

258 1917 491 1967 apparebit,
534 1917 606 1956 ubi
648 1917 731 1967 ille,
775 1917 921 1957 audito
964 1917 1064 1966 quid
1106 1917 1322 1966 quondam
1364 1917 1529 1957 Thraso
1565 1916 1828 1957 adolescenti

55 1999 184 2088 Μ
257 1993 504 2033 adversario
536 1994 815 2043 responderit,
849 1993 1049 2032 flebiliter
1081 1995 1159 2039 (vs.
1193 1994 1317 2039 430):

465 2069 590 2109 Dolet
621 2069 786 2108 dictum
819 2069 1082 2118 imprudenti
1113 2069 1375 2108 adolescenti
1408 2070 1452 2108 et
1482 2068 1627 2109 libero.

259 2146 320 2184 Ibi
353 2147 469 2185 enim
501 2146 656 2185 dolet
687 2149 760 2192 (sc.
793 2146 916 2192 mihi)
948 2156 1124 2196 prorsus
1155 2146 1271 2185 idem
1297 2147 1366 2185 est
1391 2156 1441 2185 ac
1466 2140 1706 2185 miseret
1730 2153 1825 2184 me.
1853 2182 1859 2186 .

318 2223 509 2262 Tandem
541 2223 594 2262 ad
626 2234 718 2262 rem
750 2225 1024 2281 praesentem
1057 2223 1221 2263 Thraso
1252 2223 1373 2262 venit
1403 2224 1447 2262 et
1479 2223 1618 2269 (434):
1830 2208 1838 2212 ⁸

467 2299 548 2338 Sed
580 2299 688 2338 heus
720 2301 780 2349 tu,
814 2309 978 2348 purgon
1011 2309 1088 2348 ego
1120 2309 1191 2338 me
1223 2299 1275 2338 de
1306 2299 1425 2338 istac·
1446 2298 1610 2348 Thaidi,

466 2375 583 2424 Quod
617 2386 715 2414 eam
747 2386 819 2414 me
851 2385 999 2414 amare
1031 2375 1328 2424 suspicatast?

259 2449 365 2487 illud
410 2450 546 2488 heus
588 2452 645 2489 tu
687 2450 929 2499 praemittit
970 2450 1041 2499 qui
1083 2450 1134 2489 de
1176 2460 1221 2489 re
1261 2450 1523 2498 gravissima
1562 2449 1621 2489 sit
1660 2447 1825 2489 censul·

258 2526 381 2562 turus
421 2528 462 2563 et
495 2526 546 2564 de
579 2537 662 2574 qua
694 2526 781 2565 iam
814 2526 895 2565 sibi
928 2527 991 2572 (ut
1021 2526 1112 2575 ipse
1145 2526 1291 2571 credit)
1324 2525 1698 2575 sapientissimum
1729 2535 1824 2564 con-

258 2599 403 2637 silium
447 2602 618 2649 ceperit.
663 2602 716 2640 Et
746 2603 970 2650 praeterea
1000 2601 1189 2650 loquitur
1218 2601 1346 2640 miles
1378 2602 1603 2650 tamquam
1636 2601 1703 2640 cui
1733 2609 1823 2649 per-

0 2688 95 2711 am«
124 2666 233 2706 »ln-
258 2684 437 2713 suasum
470 2677 528 2714 sit
560 2677 627 2715 sui
660 2687 806 2716 amore
838 2677 1020 2726 flagrare
1052 2677 1278 2726 virginem.

12 2723 150 2774 w?
323 2750 522 2797 „Minime
550 2753 680 2790 ve1·0'’
709 2753 925 2801 parasitus
952 2753 1194 2802 respondet.
1224 2753 1425 2801 Sequitur
1451 2762 1539 2791 VSS.
1563 2751 1821 2791 437—445:

497 2828 595 2865 Scin
628 2828 836 2875 siquando
869 2829 942 2867 illa
973 2828 1241 2868 mentionem
1272 2828 1508 2868 Phaedriae

498 2903 617 2940 Facit
650 2906 725 2941 aut
756 2904 794 2941 si
825 2904 983 2953 laudat,
1017 2907 1061 2942 te
1091 2905 1141 2943 ut
1172 2904 1286 2943 male
1319 2904 1447 2942 urat?
1481 2902 1577 2941 Thr.
1612 2902 1771 2941 Sentio.

499 2976 577 3015 Gn.
613 2978 657 3014 ld
692 2982 737 3015 ut
771 2990 823 3016 ne·
856 2978 942 3018 fiat.
978 2980 1081 3017 haec
1114 2989 1182 3017 res
1214 2979 1350 3018 solast
1381 2978 1582 3017 remedio.
