2034 3334
925 393 978 434 51

496 515 641 560 Rebus
673 517 845 560 Aeneae
876 517 1040 573 potiore
1073 517 1223 560 ductos

647 593 762 636 Alite
798 606 957 637 muros.

262 716 385 769 Quod
430 721 523 761 tum
567 719 739 762 demum
779 720 946 762 veritati
989 720 1294 763 convenienter
1325 719 1489 762 dictum
1522 722 1634 762 esset
1664 720 1703 762 si

202 793 446 851 Iupiter,
493 794 676 838 Veneris
722 799 763 838 et
803 795 1018 851 Apollinis
1062 795 1261 852 precibus
1303 798 1458 851 motus,
1490 795 1703 838 Achillem

202 870 380 914 fulmine
415 873 704 927 percussisset.
738 873 796 914 At
826 872 963 934 iier
985 873 1137 933 sagitta
1168 873 1385 915 interemit
1416 873 1585 928 Apollo,
1616 886 1703 915 non

202 951 376 1003 rogatus
419 948 493 990 sed
534 947 587 990 ob
628 948 799 991 caedem
830 933 1110 991 Troianorum
1143 948 1303 991 Achilli
1336 949 1484 991 iratus.
1518 948 1703 991 Possum

202 1026 265 1067 sic
295 1029 434 1068 cetera
464 1026 675 1081 persequi,
707 1025 782 1068 sed
811 1026 896 1068 iam
928 1025 1031 1069 haec
1065 1025 1261 1068 sufficere
1293 1026 1508 1068 videntur.

264 1184 334 1227 Ad
379 1184 498 1227 aliud
544 1197 714 1228 carmen
754 1187 936 1240 transeo,
985 1184 1101 1241 quod
1143 1187 1186 1228 et
1217 1185 1365 1228 eodem
1397 1185 1484 1228 fere
1515 1188 1706 1241 tempore

206 1262 486 1318 compositum
533 1264 597 1304 est
636 1265 764 1318 atque
807 1261 851 1304 id
894 1261 946 1304 de
979 1274 1064 1318 quo
1098 1261 1223 1304 modo
1255 1261 1446 1304 dicebam
1480 1263 1559 1316 (est
1591 1262 1706 1304 enim

206 1340 248 1381 et
276 1338 418 1394 ipsum
459 1337 558 1380 libri
596 1339 763 1394 quarti),
795 1341 838 1380 et
867 1337 933 1380 illi
963 1338 1079 1394 quod
1110 1351 1134 1382 e
1164 1337 1209 1380 L.
1240 1337 1263 1380 I
1296 1338 1519 1381 attulimus
1552 1339 1599 1392 (c.
1636 1339 1707 1392 15)

205 1417 376 1471 propter
401 1414 667 1470 frequentem
693 1413 793 1457 belli
817 1413 988 1457 Troiani
1009 1415 1271 1458 mentionem
1292 1415 1376 1457 dici
1394 1418 1534 1470 potest
1551 1427 1705 1470 cogna-

207 1491 432 1533 tissimum.
478 1490 705 1546 Nusquam
753 1492 888 1547 magis
937 1491 989 1534 de
1030 1504 1161 1535 sensu
1201 1504 1351 1534 eorum
1395 1504 1504 1547 quae
1548 1491 1707 1534 diceret

207 1579 384 1611 securus
426 1567 570 1622 fuisse,
602 1567 831 1610 dummodo
864 1571 1048 1611 metrum
1081 1567 1254 1611 Graecis
1287 1568 1495 1623 exemplis
1527 1580 1702 1623 respon-

208 1643 335 1698 deret,
366 1646 488 1699 poeta
519 1643 697 1685 videtur.
730 1642 800 1686 Sic
831 1644 946 1686 enim
976 1642 1162 1686 Lollium
1193 1645 1377 1686 amicum
1411 1643 1541 1697 (Libri
1560 1644 1702 1699 quarti

207 1732 372 1762 nonum
404 1722 468 1762 est
498 1720 682 1774 carmen)
715 1718 875 1775 alloqui
905 1720 1075 1775 incipit:
1113 1719 1238 1774 „Noli
1270 1722 1470 1774 metuere,
1497 1720 1558 1762 mi
1583 1718 1705 1773 Lolli,

209 1808 264 1838 ne
295 1796 483 1838 carmina
515 1795 650 1850 lyrica
676 1808 781 1851 mea,
808 1796 924 1852 quod
950 1809 1027 1852 ego
1053 1809 1191 1852 genus
1207 1797 1372 1852 primus
1388 1795 1508 1838 Latio
1527 1796 1706 1850 ostendi,

209 1873 255 1914 in
298 1871 782 1935 oblivionem'abeantss'
813 1871 892 1915 Est
922 1885 1021 1928 ergo
1056 1873 1172 1928 quod
1203 1873 1434 1929 suspiceris
1468 1873 1553 1914 iam
1586 1876 1710 1915 antea

211 1953 381 2004 saepius
427 1947 551 1990 Lollii
594 1948 742 1990 laudes
784 1948 836 1991 ab
877 1947 1057 1992 Horatio
1090 1950 1277 1992 carmine
1309 1949 1445 2003 lyrico
1477 1961 1570 1991 esse
1603 1949 1710 1991 cele-

208 2024 362 2067 bratas.
395 2024 454 2066 At
485 2037 700 2080 nusquam
731 2025 912 2068 huiusce
943 2024 1069 2067 Lollii
1101 2029 1323 2081 praeterea
1356 2026 1515 2068 mentio
1545 2024 1594 2067 fit
1625 2025 1709 2067 nisi

211 2100 344 2156 Epist.
375 2099 410 2154 1,
443 2100 511 2155 20,
543 2101 611 2155 28,
643 2100 836 2156 nihilque
867 2103 911 2143 in
944 2114 993 2144 eo
1025 2114 1154 2144 versu
1186 2101 1328 2143 laudis
1360 2104 1446 2144 est:
1477 2101 1708 2143 anni'enim

213 2176 430 2219 indicandi
462 2189 590 2219 causa
621 2177 827 2232 scriptum
863 2180 929 2219 est

422 2299 635 2357 Collegam
666 2299 873 2357 Lepidum
907 2314 992 2357 quo
1025 2302 1134 2344 dixit
1164 2301 1330 2344 Lollius
1362 2314 1491 2345 anno·

276 2428 359 2471 Sed
388 2430 487 2470 utut
517 2429 591 2480 est,
622 2426 742 2468 illum
775 2429 939 2469 metum
967 2429 1015 2469 ut
1042 2428 1177 2469 amico
1206 2427 1350 2469 demat
1376 2426 1457 2468 hoc
1471 2426 1558 2469 sere
1575 2427 1712 2470 utitur

216 2506 466 2560 argumento
493 2501 719 2544 Horatius:
753 2501 876 2554 „licet
896 2501 1113 2544 Homerus
1131 2503 1283 2545 ceteris
1301 2501 1500 2544 omnibus
1518 2503 1710 2544 cuiusvis

216 2581 383 2636 generis
430 2579 565 2634 poetis
605 2577 789 2633 palmam
828 2578 1067 2633 praeripiat,
1108 2581 1249 2620 tamen
1284 2578 1458 2619 minime
1489 2581 1711 2633 poetarum

216 2656 447 2709 lyricorum
494 2654 654 2695 interiit
695 2652 827 2694 fama:
871 2652 1058 2707 Pindari,
1100 2652 1348 2707 Simonidis,
1389 2653 1551 2707 Alcaei,
1583 2652 1711 2695 Stesi-

217 2732 346 2786 chori,
402 2730 695 2784 Anacreontis,
749 2728 984 2783 Sapphus.’'
1032 2728 1231 2772 Profecto·
1274 2729 1476 2771 idoneum
1523 2732 1587 2771 est
1633 2729 1712 2770 hoc

217 2812 516 2864 argumentum
547 2819 683 2862 eoque
713 2806 848 2861 magis
878 2805 1139 2848 laudandum
1166 2805 1281 2861 quod
1317 2806 1497 2861 egregiis
1515 2804 1710 2848 versibus

221 2886 285 2927 est
315 2888 567 2927 exornatum
588 2898 597 2925 z
