<?xml version="1.0" encoding="UTF-8"?>
<!DOCTYPE html PUBLIC "-//W3C//DTD XHTML 1.0 Transitional//EN"
    "http://www.w3.org/TR/xhtml1/DTD/xhtml1-transitional.dtd">
<html xmlns="http://www.w3.org/1999/xhtml" xml:lang="en" lang="en">
 <head>
  <title>
</title>
<meta http-equiv="Content-Type" content="text/html;charset=utf-8" />
  <meta name='ocr-system' content='tesseract 3.04.00' />
  <meta name='ocr-capabilities' content='ocr_page ocr_carea ocr_par ocr_line ocrx_word'/>
</head>
<body>
  <div class='ocr_page' id='page_1' title='image "./dehoratiopota00hartuoft_0434.png"; bbox 0 0 2034 3334; ppageno 0'>
   <div class='ocr_carea' id='block_1_1' title="bbox 1908 76 1946 99">
    <p class='ocr_par' dir='ltr' id='par_1_1' title="bbox 1908 76 1946 99">
     <span class='ocr_line' id='line_1_1' title="bbox 1908 76 1946 99; baseline 0 -1"><span class='ocrx_word' id='word_1_1' title='bbox 1908 79 1925 98; x_wconf 36' lang='grc' dir='ltr'><strong>Ἴτ’·</strong></span> <span class='ocrx_word' id='word_1_2' title='bbox 1931 76 1946 99; x_wconf 44' lang='lat' dir='ltr'><strong>G}</strong></span> 
     </span>
    </p>
   </div>
   <div class='ocr_carea' id='block_1_2' title="bbox 1044 468 1101 508">
    <p class='ocr_par' dir='ltr' id='par_1_2' title="bbox 1044 468 1101 508">
     <span class='ocr_line' id='line_1_2' title="bbox 1044 468 1101 508; baseline 0 0"><span class='ocrx_word' id='word_1_3' title='bbox 1044 468 1101 508; x_wconf 82' lang='lat'><strong>50</strong></span> 
     </span>
    </p>
   </div>
   <div class='ocr_carea' id='block_1_3' title="bbox 1388 0 2034 3334">
    <p class='ocr_par' dir='ltr' id='par_1_3' title="bbox 1388 0 2034 3334">
     <span class='ocr_line' id='line_1_3' title="bbox 1388 0 2034 3334; baseline 0 -2774"><span class='ocrx_word' id='word_1_4' title='bbox 1388 0 2034 3334; x_wconf 95' lang='lat' dir='ltr'><strong>    </strong></span> 
     </span>
    </p>
   </div>
   <div class='ocr_carea' id='block_1_4' title="bbox 262 589 1910 3074">
    <p class='ocr_par' dir='ltr' id='par_1_4' title="bbox 262 589 1910 3074">
     <span class='ocr_line' id='line_1_4' title="bbox 373 589 1818 648; baseline 0.005 -19"><span class='ocrx_word' id='word_1_5' title='bbox 373 589 481 639; x_wconf 82' lang='lat' dir='ltr'><strong>Quin</strong></span> <span class='ocrx_word' id='word_1_6' title='bbox 509 590 642 630; x_wconf 87' lang='lat' dir='ltr'><strong>etiam</strong></span> <span class='ocrx_word' id='word_1_7' title='bbox 669 590 844 642; x_wconf 89' lang='lat' dir='ltr'><strong>insuper</strong></span> <span class='ocrx_word' id='word_1_8' title='bbox 868 592 1023 645; x_wconf 88' lang='lat' dir='ltr'><strong>scelus,</strong></span> <span class='ocrx_word' id='word_1_9' title='bbox 1050 594 1282 642; x_wconf 83' lang='lat' dir='ltr'><strong>postquam</strong></span> <span class='ocrx_word' id='word_1_10' title='bbox 1307 592 1574 634; x_wconf 85' lang='lat' dir='ltr'><strong>ludificatust</strong></span> <span class='ocrx_word' id='word_1_11' title='bbox 1591 593 1818 648; x_wconf 69' lang='lat' dir='ltr'><strong>virginem,</strong></span> 
     </span>
     <span class='ocr_line' id='line_1_5' title="bbox 371 659 1818 721; baseline 0.004 -15"><span class='ocrx_word' id='word_1_12' title='bbox 371 666 549 706; x_wconf 86' lang='lat' dir='ltr'><strong>Vestem</strong></span> <span class='ocrx_word' id='word_1_13' title='bbox 567 677 743 707; x_wconf 88' lang='lat' dir='ltr'><strong>omnem</strong></span> <span class='ocrx_word' id='word_1_14' title='bbox 759 668 945 709; x_wconf 83' lang='lat' dir='ltr'>miserae</span> <span class='ocrx_word' id='word_1_15' title='bbox 962 668 1145 720; x_wconf 78' lang='lat' dir='ltr'>discidit,</span> <span class='ocrx_word' id='word_1_16' title='bbox 1164 670 1260 710; x_wconf 90' lang='lat' dir='ltr'><strong>tum</strong></span> <span class='ocrx_word' id='word_1_17' title='bbox 1277 669 1418 720; x_wconf 88' lang='lat' dir='ltr'><strong>ipsam</strong></span> <span class='ocrx_word' id='word_1_18' title='bbox 1429 670 1583 721; x_wconf 83' lang='lat' dir='ltr'>capillo</span> <span class='ocrx_word' id='word_1_19' title='bbox 1594 659 1818 712; x_wconf 71' lang='lat' dir='ltr'><strong>conscidIt.</strong></span> 
     </span>
     <span class='ocr_line' id='line_1_6' title="bbox 281 742 1848 797; baseline 0.005 -16"><span class='ocrx_word' id='word_1_20' title='bbox 281 742 448 782; x_wconf 86' lang='lat' dir='ltr'>Revera</span> <span class='ocrx_word' id='word_1_21' title='bbox 489 743 594 783; x_wconf 89' lang='lat' dir='ltr'><strong>haec</strong></span> <span class='ocrx_word' id='word_1_22' title='bbox 637 755 722 784; x_wconf 91' lang='lat' dir='ltr'><strong>non</strong></span> <span class='ocrx_word' id='word_1_23' title='bbox 753 745 815 786; x_wconf 90' lang='lat' dir='ltr'><strong>ita</strong></span> <span class='ocrx_word' id='word_1_24' title='bbox 850 743 967 786; x_wconf 74' lang='lat' dir='ltr'><strong>‘facta</strong></span> <span class='ocrx_word' id='word_1_25' title='bbox 997 747 1101 786; x_wconf 91' lang='lat' dir='ltr'><strong>sunt</strong></span> <span class='ocrx_word' id='word_1_26' title='bbox 1130 747 1180 786; x_wconf 90' lang='lat' dir='ltr'><strong>ut</strong></span> <span class='ocrx_word' id='word_1_27' title='bbox 1210 746 1392 796; x_wconf 85' lang='lat' dir='ltr'><strong>Pythias</strong></span> <span class='ocrx_word' id='word_1_28' title='bbox 1422 748 1592 797; x_wconf 87' lang='lat' dir='ltr'><strong>narrat;</strong></span> <span class='ocrx_word' id='word_1_29' title='bbox 1624 746 1700 789; x_wconf 83' lang='lat' dir='ltr'><strong>illa</strong></span> <span class='ocrx_word' id='word_1_30' title='bbox 1728 746 1848 789; x_wconf 81' lang='lat' dir='ltr'><strong>onim</strong></span> 
     </span>
     <span class='ocr_line' id='line_1_7' title="bbox 279 805 1848 873; baseline 0.004 -16"><span class='ocrx_word' id='word_1_31' title='bbox 279 819 421 858; x_wconf 86' lang='lat' dir='ltr'><strong>scelus</strong></span> <span class='ocrx_word' id='word_1_32' title='bbox 468 805 752 862; x_wconf 88' lang='lat' dir='ltr'><strong>commissum</strong></span> <span class='ocrx_word' id='word_1_33' title='bbox 800 824 1012 871; x_wconf 84' lang='lat' dir='ltr'><strong>quantum</strong></span> <span class='ocrx_word' id='word_1_34' title='bbox 1052 823 1197 872; x_wconf 87' lang='lat' dir='ltr'><strong>potest</strong></span> <span class='ocrx_word' id='word_1_35' title='bbox 1236 824 1378 873; x_wconf 87' lang='lat' dir='ltr'><strong>auget.</strong></span> <span class='ocrx_word' id='word_1_36' title='bbox 1420 823 1534 863; x_wconf 91' lang='lat' dir='ltr'><strong>Dum</strong></span> <span class='ocrx_word' id='word_1_37' title='bbox 1573 823 1740 865; x_wconf 83' lang='lat' dir='ltr'><strong>luctata</strong></span> <span class='ocrx_word' id='word_1_38' title='bbox 1777 824 1848 864; x_wconf 83' lang='lat' dir='ltr'><strong>est</strong></span> 
     </span>
     <span class='ocr_line' id='line_1_8' title="bbox 280 895 1509 949; baseline 0.004 -14"><span class='ocrx_word' id='word_1_39' title='bbox 280 895 412 947; x_wconf 89' lang='lat' dir='ltr'><strong>virgo,</strong></span> <span class='ocrx_word' id='word_1_40' title='bbox 446 897 584 937; x_wconf 89' lang='lat' dir='ltr'><strong>vestis</strong></span> <span class='ocrx_word' id='word_1_41' title='bbox 615 898 709 938; x_wconf 91' lang='lat' dir='ltr'><strong>eius</strong></span> <span class='ocrx_word' id='word_1_42' title='bbox 740 899 914 939; x_wconf 90' lang='lat' dir='ltr'><strong>turbata</strong></span> <span class='ocrx_word' id='word_1_43' title='bbox 945 901 989 939; x_wconf 90' lang='lat' dir='ltr'><strong>et</strong></span> <span class='ocrx_word' id='word_1_44' title='bbox 1020 899 1162 949; x_wconf 87' lang='lat' dir='ltr'><strong>capilli</strong></span> <span class='ocrx_word' id='word_1_45' title='bbox 1194 899 1363 940; x_wconf 90' lang='lat' dir='ltr'><strong>disiecti</strong></span> <span class='ocrx_word' id='word_1_46' title='bbox 1394 901 1509 940; x_wconf 88' lang='lat' dir='ltr'><strong>sunt.</strong></span> 
     </span>
     <span class='ocr_line' id='line_1_9' title="bbox 338 973 1355 1033; baseline 0.004 -21"><span class='ocrx_word' id='word_1_47' title='bbox 338 973 584 1023; x_wconf 82' lang='lat' dir='ltr'><strong>Alloquitur</strong></span> <span class='ocrx_word' id='word_1_48' title='bbox 615 985 714 1015; x_wconf 91' lang='lat' dir='ltr'><strong>eam</strong></span> <span class='ocrx_word' id='word_1_49' title='bbox 745 975 957 1015; x_wconf 87' lang='lat' dir='ltr'><strong>Phaedria</strong></span> <span class='ocrx_word' id='word_1_50' title='bbox 986 975 1050 1015; x_wconf 90' lang='lat' dir='ltr'><strong>sic</strong></span> <span class='ocrx_word' id='word_1_51' title='bbox 1082 978 1162 1022; x_wconf 87' lang='lat' dir='ltr'><strong>(vs,</strong></span> <span class='ocrx_word' id='word_1_52' title='bbox 1197 977 1322 1023; x_wconf 85' lang='lat'><strong>650):</strong></span> <span class='ocrx_word' id='word_1_53' title='bbox 1350 1029 1355 1033; x_wconf 38' lang='grc'>-</span> 
     </span>
     <span class='ocr_line' id='line_1_10' title="bbox 398 1048 1774 1102; baseline 0.002 -12"><span class='ocrx_word' id='word_1_54' title='bbox 398 1048 505 1100; x_wconf 75' lang='lat' dir='ltr'><strong>Qu&#39;id</strong></span> <span class='ocrx_word' id='word_1_55' title='bbox 537 1051 682 1091; x_wconf 86' lang='lat' dir='ltr'><strong>istuc?</strong></span> <span class='ocrx_word' id='word_1_56' title='bbox 713 1051 813 1100; x_wconf 92' lang='lat' dir='ltr'><strong>quid</strong></span> <span class='ocrx_word' id='word_1_57' title='bbox 844 1051 1059 1091; x_wconf 85' lang='lat' dir='ltr'><strong>festinas?</strong></span> <span class='ocrx_word' id='word_1_58' title='bbox 1091 1053 1167 1092; x_wconf 91' lang='lat' dir='ltr'><strong>aut</strong></span> <span class='ocrx_word' id='word_1_59' title='bbox 1197 1062 1326 1101; x_wconf 89' lang='lat' dir='ltr'><strong>quem</strong></span> <span class='ocrx_word' id='word_1_60' title='bbox 1358 1051 1529 1101; x_wconf 88' lang='lat' dir='ltr'><strong>quaeris</strong></span> <span class='ocrx_word' id='word_1_61' title='bbox 1560 1051 1774 1102; x_wconf 80' lang='lat' dir='ltr'><strong>Pythias?</strong></span> 
     </span>
     <span class='ocr_line' id='line_1_11' title="bbox 275 1124 1848 1178; baseline 0.003 -13"><span class='ocrx_word' id='word_1_62' title='bbox 275 1124 359 1164; x_wconf 91' lang='lat' dir='ltr'><strong>Ubi</strong></span> <span class='ocrx_word' id='word_1_63' title='bbox 417 1126 670 1167; x_wconf 88' lang='lat' dir='ltr'><strong>festinas</strong></span> <span class='ocrx_word' id='word_1_64' title='bbox 726 1137 822 1167; x_wconf 88' lang='lat' dir='ltr'><strong>esse</strong></span> <span class='ocrx_word' id='word_1_65' title='bbox 878 1127 1158 1178; x_wconf 89' lang='lat' dir='ltr'><strong>turbaris,</strong></span> <span class='ocrx_word' id='word_1_66' title='bbox 1216 1128 1475 1178; x_wconf 88' lang='lat' dir='ltr'><strong>trepidas</strong></span> <span class='ocrx_word' id='word_1_67' title='bbox 1529 1129 1648 1169; x_wconf 86' lang='lat' dir='ltr'><strong>recte</strong></span> <span class='ocrx_word' id='word_1_68' title='bbox 1696 1129 1848 1170; x_wconf 86' lang='lat' dir='ltr'><strong>monet</strong></span> 
     </span>
     <span class='ocr_line' id='line_1_12' title="bbox 278 1201 1910 1266; baseline 0.004 -26"><span class='ocrx_word' id='word_1_69' title='bbox 278 1201 532 1243; x_wconf 80' lang='lat' dir='ltr'><strong>Scholiasta.</strong></span> <span class='ocrx_word' id='word_1_70' title='bbox 1642 1241 1643 1245; x_wconf 74' lang='grc'>,</span> <span class='ocrx_word' id='word_1_71' title='bbox 1667 1256 1669 1258; x_wconf 12' lang='lat'>³</span> <span class='ocrx_word' id='word_1_72' title='bbox 1905 1261 1910 1266; x_wconf 21' lang='grc' dir='ltr'><strong>Α</strong></span> 
     </span>
     <span class='ocr_line' id='line_1_13' title="bbox 335 1278 1844 1332; baseline 0.003 -14"><span class='ocrx_word' id='word_1_73' title='bbox 335 1278 445 1318; x_wconf 87' lang='lat' dir='ltr'><strong>Rem</strong></span> <span class='ocrx_word' id='word_1_74' title='bbox 472 1279 674 1319; x_wconf 87' lang='lat' dir='ltr'><strong>denarrat</strong></span> <span class='ocrx_word' id='word_1_75' title='bbox 699 1279 892 1329; x_wconf 79' lang='lat' dir='ltr'><strong>Pythias.</strong></span> <span class='ocrx_word' id='word_1_76' title='bbox 921 1280 1032 1320; x_wconf 88' lang='lat' dir='ltr'><strong>Tum</strong></span> <span class='ocrx_word' id='word_1_77' title='bbox 1060 1281 1160 1327; x_wconf 85' lang='lat'>(654</span> <span class='ocrx_word' id='word_1_78' title='bbox 1187 1283 1266 1330; x_wconf 87' lang='lat' dir='ltr'><strong>sq.)</strong></span> <span class='ocrx_word' id='word_1_79' title='bbox 1294 1280 1527 1321; x_wconf 85' lang='lat' dir='ltr'><strong>Phaedria:</strong></span> <span class='ocrx_word' id='word_1_80' title='bbox 1557 1279 1692 1332; x_wconf 80' lang='lat' dir='ltr'><strong>„Quid</strong></span> <span class='ocrx_word' id='word_1_81' title='bbox 1717 1281 1844 1322; x_wconf 81' lang='lat' dir='ltr'><strong>ais?”</strong></span> 
     </span>
     <span class='ocr_line' id='line_1_14' title="bbox 275 1354 1842 1407; baseline 0.003 -14"><span class='ocrx_word' id='word_1_82' title='bbox 275 1355 319 1393; x_wconf 91' lang='lat' dir='ltr'><strong>et</strong></span> <span class='ocrx_word' id='word_1_83' title='bbox 340 1354 543 1403; x_wconf 85' lang='lat' dir='ltr'><strong>Pythias:</strong></span> <span class='ocrx_word' id='word_1_84' title='bbox 575 1355 756 1405; x_wconf 68' lang='lat' dir='ltr'><strong>„Perii”</strong></span> <span class='ocrx_word' id='word_1_85' title='bbox 774 1355 939 1395; x_wconf 88' lang='lat' dir='ltr'><strong>Iterum</strong></span> <span class='ocrx_word' id='word_1_86' title='bbox 957 1356 1190 1397; x_wconf 88' lang='lat' dir='ltr'><strong>Phaedria:</strong></span> <span class='ocrx_word' id='word_1_87' title='bbox 1212 1356 1561 1406; x_wconf 86' lang='lat' dir='ltr'><strong>„Temulenta’s”</strong></span> <span class='ocrx_word' id='word_1_88' title='bbox 1578 1358 1624 1398; x_wconf 89' lang='lat' dir='ltr'><strong>et</strong></span> <span class='ocrx_word' id='word_1_89' title='bbox 1637 1357 1842 1407; x_wconf 78' lang='lat' dir='ltr'><strong>Pythias:</strong></span> 
     </span>
     <span class='ocr_line' id='line_1_15' title="bbox 278 1430 1842 1481; baseline 0.003 -11"><span class='ocrx_word' id='word_1_90' title='bbox 278 1430 484 1479; x_wconf 85' lang='lat' dir='ltr'><strong>„Utinam</strong></span> <span class='ocrx_word' id='word_1_91' title='bbox 515 1432 579 1471; x_wconf 91' lang='lat' dir='ltr'><strong>sic</strong></span> <span class='ocrx_word' id='word_1_92' title='bbox 610 1433 699 1471; x_wconf 90' lang='lat' dir='ltr'><strong>sint</strong></span> <span class='ocrx_word' id='word_1_93' title='bbox 729 1433 801 1481; x_wconf 90' lang='lat' dir='ltr'><strong>qui</strong></span> <span class='ocrx_word' id='word_1_94' title='bbox 833 1433 941 1472; x_wconf 87' lang='lat' dir='ltr'><strong>mihi</strong></span> <span class='ocrx_word' id='word_1_95' title='bbox 973 1433 1088 1472; x_wconf 88' lang='lat' dir='ltr'><strong>male</strong></span> <span class='ocrx_word' id='word_1_96' title='bbox 1119 1433 1314 1473; x_wconf 87' lang='lat' dir='ltr'><strong>volunt.”</strong></span> <span class='ocrx_word' id='word_1_97' title='bbox 1342 1433 1555 1474; x_wconf 64' lang='lat' dir='ltr'><strong>Sic&#39;enim</strong></span> <span class='ocrx_word' id='word_1_98' title='bbox 1579 1444 1695 1475; x_wconf 87' lang='lat' dir='ltr'><strong>nunc</strong></span> <span class='ocrx_word' id='word_1_99' title='bbox 1718 1443 1842 1475; x_wconf 79' lang='lat' dir='ltr'><strong>voca-</strong></span> 
     </span>
     <span class='ocr_line' id='line_1_16' title="bbox 273 1506 1842 1559; baseline 0.003 -14"><span class='ocrx_word' id='word_1_100' title='bbox 273 1506 374 1546; x_wconf 90' lang='lat' dir='ltr'><strong>bula</strong></span> <span class='ocrx_word' id='word_1_101' title='bbox 415 1508 527 1547; x_wconf 89' lang='lat' dir='ltr'><strong>inter</strong></span> <span class='ocrx_word' id='word_1_102' title='bbox 567 1507 792 1556; x_wconf 88' lang='lat' dir='ltr'><strong>loquentes</strong></span> <span class='ocrx_word' id='word_1_103' title='bbox 823 1509 1150 1559; x_wconf 88' lang='lat' dir='ltr'><strong>distribuuntur,</strong></span> <span class='ocrx_word' id='word_1_104' title='bbox 1182 1509 1298 1549; x_wconf 88' lang='lat' dir='ltr'><strong>male</strong></span> <span class='ocrx_word' id='word_1_105' title='bbox 1329 1510 1469 1559; x_wconf 90' lang='lat' dir='ltr'><strong>siquid</strong></span> <span class='ocrx_word' id='word_1_106' title='bbox 1501 1509 1637 1550; x_wconf 83' lang='lat' dir='ltr'><strong>video.</strong></span> <span class='ocrx_word' id='word_1_107' title='bbox 1669 1507 1842 1550; x_wconf 75' lang='lat' dir='ltr'><strong>Doriadi</strong></span> 
     </span>
     <span class='ocr_line' id='line_1_17' title="bbox 273 1581 1841 1635; baseline 0.003 -14"><span class='ocrx_word' id='word_1_108' title='bbox 273 1581 462 1621; x_wconf 87' lang='lat' dir='ltr'><strong>dandum</strong></span> <span class='ocrx_word' id='word_1_109' title='bbox 504 1593 600 1623; x_wconf 89' lang='lat' dir='ltr'><strong>esse</strong></span> <span class='ocrx_word' id='word_1_110' title='bbox 641 1583 785 1633; x_wconf 91' lang='lat' dir='ltr'><strong>perii</strong></span> <span class='ocrx_word' id='word_1_111' title='bbox 818 1594 994 1624; x_wconf 88' lang='lat' dir='ltr'><strong>censeo:</strong></span> <span class='ocrx_word' id='word_1_112' title='bbox 1028 1586 1096 1624; x_wconf 89' lang='lat' dir='ltr'><strong>est</strong></span> <span class='ocrx_word' id='word_1_113' title='bbox 1127 1585 1243 1624; x_wconf 90' lang='lat' dir='ltr'><strong>enim</strong></span> <span class='ocrx_word' id='word_1_114' title='bbox 1275 1585 1536 1625; x_wconf 82' lang='lat' dir='ltr'><strong>exclamatio</strong></span> <span class='ocrx_word' id='word_1_115' title='bbox 1567 1585 1662 1625; x_wconf 87' lang='lat' dir='ltr'><strong>eius</strong></span> <span class='ocrx_word' id='word_1_116' title='bbox 1691 1584 1764 1635; x_wconf 86' lang='lat' dir='ltr'><strong>qui</strong></span> <span class='ocrx_word' id='word_1_117' title='bbox 1795 1595 1841 1625; x_wconf 87' lang='lat' dir='ltr'><strong>re</strong></span> 
     </span>
     <span class='ocr_line' id='line_1_18' title="bbox 272 1657 1840 1713; baseline 0.004 -18"><span class='ocrx_word' id='word_1_118' title='bbox 272 1657 508 1707; x_wconf 88' lang='lat' dir='ltr'><strong>improvisa</strong></span> <span class='ocrx_word' id='word_1_119' title='bbox 557 1659 890 1708; x_wconf 85' lang='lat' dir='ltr'><strong>perterrefactus</strong></span> <span class='ocrx_word' id='word_1_120' title='bbox 941 1661 1030 1699; x_wconf 88' lang='lat' dir='ltr'><strong>est:</strong></span> <span class='ocrx_word' id='word_1_121' title='bbox 1074 1660 1119 1699; x_wconf 91' lang='lat' dir='ltr'><strong>in</strong></span> <span class='ocrx_word' id='word_1_122' title='bbox 1159 1660 1304 1700; x_wconf 91' lang='lat' dir='ltr'><strong>media</strong></span> <span class='ocrx_word' id='word_1_123' title='bbox 1345 1660 1655 1700; x_wconf 83' lang='lat' dir='ltr'><strong>lamentatione</strong></span> <span class='ocrx_word' id='word_1_124' title='bbox 1695 1660 1840 1713; x_wconf 81' lang='lat' dir='ltr'><strong>locum</strong></span> 
     </span>
     <span class='ocr_line' id='line_1_19' title="bbox 271 1730 1845 1786; baseline 0.003 -13"><span class='ocrx_word' id='word_1_125' title='bbox 271 1744 356 1773; x_wconf 91' lang='lat' dir='ltr'><strong>non</strong></span> <span class='ocrx_word' id='word_1_126' title='bbox 388 1734 529 1774; x_wconf 88' lang='lat' dir='ltr'><strong>habet.</strong></span> <span class='ocrx_word' id='word_1_127' title='bbox 564 1734 653 1784; x_wconf 86' lang='lat' dir='ltr'><strong>Oui,</strong></span> <span class='ocrx_word' id='word_1_128' title='bbox 687 1736 735 1774; x_wconf 90' lang='lat' dir='ltr'><strong>ut</strong></span> <span class='ocrx_word' id='word_1_129' title='bbox 766 1735 847 1774; x_wconf 91' lang='lat' dir='ltr'><strong>hoc</strong></span> <span class='ocrx_word' id='word_1_130' title='bbox 877 1737 987 1785; x_wconf 81' lang='lat' dir='ltr'><strong>utar,</strong></span> <span class='ocrx_word' id='word_1_131' title='bbox 1021 1735 1146 1785; x_wconf 88' lang='lat' dir='ltr'><strong>alapa</strong></span> <span class='ocrx_word' id='word_1_132' title='bbox 1176 1735 1396 1786; x_wconf 85' lang='lat' dir='ltr'><strong>infligitur,</strong></span> <span class='ocrx_word' id='word_1_133' title='bbox 1425 1746 1510 1775; x_wconf 89' lang='lat' dir='ltr'><strong>non</strong></span> <span class='ocrx_word' id='word_1_134' title='bbox 1535 1736 1726 1786; x_wconf 88' lang='lat' dir='ltr'><strong>primum</strong></span> <span class='ocrx_word' id='word_1_135' title='bbox 1753 1730 1845 1778; x_wconf 64' lang='lat' dir='ltr'><strong>alia&#39;</strong></span> 
     </span>
     <span class='ocr_line' id='line_1_20' title="bbox 271 1812 1848 1863; baseline 0.003 -13"><span class='ocrx_word' id='word_1_136' title='bbox 271 1812 482 1859; x_wconf 87' lang='lat' dir='ltr'><strong>quaedam</strong></span> <span class='ocrx_word' id='word_1_137' title='bbox 515 1812 744 1861; x_wconf 86' lang='lat' dir='ltr'><strong>exclamat,</strong></span> <span class='ocrx_word' id='word_1_138' title='bbox 779 1812 930 1851; x_wconf 90' lang='lat' dir='ltr'><strong>deinde</strong></span> <span class='ocrx_word' id='word_1_139' title='bbox 961 1812 1106 1861; x_wconf 89' lang='lat' dir='ltr'><strong>perii</strong></span> <span class='ocrx_word' id='word_1_140' title='bbox 1138 1812 1268 1863; x_wconf 88' lang='lat' dir='ltr'><strong>addit,</strong></span> <span class='ocrx_word' id='word_1_141' title='bbox 1302 1812 1378 1851; x_wconf 88' lang='lat' dir='ltr'><strong>sed</strong></span> <span class='ocrx_word' id='word_1_142' title='bbox 1409 1812 1462 1852; x_wconf 87' lang='lat' dir='ltr'><strong>ab</strong></span> <span class='ocrx_word' id='word_1_143' title='bbox 1494 1813 1576 1852; x_wconf 89' lang='lat' dir='ltr'><strong>hac</strong></span> <span class='ocrx_word' id='word_1_144' title='bbox 1602 1823 1707 1854; x_wconf 85' lang='lat' dir='ltr'><strong>voce</strong></span> <span class='ocrx_word' id='word_1_145' title='bbox 1732 1812 1848 1854; x_wconf 50' lang='lat' dir='ltr'><strong>facit*</strong></span> 
     </span>
     <span class='ocr_line' id='line_1_21' title="bbox 269 1887 1838 1938; baseline 0.003 -12"><span class='ocrx_word' id='word_1_146' title='bbox 269 1887 535 1927; x_wconf 85' lang='lat' dir='ltr'><strong>lamentandi</strong></span> <span class='ocrx_word' id='word_1_147' title='bbox 578 1888 764 1927; x_wconf 90' lang='lat' dir='ltr'><strong>initium.</strong></span> <span class='ocrx_word' id='word_1_148' title='bbox 807 1888 940 1927; x_wconf 92' lang='lat' dir='ltr'><strong>Paulo</strong></span> <span class='ocrx_word' id='word_1_149' title='bbox 982 1889 1079 1937; x_wconf 88' lang='lat' dir='ltr'><strong>post</strong></span> <span class='ocrx_word' id='word_1_150' title='bbox 1119 1887 1271 1928; x_wconf 90' lang='lat' dir='ltr'><strong>Dorias</strong></span> <span class='ocrx_word' id='word_1_151' title='bbox 1313 1899 1412 1927; x_wconf 89' lang='lat' dir='ltr'><strong>cum</strong></span> <span class='ocrx_word' id='word_1_152' title='bbox 1444 1888 1655 1938; x_wconf 85' lang='lat' dir='ltr'><strong>Pythiade</strong></span> <span class='ocrx_word' id='word_1_153' title='bbox 1684 1889 1838 1931; x_wconf 84' lang='lat' dir='ltr'><strong>relicta</strong></span> 
     </span>
     <span class='ocr_line' id='line_1_22' title="bbox 270 1963 1835 2014; baseline 0.003 -12"><span class='ocrx_word' id='word_1_154' title='bbox 270 1963 363 2002; x_wconf 87' lang='lat' dir='ltr'><strong>sola</strong></span> <span class='ocrx_word' id='word_1_155' title='bbox 389 1964 539 2002; x_wconf 88' lang='lat' dir='ltr'><strong>eadem</strong></span> <span class='ocrx_word' id='word_1_156' title='bbox 568 1974 672 2003; x_wconf 91' lang='lat' dir='ltr'><strong>voce</strong></span> <span class='ocrx_word' id='word_1_157' title='bbox 698 1964 846 2014; x_wconf 80' lang='lat' dir='ltr'><strong>utitur,</strong></span> <span class='ocrx_word' id='word_1_158' title='bbox 866 1964 923 2002; x_wconf 90' lang='lat' dir='ltr'><strong>ibi</strong></span> <span class='ocrx_word' id='word_1_159' title='bbox 940 1974 1107 2012; x_wconf 90' lang='lat' dir='ltr'><strong>quoque</strong></span> <span class='ocrx_word' id='word_1_160' title='bbox 1124 1964 1168 2003; x_wconf 91' lang='lat' dir='ltr'><strong>in</strong></span> <span class='ocrx_word' id='word_1_161' title='bbox 1185 1963 1457 2003; x_wconf 88' lang='lat' dir='ltr'><strong>allocutionis</strong></span> <span class='ocrx_word' id='word_1_162' title='bbox 1474 1964 1596 2004; x_wconf 90' lang='lat' dir='ltr'><strong>initio</strong></span> <span class='ocrx_word' id='word_1_163' title='bbox 1613 1967 1692 2012; x_wconf 89' lang='lat' dir='ltr'><strong>(vs.</strong></span> <span class='ocrx_word' id='word_1_164' title='bbox 1709 1966 1835 2013; x_wconf 57' lang='lat'><strong>669:</strong></span> 
     </span>
     <span class='ocr_line' id='line_1_23' title="bbox 388 2039 1836 2091; baseline 0.002 -13"><span class='ocrx_word' id='word_1_165' title='bbox 388 2040 512 2089; x_wconf 90' lang='lat' dir='ltr'><strong>Perii,</strong></span> <span class='ocrx_word' id='word_1_166' title='bbox 556 2040 744 2090; x_wconf 82' lang='lat' dir='ltr'><strong>obsecro,</strong></span> <span class='ocrx_word' id='word_1_167' title='bbox 788 2042 879 2079; x_wconf 89' lang='lat' dir='ltr'><strong>tam</strong></span> <span class='ocrx_word' id='word_1_168' title='bbox 912 2039 1136 2080; x_wconf 86' lang='lat' dir='ltr'><strong>infandum</strong></span> <span class='ocrx_word' id='word_1_169' title='bbox 1168 2040 1347 2090; x_wconf 87' lang='lat' dir='ltr'><strong>facinus,</strong></span> <span class='ocrx_word' id='word_1_170' title='bbox 1381 2050 1481 2080; x_wconf 89' lang='lat' dir='ltr'><strong>mea</strong></span> <span class='ocrx_word' id='word_1_171' title='bbox 1511 2042 1572 2091; x_wconf 80' lang='lat' dir='ltr'><strong>tu,</strong></span> <span class='ocrx_word' id='word_1_172' title='bbox 1600 2050 1660 2081; x_wconf 85' lang='lat' dir='ltr'><strong>ne</strong></span> <span class='ocrx_word' id='word_1_173' title='bbox 1690 2040 1836 2082; x_wconf 82' lang='lat' dir='ltr'><strong>audivi</strong></span> 
     </span>
     <span class='ocr_line' id='line_1_24' title="bbox 1572 2115 1774 2166; baseline 0.005 -10"><span class='ocrx_word' id='word_1_174' title='bbox 1572 2115 1774 2166; x_wconf 87' lang='lat' dir='ltr'><strong>[quidem.</strong></span> 
     </span>
     <span class='ocr_line' id='line_1_25' title="bbox 268 2191 1833 2242; baseline 0.002 -13"><span class='ocrx_word' id='word_1_175' title='bbox 268 2191 333 2229; x_wconf 89' lang='lat' dir='ltr'><strong>Ad</strong></span> <span class='ocrx_word' id='word_1_176' title='bbox 376 2191 479 2231; x_wconf 90' lang='lat' dir='ltr'><strong>illud</strong></span> <span class='ocrx_word' id='word_1_177' title='bbox 521 2202 621 2241; x_wconf 88' lang='lat' dir='ltr'><strong>ergo</strong></span> <span class='ocrx_word' id='word_1_178' title='bbox 662 2191 981 2232; x_wconf 89' lang='lat' dir='ltr'><strong>temulenta</strong></span> <span class='ocrx_word' id='word_1_179' title='bbox 1022 2203 1079 2231; x_wconf 89' lang='lat' dir='ltr'><strong>es</strong></span> <span class='ocrx_word' id='word_1_180' title='bbox 1120 2192 1591 2242; x_wconf 85' lang='lat' dir='ltr'><strong>Pythiasrespondet:</strong></span> <span class='ocrx_word' id='word_1_181' title='bbox 1626 2191 1833 2242; x_wconf 82' lang='lat' dir='ltr'><strong>„Utinam</strong></span> 
     </span>
     <span class='ocr_line' id='line_1_26' title="bbox 268 2267 1832 2328; baseline 0.003 -23"><span class='ocrx_word' id='word_1_182' title='bbox 268 2269 329 2307; x_wconf 87' lang='lat' dir='ltr'><strong>sic</strong></span> <span class='ocrx_word' id='word_1_183' title='bbox 357 2269 445 2308; x_wconf 85' lang='lat' dir='ltr'><strong>sint</strong></span> <span class='ocrx_word' id='word_1_184' title='bbox 462 2269 533 2317; x_wconf 89' lang='lat' dir='ltr'><strong>qui</strong></span> <span class='ocrx_word' id='word_1_185' title='bbox 556 2269 663 2308; x_wconf 89' lang='lat' dir='ltr'><strong>mihi</strong></span> <span class='ocrx_word' id='word_1_186' title='bbox 687 2270 801 2308; x_wconf 88' lang='lat' dir='ltr'><strong>male</strong></span> <span class='ocrx_word' id='word_1_187' title='bbox 819 2269 997 2308; x_wconf 85' lang='lat' dir='ltr'><strong>volunt&#39;’</strong></span> <span class='ocrx_word' id='word_1_188' title='bbox 1013 2282 1021 2309; x_wconf 91' lang='lat'>:</span> <span class='ocrx_word' id='word_1_189' title='bbox 1040 2267 1197 2328; x_wconf 52' lang='grc' dir='ltr'><strong>ἐχθροῖς</strong></span> <span class='ocrx_word' id='word_1_190' title='bbox 1213 2267 1375 2328; x_wconf 71' lang='grc' dir='ltr'><strong><em>χένοιτο.</em></strong></span> <span class='ocrx_word' id='word_1_191' title='bbox 1394 2269 1550 2319; x_wconf 89' lang='lat' dir='ltr'><strong>Lepide</strong></span> <span class='ocrx_word' id='word_1_192' title='bbox 1567 2267 1832 2310; x_wconf 76' lang='lat' dir='ltr'><strong>Scholiasta-x</strong></span> 
     </span>
     <span class='ocr_line' id='line_1_27' title="bbox 272 2345 1831 2396; baseline 0.003 -13"><span class='ocrx_word' id='word_1_193' title='bbox 272 2345 415 2394; x_wconf 60' lang='lat' dir='ltr'><strong>„bene</strong></span> <span class='ocrx_word' id='word_1_194' title='bbox 445 2357 529 2385; x_wconf 89' lang='lat' dir='ltr'><strong>non</strong></span> <span class='ocrx_word' id='word_1_195' title='bbox 557 2347 722 2385; x_wconf 90' lang='lat' dir='ltr'><strong>ebrium</strong></span> <span class='ocrx_word' id='word_1_196' title='bbox 751 2357 846 2385; x_wconf 87' lang='lat' dir='ltr'><strong>esse</strong></span> <span class='ocrx_word' id='word_1_197' title='bbox 873 2347 917 2385; x_wconf 91' lang='lat' dir='ltr'><strong>in</strong></span> <span class='ocrx_word' id='word_1_198' title='bbox 944 2347 1223 2386; x_wconf 89' lang='lat' dir='ltr'><strong>maledictum</strong></span> <span class='ocrx_word' id='word_1_199' title='bbox 1252 2347 1394 2396; x_wconf 86' lang='lat' dir='ltr'><strong>vertit,</strong></span> <span class='ocrx_word' id='word_1_200' title='bbox 1423 2346 1545 2395; x_wconf 87' lang='lat' dir='ltr'><strong>quasi</strong></span> <span class='ocrx_word' id='word_1_201' title='bbox 1572 2355 1674 2385; x_wconf 87' lang='lat' dir='ltr'><strong>vero</strong></span> <span class='ocrx_word' id='word_1_202' title='bbox 1694 2347 1831 2388; x_wconf 83' lang='lat' dir='ltr'><strong>temu-</strong></span> 
     </span>
     <span class='ocr_line' id='line_1_28' title="bbox 268 2420 947 2462; baseline 0.006 -5"><span class='ocrx_word' id='word_1_203' title='bbox 268 2420 432 2459; x_wconf 73' lang='lat' dir='ltr'><strong>lentum</strong></span> <span class='ocrx_word' id='word_1_204' title='bbox 467 2433 561 2460; x_wconf 82' lang='lat' dir='ltr'><strong>esse</strong></span> <span class='ocrx_word' id='word_1_205' title='bbox 594 2422 814 2461; x_wconf 83' lang='lat' dir='ltr'><strong>felicitatis</strong></span> <span class='ocrx_word' id='word_1_206' title='bbox 846 2422 947 2462; x_wconf 88' lang='lat' dir='ltr'><strong>sit.”</strong></span> 
     </span>
     <span class='ocr_line' id='line_1_29' title="bbox 325 2489 1735 2546; baseline 0.001 -11"><span class='ocrx_word' id='word_1_207' title='bbox 325 2497 482 2535; x_wconf 84' lang='lat' dir='ltr'><strong>Audito</strong></span> <span class='ocrx_word' id='word_1_208' title='bbox 515 2498 676 2537; x_wconf 88' lang='lat' dir='ltr'><strong>frustra</strong></span> <span class='ocrx_word' id='word_1_209' title='bbox 708 2489 854 2546; x_wconf 86' lang='lat' dir='ltr'><strong>quaeri</strong></span> <span class='ocrx_word' id='word_1_210' title='bbox 886 2497 1132 2537; x_wconf 88' lang='lat' dir='ltr'><strong>maleficum</strong></span> <span class='ocrx_word' id='word_1_211' title='bbox 1165 2497 1375 2537; x_wconf 87' lang='lat' dir='ltr'><strong>Phaedria</strong></span> <span class='ocrx_word' id='word_1_212' title='bbox 1406 2497 1469 2537; x_wconf 88' lang='lat' dir='ltr'><strong>sic</strong></span> <span class='ocrx_word' id='word_1_213' title='bbox 1501 2497 1599 2543; x_wconf 89' lang='grc'>(661</span> <span class='ocrx_word' id='word_1_214' title='bbox 1631 2499 1735 2546; x_wconf 88' lang='lat' dir='ltr'><strong>sq.):</strong></span> 
     </span>
     <span class='ocr_line' id='line_1_30' title="bbox 1053 2573 1560 2622; baseline 0 -10"><span class='ocrx_word' id='word_1_215' title='bbox 1053 2574 1225 2622; x_wconf 89' lang='lat' dir='ltr'><strong>Nequeo</strong></span> <span class='ocrx_word' id='word_1_216' title='bbox 1257 2573 1407 2612; x_wconf 87' lang='lat' dir='ltr'><strong>mirari</strong></span> <span class='ocrx_word' id='word_1_217' title='bbox 1439 2573 1560 2622; x_wconf 84' lang='lat' dir='ltr'><strong>satis,</strong></span> 
     </span>
     <span class='ocr_line' id='line_1_31' title="bbox 384 2648 1729 2698; baseline 0.001 -12"><span class='ocrx_word' id='word_1_218' title='bbox 384 2648 472 2696; x_wconf 82' lang='lat' dir='ltr'><strong>Quo</strong></span> <span class='ocrx_word' id='word_1_219' title='bbox 506 2648 592 2687; x_wconf 85' lang='lat' dir='ltr'><strong>illic</strong></span> <span class='ocrx_word' id='word_1_220' title='bbox 624 2649 739 2687; x_wconf 87' lang='lat' dir='ltr'><strong>abire</strong></span> <span class='ocrx_word' id='word_1_221' title='bbox 773 2649 952 2698; x_wconf 87' lang='lat' dir='ltr'><strong>ignavos</strong></span> <span class='ocrx_word' id='word_1_222' title='bbox 983 2649 1121 2698; x_wconf 86' lang='lat' dir='ltr'><strong>possit</strong></span> <span class='ocrx_word' id='word_1_223' title='bbox 1152 2649 1333 2698; x_wconf 84' lang='lat' dir='ltr'><strong>longius,</strong></span> <span class='ocrx_word' id='word_1_224' title='bbox 1367 2649 1451 2687; x_wconf 91' lang='lat' dir='ltr'><strong>nisi</strong></span> <span class='ocrx_word' id='word_1_225' title='bbox 1482 2649 1520 2687; x_wconf 91' lang='lat' dir='ltr'><strong>si</strong></span> <span class='ocrx_word' id='word_1_226' title='bbox 1551 2648 1729 2688; x_wconf 91' lang='lat' dir='ltr'><strong>domum</strong></span> 
     </span>
     <span class='ocr_line' id='line_1_32' title="bbox 384 2724 1634 2782; baseline 0.003 -21"><span class='ocrx_word' id='word_1_227' title='bbox 384 2724 508 2762; x_wconf 83' lang='lat' dir='ltr'><strong>Forte</strong></span> <span class='ocrx_word' id='word_1_228' title='bbox 541 2724 592 2762; x_wconf 83' lang='lat' dir='ltr'><strong>ad</strong></span> <span class='ocrx_word' id='word_1_229' title='bbox 625 2734 703 2762; x_wconf 91' lang='lat' dir='ltr'><strong>nos</strong></span> <span class='ocrx_word' id='word_1_230' title='bbox 735 2724 872 2763; x_wconf 83' lang='lat' dir='ltr'><strong>rediit.</strong></span> <span class='ocrx_word' id='word_1_231' title='bbox 1572 2779 1575 2782; x_wconf 20' lang='grc' dir='ltr'>ι</span> <span class='ocrx_word' id='word_1_232' title='bbox 1631 2768 1634 2770; x_wconf 59' lang='grc'>,</span> 
     </span>
     <span class='ocr_line' id='line_1_33' title="bbox 264 2798 1826 2848; baseline 0.002 -13"><span class='ocrx_word' id='word_1_233' title='bbox 264 2798 325 2835; x_wconf 80' lang='lat' dir='ltr'><strong>Ne</strong></span> <span class='ocrx_word' id='word_1_234' title='bbox 353 2799 579 2837; x_wconf 79' lang='lat' dir='ltr'><strong>trochaeus</strong></span> <span class='ocrx_word' id='word_1_235' title='bbox 607 2799 718 2838; x_wconf 85' lang='lat' dir='ltr'><strong>inter</strong></span> <span class='ocrx_word' id='word_1_236' title='bbox 735 2810 887 2838; x_wconf 88' lang='lat' dir='ltr'><strong>versus</strong></span> <span class='ocrx_word' id='word_1_237' title='bbox 905 2799 1114 2839; x_wconf 88' lang='lat' dir='ltr'><strong>iambicos</strong></span> <span class='ocrx_word' id='word_1_238' title='bbox 1130 2800 1278 2839; x_wconf 90' lang='lat' dir='ltr'><strong>veniat</strong></span> <span class='ocrx_word' id='word_1_239' title='bbox 1294 2799 1422 2848; x_wconf 86' lang='lat' dir='ltr'><strong>vulgo</strong></span> <span class='ocrx_word' id='word_1_240' title='bbox 1439 2809 1552 2838; x_wconf 86' lang='lat' dir='ltr'><strong>nunc</strong></span> <span class='ocrx_word' id='word_1_241' title='bbox 1569 2798 1709 2838; x_wconf 88' lang='lat' dir='ltr'><strong>editur</strong></span> <span class='ocrx_word' id='word_1_242' title='bbox 1724 2809 1790 2848; x_wconf 90' lang='lat' dir='ltr'><strong>qu</strong></span> <span class='ocrx_word' id='word_1_243' title='bbox 1801 2809 1826 2838; x_wconf 95' lang='lat' dir='ltr'><strong>o</strong></span> 
     </span>
     <span class='ocr_line' id='line_1_34' title="bbox 264 2873 1826 2924; baseline 0.002 -14"><span class='ocrx_word' id='word_1_244' title='bbox 264 2873 386 2911; x_wconf 87' lang='lat' dir='ltr'><strong>illic</strong></span> <span class='ocrx_word' id='word_1_245' title='bbox 420 2884 493 2921; x_wconf 84' lang='lat' dir='ltr'><strong>pro</strong></span> <span class='ocrx_word' id='word_1_246' title='bbox 527 2885 627 2921; x_wconf 86' lang='lat' dir='ltr'><strong>quo</strong></span> <span class='ocrx_word' id='word_1_247' title='bbox 661 2875 773 2913; x_wconf 88' lang='lat' dir='ltr'><strong>ille.</strong></span> <span class='ocrx_word' id='word_1_248' title='bbox 808 2876 1005 2923; x_wconf 85' lang='lat' dir='ltr'><strong>Agnosco</strong></span> <span class='ocrx_word' id='word_1_249' title='bbox 1038 2875 1242 2915; x_wconf 88' lang='lat' dir='ltr'><strong>correctio</strong></span> <span class='ocrx_word' id='word_1_250' title='bbox 1275 2875 1313 2914; x_wconf 92' lang='lat' dir='ltr'><strong>is</strong></span> <span class='ocrx_word' id='word_1_251' title='bbox 1345 2884 1534 2924; x_wconf 86' lang='lat' dir='ltr'><strong>causam,</strong></span> <span class='ocrx_word' id='word_1_252' title='bbox 1568 2874 1708 2923; x_wconf 89' lang='lat' dir='ltr'><strong>ipsam</strong></span> <span class='ocrx_word' id='word_1_253' title='bbox 1741 2884 1826 2914; x_wconf 89' lang='lat' dir='ltr'><strong>non</strong></span> 
     </span>
     <span class='ocr_line' id='line_1_35' title="bbox 263 2886 1824 3026; baseline 0.002 -41"><span class='ocrx_word' id='word_1_254' title='bbox 263 2948 413 2996; x_wconf 83' lang='lat' dir='ltr'><strong>probo:</strong></span> <span class='ocrx_word' id='word_1_255' title='bbox 459 2959 606 3005; x_wconf 71' lang='lat' dir='ltr'><strong>cascas</strong></span> <span class='ocrx_word' id='word_1_256' title='bbox 649 2950 763 2988; x_wconf 83' lang='lat' dir='ltr'><strong>enim</strong></span> <span class='ocrx_word' id='word_1_257' title='bbox 806 2951 1112 2990; x_wconf 71' lang='lat' dir='ltr'><strong>vocabulorum</strong></span> <span class='ocrx_word' id='word_1_258' title='bbox 1154 2886 1339 3026; x_wconf 33' lang='lat' dir='ltr'><strong>foi-123&amp;¹</strong></span> <span class='ocrx_word' id='word_1_259' title='bbox 1358 2923 1482 2989; x_wconf 64' lang='lat' dir='ltr'><strong>Ssstru</strong></span> <span class='ocrx_word' id='word_1_260' title='bbox 1512 2942 1583 2988; x_wconf 84' lang='lat' dir='ltr'><strong>ere</strong></span> <span class='ocrx_word' id='word_1_261' title='bbox 1626 2949 1824 2988; x_wconf 86' lang='lat' dir='ltr'><strong>Terentio</strong></span> 
     </span>
     <span class='ocr_line' id='line_1_36' title="bbox 262 3023 1825 3074; baseline 0.003 -14"><span class='ocrx_word' id='word_1_262' title='bbox 262 3023 409 3061; x_wconf 80' lang='lat' dir='ltr'><strong>invitis</strong></span> <span class='ocrx_word' id='word_1_263' title='bbox 443 3024 657 3061; x_wconf 78' lang='lat' dir='ltr'><strong>codicibus</strong></span> <span class='ocrx_word' id='word_1_264' title='bbox 690 3036 771 3062; x_wconf 86' lang='lat' dir='ltr'><strong>non</strong></span> <span class='ocrx_word' id='word_1_265' title='bbox 805 3026 958 3074; x_wconf 66' lang='lat' dir='ltr'><strong>ausim,</strong></span> <span class='ocrx_word' id='word_1_266' title='bbox 987 3026 1208 3074; x_wconf 83' lang='lat' dir='ltr'><strong>multoque</strong></span> <span class='ocrx_word' id='word_1_267' title='bbox 1234 3025 1342 3064; x_wconf 89' lang='lat' dir='ltr'><strong>mihi</strong></span> <span class='ocrx_word' id='word_1_268' title='bbox 1369 3025 1526 3064; x_wconf 88' lang='lat' dir='ltr'><strong>arridet</strong></span> <span class='ocrx_word' id='word_1_269' title='bbox 1552 3024 1693 3073; x_wconf 89' lang='lat' dir='ltr'><strong>magis</strong></span> <span class='ocrx_word' id='word_1_270' title='bbox 1719 3025 1825 3064; x_wconf 69' lang='lat' dir='ltr'><strong>haec</strong></span> 
     </span>
    </p>
   </div>
  </div>
 </body>
</html>
