2034 3334
1069 341 1155 384 158

353 470 564 514 obstinato
613 470 755 512 animo
797 471 839 512 et
878 470 1042 512 ceteros
1073 467 1189 510 viros
1220 469 1263 510 et
1292 477 1362 510 me
1390 465 1524 523 fugit3
1560 464 1748 510 difficilis
1778 465 1854 510 ille

353 551 417 591 est
457 546 588 602 labor,
630 546 705 589 sed
746 548 821 588 tua
862 557 932 588 ars
963 543 1071 587 nihil
1102 556 1190 586 non
1220 545 1382 600 potest:
1413 545 1463 586 tu
1493 541 1627 586 silvas
1657 541 1856 600 ferasque

353 624 407 667 ad
437 627 479 666 te
509 623 654 678 trahis,
684 621 763 665 tibi
794 620 1004 665 Cerberus
1036 620 1178 675 cessit,
1207 622 1251 662 te
1277 622 1457 662 canente
1479 617 1607 661 Ixion
1622 604 1867 676 Tityosque*

350 702 540 744 riserunt
584 703 626 743 et
667 700 789 742 urnis
821 701 1029 742 vacarunt
1059 695 1274 741 Belides.”
1305 695 1370 739 Eo
1402 695 1478 739 ubi
1504 698 1759 753 perventum
1789 698 1856 740 em

351 780 476 834 poe'ta
521 776 700 819 Pindari
740 777 886 831 instar,
928 774 1095 818 exordii
1135 774 1262 830 plane
1301 774 1538 829 immemor,
1568 773 1615 815 in
1645 785 1735 816 una
1764 783 1856 816 cnr*-

352 855 480 896 minis
535 856 656 910 parte
701 851 949 895 exornanda
997 851 1073 894 diu
1119 851 1388 904 immoratur,
1434 852 1476 892 et
1522 848 1654 892 semel
1698 848 1856 892 iniecta

351 928 595 972 Danaidum
645 929 862 971 mentione
903 927 1051 970 multis
1094 925 1292 969 versibus
1323 937 1455 968 unam
1484 924 1671 982 illarum,
1701 924 1856 968 sorori·

353 1005 435 1048 bus
466 1005 594 1062 longe
626 1008 924 1061 praestantem,
955 1002 1151 1047 celebrat.

413 1081 485 1125 Sic
530 1085 643 1125 certe
689 1082 892 1124 carminis
941 1080 1184 1123 absurditas
1224 1077 1394 1122 sublata
1434 1077 1526 1133 erit,
1566 1076 1764 1134 strophae
1803 1075 1858 1121 de

354 1157 486 1215 Lyde,
519 1171 628 1215 quas
659 1158 892 1201 admodum
923 1157 1124 1214 pulchras
1154 1168 1250 1199 esse
1275 1155 1453 1198 minime
1477 1165 1602 1211 nego,
1629 1152 1856 1197 benecum
1982 1185 2007 1203 ..

353 1235 706 1292 praecedentibus
749 1233 1046 1278 cohaerebunt.
1097 1233 1181 1276 Sed
1211 1244 1355 1288 neque
1383 1231 1501 1274 illam
1532 1229 1702 1274 delendi
1730 1229 1859 1273 ratio*

355 1325 454 1355 nem
486 1311 631 1368 probo,
662 1314 704 1354 et
733 1311 802 1354 vel
829 1311 891 1353 sic
917 1314 1054 1353 totum
1083 1321 1256 1352 carmen
1282 1309 1376 1351 eius
1401 1308 1465 1351 rei
1490 1307 1543 1350 de
1559 1320 1647 1364 qua
1660 1305 1858 1350 dicebam

356 1388 604 1444 exemplum
638 1391 712 1431 est.
745 1386 899 1444 Sperni
930 1388 1045 1429 enim
1079 1398 1126 1429 se
1157 1399 1182 1428 a
1207 1383 1327 1439 Lyde
1353 1383 1495 1428 verbis
1512 1384 1710 1447 queritur
1722 1384 1860 1440 poeta,

354 1477 503 1508 revera
532 1477 619 1507 non
652 1468 785 1507 curat.

381 1515 480 1596 sH,
484 1532 555 1583 ΒΛ
572 1541 854 1597 Lepidissimo
886 1539 1075 1581 carmine
1105 1537 1294 1580 Barinen
1327 1537 1412 1591 (vel
1442 1537 1735 1594 quodcunque
1762 1538 1859 1579 tan-

357 1574 652 1674 deff-fidenae
684 1629 841 1660 nomen
873 1617 964 1670 est),
995 1628 1021 1657 a
1053 1628 1138 1670 qua
1164 1615 1290 1656 toties
1307 1614 1364 1656 sit
1380 1613 1597 1670 deceptus,
1611 1611 1860 1669 perstnngrt

357 1698 399 1737 et
447 1694 628 1749 „''dente
669 1695 728 1736 ait
763 1694 828 1748 „si
857 1693 980 1748 nigro
1012 1691 1136 1734 fieres
1169 1690 1237 1733 vel
1269 1703 1358 1732 uno
1389 1689 1556 1745 turpior
1585 1688 1738 1746 ungui,
1765 1699 1859 1731 cre—

357 1771 528 1815 derem'’
577 1784 632 1814 sc.
679 1770 847 1826 fabulas
879 1781 989 1825 quae
1020 1769 1072 1811 de
1102 1768 1283 1824 periurii
1313 1767 1463 1824 poenis
1494 1764 1859 1834 circumferuntur

356 1861 480 1909 veras
526 1860 630 1897 esse.
681 1845 835 1901 „Nunc
881 1846 969 1888 scio
1012 1845 1249 1887 amantium
1280 1843 1467 1899 periuria
1498 1842 1580 1885 diis
1611 1853 1740 1885 curae
1765 1825 1884 1884 ιιιῖιιἫ

357 1937 463 1980 esse,
493 1938 591 1967 nam
621 1927 670 1966 tu
697 1923 958 1979 simulatque
973 1922 1170 1978 peierasti
1187 1920 1321 1963 multo
1339 1919 1555 1976 pulchrior
1571 1917 1692 1962 exis?
1697 1916 1859 1974 'Saepe

358 2015 458 2058 ergo
507 2002 600 2044 eins
645 1999 868 2057 perfidiam
915 2002 1120 2055 expertus
1152 2001 1228 2052 est,
1261 2000 1373 2040 certe
1406 1998 1634 2052 expertum
1665 2006 1713 2039 se
1743 1993 1858 2038 dicit„

417 2078 488 2120 Ex
516 2078 665 2120 eodem
695 2089 852 2133 genere
882 2079 947 2118 est
977 2074 1110 2132 Epod.
1142 2074 1240 2140 XJ.
1273 2073 1337 2116 Eo
1368 2074 1484 2116 enim
1509 2071 1700 2116 Neaerae
1713 2071 1860 2115 iocosa

357 2155 565 2211 gravitate
595 2155 639 2195 in
673 2153 921 2195 memoriam
948 2135 1321 2194 revocat‘noctem
1355 2163 1441 2206 qua
1470 2161 1546 2205 per
1579 2160 1729 2192 omnes
1757 2146 1861 2190 deos

358 2231 546 2286 deosque
591 2230 789 2286 promisit
841 2228 955 2283 „fore
998 2229 1115 2270 hunc
1156 2240 1345 2270 amorem
1386 2230 1599 2268 mutuum.
1639 2224 1701 2267 At
1731 2233 1861 2280 quam

358 2306 566 2363 turpiter”
613 2307 672 2348 ait
722 2318 816 2360 „me
862 2304 1137 2347 iureiurando
1185 2307 1260 2346 tuo
1304 2302 1528 2358 decepisti3
1572 2300 1703 2343 alium
1745 2299 1862 2343 enim

359 2384 464 2425 mihi
501 2383 699 2439 praefers.
731 2382 813 2425 Sed
845 2382 934 2423 noli
965 2381 1148 2423 nimium
1181 2379 1341 2422 formae
1371 2382 1472 2421 tuae
1504 2376 1729 2431 confidere,
1758 2386 1858 2418 nam

359 2460 529 2501 tandem
577 2458 807 2514 aliquando
853 2458 990 2500 aderit
1035 2461 1217 2512 tempus,
1264 2467 1349 2511 quo
1391 2467 1478 2496 non
1519 2453 1684 2495 diutius
1725 2450 1861 2494 feram

362 2535 625 2577 assiduas
673 2539 713 2577 te
759 2534 912 2590 pofiori
959 2533 1059 2576 dare
1099 2535 1321 2586 noctes,
1363 2534 1454 2573 tum
1497 2542 1567 2572 me
1597 2526 1858 2571 desiderabis

362 2624 439 2652 nec
486 2624 683 2653 revocare
729 2609 927 2666 poteris.”
974 2609 1090 2651 Hinc
1137 2621 1184 2651 se
1228 2606 1545 2667 Qmumm
1577 2603 1787 2646 convertit
1816 2605 1859 2658 et

365 2686 522 2739 „cave”
555 2688 696 2742 inquit
728 2700 851 2740 „nam
884 2698 994 2741 quae
1025 2697 1143 2727 nunc
1172 2697 1241 2727 me
1271 2696 1372 2739 prae
1402 2683 1489 2725 tuis
1521 2681 1682 2723 divitiis
1697 2682 1860 2735 tuaque

361 2763 553 2804 doctrina
594 2764 826 2804 contemnit
857 2775 960 2803 mox
991 2761 1097 2803 alios
1129 2759 1208 2803 tibi
1238 2758 1466 2815 praeferet3
1500 2761 1592 2799 tum
1616 2759 1667 2798 tu
1682 2753 1857 2810 dolebis,

362 2850 438 2893 ego
476 2837 663 2880 ridebo.’'
696 2837 837 2880 Suave
868 2850 1039 2879 carmen
1071 2839 1147 2892 est,
1176 2849 1283 2878 num
1314 2835 1405 2878 veri
1435 2834 1592 2876 amoris
1619 2819 1858 2888 quidquam
