2034 3334
999 338 1084 379 200

291 461 462 504 solliciti
507 461 643 504 estis?
688 461 788 504 Non
833 465 919 505 tam
967 463 1116 507 multis
1162 462 1291 507 rebus
1338 477 1446 521 opus
1492 467 1558 508 est
1598 464 1652 508 ad
1682 463 1792 510 bene

291 536 498 594 beateque
543 538 788 581 vivendum.
833 537 994 590 Quidni
1033 541 1179 596 potius
1221 540 1399 584 modicis
1441 540 1595 598 opibus
1626 540 1792 585 modice

290 613 516 656 fruimini?
564 613 669 657 Vini
715 615 942 672 paululum
991 629 1117 660 curas
1162 617 1302 673 pellit3
1350 630 1374 661 e
1419 621 1564 662 nostra
1596 618 1791 674 ipsorum

290 691 618 748 intemperantia
660 696 900 736 nascuntur
943 693 1078 747 mala3
1117 695 1233 738 curis
1264 698 1448 751 augetur
1477 695 1604 738 sortis
1634 695 1794 752 iniqui-

288 766 395 810 tas.”
442 767 494 810 In
538 768 636 811 illos
680 769 793 813 solos
834 769 1015 813 acerbus
1056 774 1122 813 est
1153 771 1228 827 qui
1260 771 1383 814 malis
1415 771 1590 827 artibus,
1621 771 1793 815 scurrili

288 843 454 899 facetia,
481 844 644 888 abiecta
660 845 905 889 adulatione
922 846 1069 890 eodem
1089 848 1313 903 pervenire
1329 848 1529 891 studeant
1545 860 1630 905 quo
1645 849 1790 906 ipsum

294 920 488 964 doctrina
519 921 750 964 adduxerit
779 923 1112 979 ingeniumque;
1139 923 1202 965 illi
1229 924 1344 966 euim
1371 937 1425 967 ne
1441 937 1590 967 eorum
1607 935 1792 981 quoque,

293 997 371 1052 qui
417 997 594 1040 honeste
635 997 997 1054 amplissimorum
1029 1000 1220 1042 virorum
1251 999 1438 1043 favorem
1473 1000 1586 1043 nacti
1617 999 1794 1044 honeste

293 1084 342 1115 θο
388 1076 584 1128 utuntur,
638 1073 796 1116 famam
844 1075 1157 1118 commaculent
1204 1078 1345 1119 metus
1392 1079 1466 1119 est.
1512 1075 1622 1119 Nam
1669 1089 1792 1120 suam

293 1151 449 1192 sortem
482 1149 690 1193 Horatius
722 1154 847 1206 amat,
880 1152 918 1194 si
949 1164 1034 1213 non
1069 1152 1280 1209 ardenter,
1313 1156 1456 1196 tamen
1482 1156 1572 1196 toto
1598 1156 1792 1210 pectore:

293 1228 407 1268 amat
431 1224 638 1269 Sabinum
667 1240 810 1281 suum,
834 1227 995 1271 fontem
1024 1241 1110 1284 quo
1136 1229 1341 1285 irrigatur
1366 1231 1479 1283 (nam
1497 1230 1640 1273 missis
1657 1229 1793 1274 doctis

294 1301 668 1358 disputationibus,
712 1317 896 1360 quarum
929 1317 1076 1347 ansam
1107 1305 1222 1348 dedit
1253 1318 1407 1349 nomen
1441 1305 1684 1350 Bandusiae
1713 1306 1794 1362 III,

297 1378 364 1434 13,
395 1379 476 1421 hoc
506 1379 600 1422 dico
631 1379 874 1437 Horatium,
907 1395 1042 1437 quum
1069 1381 1143 1424 illo
1170 1383 1344 1424 nomine
1370 1385 1561 1425 uteretur
1577 1382 1630 1425 de
1645 1381 1794 1426 Sabini

293 1455 456 1511 praedii
501 1455 619 1499 fonte
664 1459 899 1513 cogitasse),
951 1457 1162 1514 „parvos”
1209 1458 1309 1501 deos
1349 1459 1394 1501 in
1437 1471 1621 1515 quorum
1661 1458 1794 1503 tutela

293 1531 515 1586 praedium
547 1536 622 1588 est,
652 1533 831 1587 libellos,
863 1533 1021 1589 quibus
1053 1534 1326 1578 solitudinem
1359 1535 1614 1590 consolatur,
1641 1536 1792 1578 vinum

294 1607 477 1663 salubre,
525 1609 640 1663 quod
686 1610 731 1651 in
773 1609 860 1652 illis
903 1611 1094 1653 nascitur
1133 1611 1271 1665 terris,
1313 1611 1502 1654 modicas
1543 1610 1621 1654 sed
1650 1614 1792 1654 tamen

294 1683 448 1726 hilares
495 1684 642 1739 epulas
689 1698 796 1740 quas
839 1698 937 1727 cum
980 1685 1262 1729 familiaribus
1301 1687 1543 1743 vicinisque
1583 1686 1791 1742 celebrat3

295 1760 370 1803 sed
401 1760 462 1802 nil
494 1761 533 1803 ei
563 1762 711 1804 amicis
743 1765 808 1804 est
839 1763 990 1805 carius.
1023 1762 1232 1805 Homines
1258 1764 1387 1819 enim,
1416 1763 1674 1819 quibuscum
1692 1776 1792 1807 eum
1848 1786 1854 1791 ·

295 1849 388 1879 sors
429 1837 666 1891 coniunxit,
697 1838 756 1879 ita
788 1837 985 1880 observat
1016 1842 1064 1880 ut
1097 1851 1244 1881 verum
1277 1838 1396 1881 decet
1426 1838 1654 1892 artificem3
1685 1838 1794 1881 nihil

295 1925 394 1969 ergo
427 1913 616 1969 epistolis
647 1915 934 1970 praestantius
963 1914 1070 1971 fingi
1100 1919 1239 1971 potest
1271 1929 1378 1971 quas
1410 1919 1604 1958 maturus
1633 1915 1720 1958 iam
1751 1918 1794 1958 et

297 1990 431 2032 multo
478 2002 561 2032 usu
612 1990 843 2046 multisque
887 1991 1021 2033 literis
1069 1991 1220 2034 doctus
1267 1992 1458 2048 scripsit,
1500 1992 1654 2035 vivunt
1692 1991 1793 2035 illae

295 2067 530 2122 viventque
576 2080 744 2123 semper
788 2071 829 2110 et
870 2067 1116 2124 spirabunt:
1160 2070 1354 2111 omnium
1396 2069 1509 2111 enim
1551 2073 1791 2125 temporum
1851 2073 1855 2078 '

297 2147 400 2186 sunt
445 2144 726 2199 omniumque
765 2144 970 2187 locorum.
1012 2144 1144 2187 Tanta
1176 2150 1266 2188 arte
1296 2145 1356 2187 ibi
1388 2146 1582 2189 homines
1615 2145 1793 2202 quibus-

297 2233 396 2262 cum
443 2221 599 2274 vivere,
639 2221 781 2274 iocari,
821 2221 947 2276 genio
978 2221 1202 2277 indulgere
1233 2222 1394 2265 solebat
1425 2222 1715 2278 depinguntur
1743 2225 1795 2266 ut

297 2309 369 2338 eos
416 2297 560 2340 videre
606 2300 648 2339 et
694 2297 843 2340 audire
889 2297 1013 2341 nobis
1054 2299 1286 2341 videamur.
1328 2298 1615 2354 Epistolarum
1648 2302 1791 2343 autem

295 2372 581 2427 lepidissimae
627 2373 724 2415 illae
765 2378 868 2416 sunt
909 2388 1018 2430 quas
1060 2375 1113 2417 ad
1145 2375 1363 2429 amiculus,
1395 2375 1683 2418 adolescentes
1712 2376 1794 2418 im-

295 2450 552 2505 peritosque,
585 2451 773 2505 scripsit:
811 2464 942 2506 quam
974 2451 1138 2506 leniter,
1171 2465 1299 2507 quam
1317 2452 1506 2494 suaviter
1521 2451 1792 2496 vehementes

294 2524 464 2566 illorum
491 2526 601 2568 ridet
627 2539 804 2581 amores,
831 2527 941 2581 lites,
966 2527 1192 2570 levitatem.
1219 2527 1275 2570 Et
1301 2528 1477 2570 odarum
1496 2528 1601 2569 mihi
1618 2527 1791 2583 quidem

298 2603 481 2655 optimae
524 2602 723 2645 videntur
753 2603 905 2646 breves
935 2604 1035 2647 illae
1067 2617 1177 2660 quae
1208 2604 1309 2647 huic
1341 2604 1613 2660 epistolarum
1645 2604 1794 2660 generi

297 2678 382 2718 sint
429 2680 764 2732 cognatissimae.
810 2679 920 2722 Nam
967 2681 1004 2723 si
1051 2681 1149 2736 quis
1197 2693 1264 2723 me
1308 2684 1428 2736 roget
1470 2680 1584 2736 quod
1623 2679 1791 2722 Horatii

296 2766 465 2795 carmen
493 2755 596 2795 mihi
623 2756 811 2798 maxime
837 2756 1051 2811 probetur,
1067 2757 1176 2799 illud
1194 2758 1346 2799 ceteris
1363 2756 1562 2799 omnibus
1577 2759 1791 2812 praestare

298 2830 586 2884 respondeam,
634 2845 719 2885 quo
769 2832 820 2874 de
860 2831 961 2874 Iccii
997 2834 1163 2875 iocatur
1193 2834 1365 2888 ingenio
1396 2832 1591 2902 mfltflbffi
1623 2831 1671 2887 (I,
1704 2832 1789 2888 29),

1622 2894 1748 2933 “r-1)

1663 2936 1678 2948 ‘s

1669 2960 1672 2961 ⁷
1679 2947 1701 2958 ,²-
