2034 3334
959 376 1043 418 107

251 515 374 544 suam
415 476 669 544 sententiam
708 500 870 543 alienae
901 503 1197 556 opponentem.
1230 500 1300 543 Sic
1332 514 1469 556 quum
1500 500 1616 556 apud
1649 499 1753 542 Pro-

249 577 433 632 pertium
463 577 647 632 legimus
680 575 770 631 (IV,
805 577 848 632 4,
879 577 1097 630 23—38):

370 702 516 756 Atque
549 700 624 743 ubi
653 701 738 742 iam
769 700 982 743 Venerem
1013 701 1157 756 gravis
1189 701 1460 756 interceperit
1490 704 1618 757 aetas,

429 777 640 832 Sparserit
670 780 712 819 et
744 777 889 832 nigras
921 776 1015 818 alba
1046 779 1217 818 senecta
1249 789 1406 831 comas,
1448 783 1453 797 '¹

369 852 477 895 Tum
510 853 616 895 mihi
647 855 825 894 naturae
855 851 984 894 libeat
1015 851 1256 907 perdiscere
1287 865 1441 906 mores,

432 927 539 978 Quis
573 928 679 970 deus
711 928 822 969 hanc
854 927 1004 970 mundi
1035 930 1242 982 temperet
1272 931 1362 970 arte
1394 927 1582 983 domum,

372 1003 467 1055 Qua
497 1005 618 1046 venit
650 1004 861 1058 exoriens,
895 1017 981 1058 qua
1013 1002 1166 1057 deficit,
1197 1003 1312 1045 unde
1343 1004 1499 1046 coactis

431 1078 643 1121 Cornibus
674 1079 719 1120 in
752 1078 928 1134 plenum
960 1081 1183 1120 menstrua
1214 1079 1317 1120 luna
1348 1078 1470 1134 redit,

370 1155 496 1198 Unde
528 1155 616 1198 salo
649 1158 853 1211 superant
882 1155 1014 1210 venti,
1049 1154 1154 1210 quid
1185 1153 1358 1197 flamine
1390 1158 1530 1211 captet

430 1230 589 1285 Eurus,
620 1234 662 1273 et
691 1231 738 1272 in
769 1230 907 1273 nubes
941 1230 1055 1273 unde
1085 1232 1286 1286 perennis
1320 1245 1446 1286 aqua,

369 1306 433 1349 Sit
463 1310 644 1349 ventura
676 1307 779 1360 dies,
811 1306 964 1348 mundi
997 1319 1107 1362 quae
1139 1306 1320 1349 subruat
1352 1319 1483 1361 arces,

430 1382 681 1438 Purpureus
713 1382 882 1438 pluvias
914 1395 992 1424 cur
1022 1381 1129 1424 bibit
1159 1395 1285 1430 arcus
1317 1396 1463 1438 aquas,

369 1458 462 1500 Aut
493 1471 571 1500 cur
602 1457 831 1500 Perrhaebi
861 1461 1075 1500 tremuere
1108 1458 1332 1500 cacumina
1362 1458 1501 1508 Pindi,

431 1532 541 1576 Solis
573 1536 615 1576 et
644 1534 791 1575 atratis
822 1533 984 1575 luxerit
1017 1532 1131 1575 orbis
1164 1534 1299 1588 equis,

372 1608 463 1652 Cur
493 1622 615 1652 serus
647 1622 817 1653 versare
848 1609 979 1652 boves
1011 1612 1054 1652 et
1083 1609 1276 1665 plaustra
1306 1609 1477 1665 Bootes,

431 1685 656 1745 Pleiadum
689 1686 826 1741 spisso
858 1698 936 1727 cur
970 1686 1056 1727 coit
1085 1686 1186 1741 igne
1219 1686 1386 1741 chorus,

373 1759 514 1803 Gurve
545 1773 648 1803 suos
678 1760 786 1803 fines
818 1761 952 1802 altum
985 1774 1073 1802 non
1105 1764 1229 1804 exeat
1259 1774 1421 1817 aequor

434 1836 597 1879 Plenus
630 1839 671 1879 et
701 1837 747 1878 in
779 1839 920 1892 partes
953 1839 1138 1891 quatuor
1169 1850 1311 1880 annus
1342 1840 1421 1892 eat,

254 1961 368 2004 haud
398 1962 540 2017 inepte
572 1961 843 2016 suspicemur
874 1973 972 2003 eum
1003 1961 1239 2016 praeclaros
1272 1962 1369 2004 illos
1401 1974 1553 2004 versus
1584 1962 1757 2018 Virgilii

257 2037 422 2093 (Georg.
454 2037 511 2092 II,
542 2037 629 2078 475
663 2039 794 2092 sqq.):

431 2160 502 2203 Me
532 2173 633 2203 vero
664 2161 851 2216 primum
885 2161 1033 2203 dulces
1066 2164 1164 2204 ante
1198 2162 1341 2204 omnia
1372 2160 1523 2204 Musae

434 2235 626 2287 Quarum
659 2249 778 2278 sacra
807 2236 896 2278 fero
931 2238 1097 2292 ingenti
1128 2250 1362 2293 percussus
1393 2251 1537 2280 amore

431 2312 668 2366 Accipiant,
701 2312 895 2367 caelique
927 2313 1019 2354 vias
1051 2316 1093 2354 et
1124 2313 1264 2355 sidera
1288 2316 1539 2367 monstrent,

433 2385 636 2428 Defectus
668 2387 770 2429 solis
802 2388 944 2429 varios
975 2388 1191 2443 lunaeque
1223 2387 1415 2430 labores:

430 2462 557 2504 Unde
589 2465 747 2504 tremor
777 2464 913 2516 terris,
946 2476 1032 2518 qua
1065 2464 1109 2504 vi
1141 2465 1274 2505 maria
1306 2464 1391 2505 alta
1416 2467 1660 2506 tumescant

435 2537 655 2580 Obiicibus
687 2539 825 2593 ruptis
857 2551 1099 2594 rursusque
1129 2540 1175 2580 in
1208 2552 1253 2581 se
1284 2540 1376 2594 ipsa
1409 2540 1609 2594 residant,

433 2613 547 2664 Quid
577 2616 747 2655 tantum
782 2612 951 2656 Oceano
983 2618 1211 2669 properent
1241 2627 1286 2657 se
1317 2617 1515 2670 tinguere
1548 2615 1658 2658 soles

433 2689 628 2743 Hiberni,
658 2689 727 2732 vel
760 2702 869 2744 quae
900 2690 1032 2731 tardis
1066 2703 1185 2731 mora
1218 2690 1417 2733 noctibus
1449 2691 1598 2733 obstet.

432 2765 507 2807 Sin
538 2765 615 2806 has
647 2777 701 2807 ne
733 2766 893 2820 possim
926 2767 1103 2807 naturae
1135 2766 1334 2808 accedere
1366 2770 1508 2821 partes

430 2840 629 2896 Frigidus
662 2839 872 2882 obstiterit
904 2841 1068 2882 circum
1100 2841 1347 2896 praecordia
1380 2842 1569 2897 sanguis,
