2034 3334
793 775 1103 831 CAPUT
1150 775 1250 830 IV.

424 1141 479 1171 DE
511 1140 910 1172 ME'PAMORPHOSEON
940 1141 1198 1172 INVENTIONE
1229 1141 1282 1171 ΕΤ
1314 1140 1616 1172 DISPOSITIONE.

283 1274 494 1317 Severum
536 1275 724 1331 profecto
756 1275 958 1317 adversus
991 1274 1195 1317 Ovidium
1227 1276 1421 1330 proximo
1454 1276 1592 1331 capite
1624 1276 1695 1331 egi
1727 1289 1818 1317 cen-

223 1359 384 1395 sorem,
435 1359 546 1387 nunc
593 1345 645 1387 ad
692 1344 839 1387 laudes
887 1347 979 1387 eius
1021 1345 1159 1388 redeo.
1203 1345 1252 1387 In
1294 1346 1448 1401 quibus
1492 1345 1631 1388 multo
1674 1359 1817 1388 versor

221 1414 463 1467 lubentius,
512 1429 699 1471 quasque
745 1417 789 1456 in
836 1414 948 1458 clara
994 1430 1147 1471 ponere
1193 1415 1288 1458 luce
1338 1415 1474 1458 multo
1522 1420 1585 1457 est
1632 1414 1816 1458 facilius.

223 1485 437 1541 Quidquid
479 1490 624 1528 autem
666 1487 711 1527 in
753 1486 1168 1541 Metamorphosesin
1200 1485 1370 1536 laudas,
1405 1490 1494 1528 tota
1525 1485 1646 1542 longi
1678 1487 1816 1541 operis

223 1556 447 1612 dispositio
481 1556 550 1599 vel
581 1558 771 1598 maximo
804 1561 868 1599 est
900 1556 1031 1613 digna
1062 1558 1298 1612 praeconio.
1332 1556 1423 1608 Qua
1454 1556 1648 1598 effectum
1677 1561 1740 1598 est
1767 1560 1818 1598 ut

223 1626 331 1670 liber
370 1627 469 1677 ille,
511 1641 657 1670 omnes
688 1627 784 1669 inde
816 1641 839 1669 a
871 1627 1031 1669 mundo
1063 1632 1202 1669 creato
1234 1641 1368 1682 usque
1401 1627 1453 1668 ad
1485 1628 1677 1683 Augusti
1708 1641 1817 1668 mor-

223 1701 314 1739 tem
354 1711 579 1754 corporum
619 1699 878 1740 mutationes
909 1697 1180 1753 complexus,
1213 1711 1348 1753 neque
1379 1699 1424 1739 in
1456 1699 1717 1740 immensum
1750 1712 1817 1739 ex-

224 1773 450 1819 cresceret,
493 1772 558 1818 et,
602 1783 700 1811 cum
745 1773 890 1811 tamen
932 1768 1003 1811 vel
1045 1770 1105 1810 sic
1148 1770 1252 1810 sat-is
1295 1768 1465 1824 amplus
1498 1770 1701 1818 evaserit,
1735 1782 1816 1810 non

224 1838 363 1881 solum
394 1840 484 1880 sine
515 1838 653 1880 taedio
686 1838 850 1895 perlegi
880 1840 1014 1894 possit
1047 1838 1120 1881 sed
1147 1840 1278 1881 etiam
1307 1842 1478 1880 tantum
1505 1853 1588 1881 non
1616 1839 1668 1881 ab
1692 1839 1816 1880 initio

224 1923 359 1965 usque
391 1909 442 1951 ad
475 1908 601 1951 finem
635 1908 856 1951 dulcedine
889 1923 964 1951 sua
997 1908 1214 1965 legentem
1247 1909 1446 1951 detineat.
1481 1908 1572 1960 Qua
1605 1913 1693 1950 arte
1725 1910 1817 1964 qui-

223 1980 388 2035 busque
419 1978 608 2021 artificiis
640 1993 687 2021 eo
721 1978 899 2021 Ovidius
929 1980 1190 2035 pervenerit,
1224 1979 1325 2022 licet
1357 1983 1479 2021 antea
1503 1981 1591 2021 iam
1619 1979 1815 2029 dixerim,

226 2051 410 2099 iterum,
453 2049 526 2091 sed
566 2049 691 2105 paulo
722 2052 983 2100 accuratius,
1018 2064 1116 2092 mox
1150 2064 1372 2105 exponam.
1405 2048 1466 2092 At
1498 2064 1632 2100 nunc,
1665 2063 1717 2091 ne
1749 2050 1815 2091 ad-

226 2121 433 2163 versarios
466 2120 573 2161 mihi
604 2121 810 2170 excitem,
845 2119 1076 2162 clamantes
1104 2123 1263 2167 temere
1290 2134 1360 2162 me
1387 2118 1592 2162 Ovidium
1617 2119 1816 2161 laudibus

226 2204 395 2240 ornare,
440 2191 514 2245 qui
555 2204 639 2232 non
682 2194 804 2232 antea
837 2189 984 2232 sedulo
1010 2192 1312 2246 investigarim
1345 2190 1443 2245 quid
1479 2189 1592 2244 apud
1624 2193 1817 2231 auctores

225 2275 324 2304 suos
349 2262 564 2303 invenerit
591 2260 789 2312 Ovidius,
818 2260 918 2315 quid
947 2261 1201 2316 excogitarit
1227 2261 1337 2315 ipse,
1366 2259 1443 2302 illa
1469 2264 1614 2302 autem
1633 2274 1699 2302 res
1716 2274 1816 2302 cum

226 2333 278 2375 ad
318 2337 485 2374 certum
523 2335 726 2373 eventum
759 2345 897 2386 neque
927 2331 1131 2386 perducta
1163 2332 1219 2372 sit
1251 2344 1385 2386 neque
1417 2330 1594 2372 fortasse
1625 2344 1816 2385 unquam

224 2401 399 2458 perduci
444 2402 601 2456 possit,
649 2401 879 2457 indignum
921 2414 1010 2443 esse
1050 2402 1142 2443 viro
1185 2400 1307 2442 docto
1350 2401 1575 2456 negotium
1617 2399 1816 2456 pulchros

223 2487 245 2515 e
287 2471 698 2526 Metamorphosesin
740 2470 853 2513 locos
897 2470 1096 2527 colligere
1139 2475 1266 2526 atque
1308 2471 1550 2526 disponere,
1592 2474 1814 2526 tamquam

225 2544 260 2584 si
303 2556 377 2598 pro
419 2545 532 2583 certo
574 2544 783 2583 constaret
824 2541 876 2583 ab
918 2542 1011 2596 ipso
1053 2555 1123 2583 eos
1165 2542 1422 2596 compositos
1455 2539 1607 2582 Ovidio
1639 2555 1722 2582 non
1754 2540 1815 2592 (id

226 2612 337 2667 quod
381 2611 431 2653 de
471 2610 686 2652 nonnullis
717 2624 792 2666 pro
826 2615 937 2652 certo
970 2612 1174 2662 sciamus)
1206 2609 1378 2652 aliunde
1411 2614 1608 2665 sumptos
1641 2635 1697 2641 —
1730 2612 1816 2666 pri-

224 2697 346 2724 mum
373 2682 423 2724 de
452 2681 595 2723 Ovidii
621 2683 664 2722 in
693 2681 1103 2736 Metamorphosesin
1130 2681 1319 2722 fontibus
1347 2681 1573 2736 disputabo
1591 2681 1812 2736 quaedam.

224 2751 294 2794 Sic
325 2753 485 2807 optime
519 2751 736 2806 apparebit
768 2750 875 2792 illud
907 2751 1246 2793 adversariorum
1281 2755 1585 2806 argumentum
1614 2751 1814 2794 adversus

225 2835 365 2863 meam
408 2821 741 2876 disputationem
785 2820 924 2862 multo
961 2822 1105 2862 minus
1137 2819 1277 2862 valere
1311 2834 1438 2875 quam
1471 2822 1609 2876 primo
1641 2825 1813 2877 aspectu

223 2891 431 2933 videatur.
457 2891 569 2933 Nam
585 2892 724 2947 primo
741 2895 913 2946 aspectu
929 2889 1039 2932 illud
1057 2904 1145 2932 esse
1162 2892 1472 2946 gravissimum
1489 2893 1670 2934 minime
1687 2906 1812 2948 nego.

287 2961 389 3003 Fuit
430 2975 533 3017 ergo
577 2963 893 3003 versatissimus
925 2962 969 3002 in
995 2960 1112 3014 poesi
1144 2961 1297 3013 tra-qim
1330 2960 1520 3003 Ovidius.
1554 2961 1690 3013 Quam
1722 2977 1812 3004 rem
