2034 3334
1042 334 1099 375 28

309 458 395 503 duo
439 458 712 503 vehementer
743 458 1024 516 improbanda
1055 460 1267 503 videntur.
1302 460 1498 504 Primum
1533 461 1649 519 quod
1682 462 1821 506 adiec-

310 534 447 579 tivum
496 536 696 579 Aeolio
737 537 903 578 nomini
946 538 1195 580 carmine
1227 537 1421 580 additum
1454 542 1530 594 est,
1563 539 1687 595 quasi
1720 552 1822 582 vero

310 613 517 656 silvarum
566 626 712 656 comae
755 617 797 656 et
837 613 1020 656 flumina
1063 614 1240 671 limpida
1271 600 1461 659 amorem
1491 617 1704 673 inspirent
1735 630 1821 660 non

310 690 583 733 cantandi
631 690 707 733 sed
753 691 893 733 aliena
940 692 1132 734 carmina
1179 691 1315 734 multo
1362 691 1507 736 labore
1549 694 1592 736 in
1636 695 1821 750 patrium

310 779 550 810 sermonem
584 767 788 810 vertendi.
815 767 898 811 Sed
927 768 1008 810 hoc
1035 769 1240 824 quoniam
1269 769 1322 811 ad
1349 781 1449 812 eum
1467 769 1610 812 locum
1628 771 1827 827 pertinet,

310 845 362 888 de
408 858 494 901 quo
539 846 643 888 satis
690 845 786 889 fuse
825 847 908 888 iam
944 846 1046 900 dixi,
1080 847 1261 889 missum
1293 846 1414 890 facio.
1447 847 1644 891 Alterum
1678 852 1824 892 autem

311 923 464 966 vitium
513 923 648 966 multo
697 925 876 979 gravius
920 928 995 966 est.
1039 923 1117 966 Cui
1160 925 1288 978 enim,
1321 937 1408 967 non
1441 924 1547 981 quid
1578 929 1715 968 metro
1748 926 1823 969 sed

312 999 417 1056 quid
460 1000 697 1042 sententiae
730 1000 959 1042 conveniat
992 1001 1228 1056 quaerenti,
1260 1001 1477 1056 epitheton
1512 1001 1688 1057 aliquod
1720 1001 1824 1044 dum

311 1077 476 1118 nomini
505 1076 682 1119 Tibur
713 1089 927 1133 apponere
956 1078 1060 1132 vult,
1087 1079 1132 1119 in
1160 1082 1347 1120 mentem
1377 1079 1525 1121 venire
1550 1082 1692 1135 potest
1708 1079 1826 1122 istud

311 1152 533 1208 fertile,
567 1166 653 1209 quo
682 1153 854 1196 nullum
887 1158 950 1197 est
976 1155 1177 1210 ineptius.
1208 1153 1292 1205 Qui
1319 1159 1418 1198 ante
1445 1157 1590 1198 omnia
1616 1155 1826 1200 fertili-

312 1233 429 1273 tate
473 1243 677 1273 amoenae
724 1231 949 1274 cuiusdam
997 1232 1184 1287 regionis
1228 1237 1534 1288 commovetur,
1566 1246 1654 1276 non
1685 1232 1826 1277 Musis

313 1307 478 1349 amicus
513 1310 578 1350 est
611 1307 686 1350 sed
719 1306 874 1362 Cereri,
907 1321 991 1350 non
1026 1309 1145 1364 poesi
1179 1311 1306 1351 natus
1339 1308 1413 1351 sed
1445 1309 1744 1365 agriculturae.

371 1382 560 1427 Naturae
605 1385 720 1427 vices
767 1397 848 1427 nos
897 1385 1130 1427 admonent
1176 1384 1350 1428 brevem
1399 1387 1530 1428 vitam
1575 1399 1680 1430 esse.
1721 1385 1825 1430 Tam

313 1472 438 1516 saepe
469 1473 519 1503 ea
550 1461 762 1503 sententia
793 1461 906 1517 apud
942 1460 1171 1504 Horatium
1205 1462 1386 1505 recurrit
1417 1464 1465 1517 (e.
1483 1476 1517 1505 c.
1550 1462 1626 1518 IV,
1657 1463 1696 1519 7,
1723 1462 1756 1519 I,
1783 1465 1826 1507 4.

313 1536 446 1592 Epod.
482 1538 551 1591 13)
599 1541 647 1579 ut
692 1536 816 1580 facile
858 1550 1067 1593 agnoscas
1111 1539 1260 1580 mortis
1303 1539 1605 1594 cogitationem
1637 1539 1825 1596 philoso-

314 1613 439 1669 phiae
485 1614 538 1667 (si
586 1626 635 1656 eo
678 1613 888 1656 vocabulo
922 1615 987 1657 uti
1019 1614 1089 1656 hic
1120 1615 1233 1669 licet)
1267 1614 1529 1659 Horatianae
1560 1616 1676 1660 haud
1709 1630 1825 1674 sper-

314 1689 498 1732 nendam
529 1689 664 1732 fuisse
695 1694 873 1746 partem,
904 1695 945 1733 et
976 1691 1319 1734 iucundissimus
1354 1692 1573 1749 simulque
1603 1693 1658 1736 ad
1688 1692 1827 1737 Hora·

313 1766 421 1809 tium
445 1767 791 1823 cognoscendum
811 1767 1068 1811 utilissimus
1084 1773 1148 1811 est
1167 1767 1413 1811 Ommereni
1431 1771 1636 1812 nostratis
1653 1769 1826 1813 libellus

315 1846 414 1885 ante
440 1847 614 1886 centum
642 1843 730 1886 fere
757 1857 894 1887 annos
922 1845 1121 1900 scriptus,
1139 1846 1214 1900 qui
1231 1858 1280 1888 eo
1299 1849 1551 1901 argumento
1569 1847 1626 1902 (p.
1645 1847 1700 1888 22
1718 1849 1827 1903 sqq.)

318 1919 611 1963 demonstrare
652 1925 832 1963 conatur
874 1922 1209 1978 haudquaquam
1259 1928 1346 1964 tam
1389 1923 1528 1965 levem
1570 1923 1829 1980 futilemque

317 1997 532 2039 hominem
574 1996 709 2040 fuisse
742 1997 969 2044 Horatium
1004 2012 1133 2055 quam
1166 1999 1293 2055 vulgo
1325 1999 1532 2042 videatur.
1564 1999 1829 2057 Plerumque

317 2076 459 2116 autem
493 2086 542 2116 ea
573 2075 784 2117 sententia
815 2075 875 2117 ita
909 2076 1045 2118 utitur
1075 2075 1282 2119 Horatius
1315 2082 1365 2119 ut
1396 2078 1557 2120 amicos
1584 2074 1756 2120 moneat
1773 2090 1829 2121 ne

318 2150 448 2192 nimis
479 2151 592 2192 vitae
623 2152 841 2194 aerumnis
874 2151 1211 2208 futurorumque
1244 2156 1361 2196 metu
1394 2166 1440 2196 se
1471 2156 1572 2211 angi
1599 2155 1830 2210 patiantur,

318 2226 393 2269 sed
425 2227 568 2283 potius
601 2227 769 2270 modico
803 2228 906 2270 vino
938 2228 1151 2285 hilarique
1185 2243 1282 2272 cum
1311 2231 1459 2273 amicis
1487 2243 1685 2274 sermone
1701 2244 1829 2278 curas

319 2303 538 2360 dissipent.
587 2302 815 2360 Nusquam
864 2318 966 2347 vero
1009 2306 1331 2349 venustioribus
1363 2320 1456 2350 eam
1489 2308 1827 2351 adhortationem

313 2381 545 2423 exornavit
577 2381 803 2424 versiculis
836 2395 966 2437 quam
999 2395 1032 2424 c.
1065 2382 1141 2438 IV,
1171 2383 1207 2424 7.
1235 2383 1418 2440 Egregie
1447 2384 1507 2426 ibi
1532 2385 1649 2427 veris
1665 2383 1829 2427 reditus

321 2457 586 2512 describitur,
634 2461 686 2511 et,
729 2459 765 2501 si
805 2458 899 2501 fieri
944 2462 1095 2515 potest,
1128 2460 1281 2503 melius
1315 2462 1443 2503 etiam
1476 2461 1635 2504 celeres
1666 2463 1828 2518 tempo-

310 2547 416 2576 -rum
464 2534 807 2588 vicissitudines;
860 2539 956 2591 apte
1003 2536 1359 2591 praecedentibus
1403 2538 1654 2594 adiungitur
1684 2536 1828 2581 brevis

319 2611 414 2652 aevi
447 2610 560 2665 quod
594 2611 845 2654 mortalibus
877 2612 1125 2655 conceditur
1158 2616 1518 2669 commemoratio,
1547 2627 1631 2669 qua
1659 2626 1745 2656 non
1775 2613 1828 2656 ad

321 2687 535 2729 tristitiam
586 2687 837 2730 movendam
887 2689 1026 2731 utitur
1066 2693 1201 2745 poeta,
1244 2691 1318 2733 sed
1362 2691 1415 2733 ad
1448 2690 1828 2732 demonstrandum

322 2777 452 2820 quam
497 2763 599 2805 utile
636 2765 692 2805 sit
723 2765 767 2805 in
799 2768 988 2821 tempore
1020 2767 1246 2823 indulgere
1277 2769 1416 2824 genio.
1450 2766 1550 2810 Sive
1582 2768 1698 2809 enim
1729 2780 1828 2809 cum

322 2840 616 2896 Peerlkampio
651 2841 781 2897 legis:
