2034 3334
893 369 950 408 45

170 496 244 540 sed
276 498 473 539 accurate
505 495 599 537 eius
627 496 819 548 aetatem,
844 492 1039 547 formam,
1066 491 1250 534 colorem
1277 489 1558 534 describenda
1584 503 1679 533 esse

168 586 303 630 quum
336 575 515 629 putaret,
547 571 874 627 languidissima
905 570 1010 613 haec
1041 569 1263 612 adiecerit:

1151 677 1298 720 relicta

465 755 602 799 Matre
635 756 712 812 qui
744 755 876 811 largis
905 754 1146 798 iuvenescit
1177 753 1323 797 herbis

703 831 758 874 In
790 844 885 874 mea
915 834 1016 874 vota

467 910 626 953 Fronte
657 913 858 952 curvatos
891 909 1086 951 imitatus
1116 909 1239 964 ignes

465 987 656 1030 Tertium
688 986 818 1029 lunae
851 985 1074 1029 referentis
1106 988 1263 1039 ortum,

468 1062 564 1114 Qua
594 1067 738 1106 notam
772 1062 899 1105 duxit
930 1062 1085 1105 niveus
1118 1061 1264 1116 videri,

709 1138 857 1182 Cetera
887 1138 1051 1182 fulvus.

229 1499 370 1555 Nunc,
402 1512 487 1555 quo
519 1499 657 1554 magis
688 1501 790 1540 nota
822 1498 877 1540 sit
909 1498 1120 1541 sententia
1152 1510 1246 1540 mea
1279 1497 1523 1553 meliusque
1550 1495 1680 1540 stabi·

172 1577 262 1631 lita,
307 1579 398 1619 tota
443 1575 610 1631 aliquot
650 1573 820 1617 Horatii
861 1575 1052 1617 carmina
1092 1573 1333 1618 recensebo.
1366 1573 1411 1616 Si
1445 1574 1559 1616 enim
1591 1586 1680 1616 non

173 1653 303 1696 nimis
358 1653 502 1708 inepte
550 1664 763 1707 quaenam
811 1663 881 1694 res
925 1652 972 1693 in
1021 1663 1208 1694 errorem
1255 1664 1380 1707 saepe
1426 1651 1681 1694 induxerint

169 1728 398 1772 Horatium
431 1732 474 1771 et
504 1728 638 1770 malos
668 1727 808 1770 facere
840 1740 992 1770 versus
1025 1728 1241 1783 coegerint
1274 1727 1578 1782 demonstravi,
1606 1727 1679 1769 ad-

173 1806 348 1849 modum
395 1804 598 1848 credibile
638 1808 703 1847 est
742 1804 961 1847 interdum
1004 1805 1149 1847 omnia
1179 1804 1253 1846 illa
1285 1805 1490 1847 vitiorum
1521 1816 1681 1860 genera

174 1895 285 1939 quae
315 1882 569 1925 enumeravi
598 1882 644 1923 in
675 1894 813 1923 unum
845 1879 1109 1924 confluxisse
1141 1893 1326 1936 carmen,
1359 1885 1488 1937 atque
1517 1881 1578 1923 ita
1605 1881 1682 1923 ali-

173 1959 278 2015 quid
324 1962 474 2001 natum
521 1970 615 2000 esse
658 1956 773 2012 quod
815 1956 867 1999 ab
899 1957 1022 1999 initio
1054 1957 1108 2000 ad
1138 1956 1268 2000 finem
1300 1958 1395 2000 iure
1426 1957 1681 2013 reprehendi

173 2035 319 2090 possit.
351 2033 560 2090 Exemplo
592 2034 647 2075 sit
679 2033 865 2089 primum
899 2046 934 2074 c.
965 2032 1001 2089 Ι,
1037 2034 1102 2075 15.

233 2110 302 2153 En
335 2123 504 2153 carmen
540 2109 656 2166 quod
687 2122 774 2152 non
806 2109 959 2152 fecisse
989 2113 1113 2166 poeta
1145 2110 1352 2153 dicendus
1380 2114 1444 2153 est
1471 2110 1546 2153 sed
1567 2110 1682 2165 quod

175 2191 360 2230 metrum
393 2187 528 2229 invito
566 2187 605 2228 ei
637 2187 839 2228 extorsit!
877 2185 997 2240 „Hac
1029 2186 1108 2229 ode
1139 2186 1444 2241 Bacchylidem
1476 2187 1684 2241 imitatur,

176 2277 274 2306 nam
309 2267 358 2306 ut
388 2263 462 2306 ille
496 2262 780 2305 Cassandram
813 2262 916 2305 facit
947 2263 1171 2305 vaticinari
1202 2262 1351 2305 futura
1383 2263 1495 2317 belli,
1527 2263 1586 2304 ita
1611 2263 1682 2304 hic

175 2340 420 2394 Proteum‚”
468 2341 527 2382 ait
572 2339 818 2382 Scholiasta.
860 2339 975 2382 Illud
1016 2339 1290 2394 Bacchylidis
1333 2352 1505 2382 carmen
1537 2341 1682 2382 cuius-

177 2418 292 2460 modi
325 2418 456 2460 fuerit
485 2429 611 2458 nemo
644 2417 784 2459 dicere
813 2420 973 2472 potest3
1006 2416 1157 2472 longos
1185 2429 1285 2472 ergo
1314 2417 1366 2458 de
1393 2429 1442 2459 eo
1468 2417 1552 2458 viri
1569 2416 1682 2458 docti

175 2495 370 2536 scribunt
416 2494 757 2535 commentarios.
803 2492 1021 2535 Lubenter
1062 2498 1207 2535 tamen
1247 2492 1510 2536 Scholiastae
1553 2493 1680 2536 fidem

176 2570 408 2613 habemus:
438 2571 544 2626 quin
572 2569 652 2611 sibi
679 2570 867 2625 aliquem
893 2573 1117 2625 poetarum
1146 2569 1406 2612 Graecorum
1424 2571 1682 2612 imitandum

176 2647 257 2689 hoc
303 2648 492 2689 carmine
541 2648 771 2702 sumpserit
812 2645 1033 2701 Horatius,
1074 2647 1165 2689 sive
1207 2646 1488 2701 Bacchylides
1519 2648 1557 2689 is
1587 2647 1684 2701 fuit,

175 2724 268 2766 sive
309 2724 432 2778 alius,
463 2736 553 2765 11011
585 2726 650 2765 est
680 2722 796 2778 quod
828 2721 1086 2765 dubitemus.
1117 2722 1213 2765 Hoc
1247 2727 1360 2766 certe
1391 2727 1570 2779 constat,
1601 2724 1682 2766 hoc

179 2811 203 2841 e
233 2799 388 2854 quovis
419 2799 622 2841 carminis
656 2811 784 2840 versu
810 2801 996 2854 apparet,
1024 2811 1111 2840 non
1138 2799 1183 2840 in
1200 2800 1338 2855 ipsius
1355 2799 1524 2842 Horatii
1541 2804 1683 2842 mente

178 2878 329 2918 natum
376 2888 470 2918 esse
515 2878 819 2931 argumentum
866 2875 993 2931 eique
1039 2878 1126 2918 tam
1171 2877 1339 2932 egregie
1381 2877 1594 2933 placuisse
1635 2881 1683 2919 ut
