2034 3334
1008 343 1091 383 215

268 466 399 514 audit,
443 466 731 515 introrumpit.
775 467 987 506 Remanet
1029 468 1239 506 Parmeno
1271 469 1315 506 et
1346 479 1493 508 secum
1526 470 1589 508 sic
1620 471 1829 519 loquitur:

444 541 538 579 Non
569 551 674 580 usus
705 542 818 581 facto
851 543 918 581 est
948 542 1056 580 mihi
1088 553 1201 582 nunc
1232 543 1346 582 hunc
1375 544 1487 583 intro
1519 546 1652 594 sequi.

267 615 532 656 Annotatur:
585 617 707 666 „vide
753 617 963 657 artificem
1009 618 1271 668 Terentium,
1319 620 1683 667 quemadmodum
1725 622 1832 661 alias

265 701 341 739 per
380 691 669 743 Pamphilum,
713 693 820 732 alias
851 704 926 742 per
956 694 1099 742 ipsum
1130 694 1444 734 Parmenonem
1476 695 1653 746 invenit,
1687 707 1830 745 quem-

266 766 499 806 admodum
541 769 758 807 nesciatur
799 779 824 807 a
865 769 1019 808 ceteris
1058 769 1271 818 virginem
1313 771 1413 809 ante
1449 771 1623 820 nuptias
1654 773 1706 811 ab
1738 772 1830 821 ipso

265 843 490 894 Pamphilo
521 844 723 883 vitiatam
754 845 892 883 esse.’'

323 920 427 960 Hec.
471 921 541 970 IV,
587 921 624 970 2,
671 921 738 959 20.
783 921 990 970 Sostrata,
1035 921 1078 959 in
1120 931 1251 969 quam
1283 921 1518 960 discordiae
1549 921 1687 962 filium
1719 923 1830 962 inter

265 996 441 1044 eiusque
482 1006 664 1035 uxorem
706 996 830 1044 culpa
871 1006 897 1035 a
936 996 1094 1035 marito
1136 996 1363 1046 confertur,
1407 1007 1430 1036 e
1461 998 1603 1036 medio
1633 998 1830 1037 recedere

263 1071 358 1110 vult
389 1073 432 1110 et
463 1081 537 1110 rus
569 1071 697 1121 abire,
731 1070 902 1119 filioque
935 1071 1163 1110 consilium
1195 1082 1324 1110 suum
1355 1073 1418 1111 sic
1450 1074 1746 1112 commendat:

501 1147 619 1186 Haec
644 1147 752 1185 mihi
778 1158 892 1186 nunc
919 1157 1020 1186 cura
1046 1149 1114 1186 est
1138 1148 1346 1197 maxima,
1374 1149 1424 1186 ut
1449 1159 1502 1187 ne
1530 1149 1597 1187 cui
1623 1160 1722 1188 mea

381 1223 690 1271 Longinquitas
722 1224 878 1262 aetatis
910 1224 1063 1273 obstet,
1093 1225 1334 1262 mortemve
1362 1226 1584 1273 exspectet
1610 1235 1767 1264 meam.

263 1298 528 1338 Annotatur:
561 1299 734 1347 „sedulo
762 1299 852 1347 agit
873 1309 1021 1338 socrus
1043 1309 1096 1337 ne
1119 1299 1218 1347 quid
1239 1310 1314 1347 per
1335 1299 1600 1338 iracundiam
1622 1301 1829 1340 statuisse

261 1373 471 1413 videatur.
514 1375 620 1413 Vide
662 1375 811 1413 tamen
851 1375 900 1413 ut
941 1374 1289 1413 intermisceatur
1329 1374 1565 1423 indignatio
1607 1377 1651 1414 et
1690 1377 1830 1415 multa

263 1449 406 1488 dolore
439 1450 691 1499 deprompta
721 1451 821 1500 sint,
856 1451 966 1498 quod
997 1451 1124 1499 poeta
1154 1461 1240 1489 non
1271 1451 1434 1489 invitus
1465 1451 1569 1490 facit
1600 1452 1653 1490 ad
1684 1463 1828 1491 mores

263 1525 567 1574 exprimendos
598 1536 889 1574 personasque
920 1526 1199 1565 reddendas.’'

321 1601 425 1639 Hec.
469 1601 518 1650 V,
562 1602 602 1650 4,
650 1602 716 1640 11.
749 1602 973 1651 Parmeno,
1008 1612 1234 1641 servorum
1265 1603 1461 1641 omnium
1493 1603 1826 1653 curiosissimus,

261 1676 315 1714 ad
355 1675 537 1715 herilem
578 1675 716 1715 filium
758 1677 959 1715 nuntium
1002 1677 1160 1727 attulit,
1204 1688 1286 1726 quo
1328 1679 1502 1727 accepto
1533 1678 1605 1717 ille
1637 1679 1830 1717 exsultat

261 1751 439 1799 gaudio;
473 1752 565 1801 ipse
597 1753 746 1791 tamen
777 1753 877 1801 quid
909 1753 953 1791 in
984 1753 1135 1792 nuntio
1167 1754 1271 1792 insit
1302 1754 1405 1792 laeti
1436 1754 1560 1792 iuxta
1586 1764 1685 1792 cum
1712 1754 1825 1802 igna-

261 1826 449 1866 rissimis
480 1827 662 1875 ignorat.
696 1828 881 1876 Roganti
914 1838 1013 1876 ergo
1046 1828 1241 1867 domino:

437 1902 580 1950 Egone
607 1903 651 1941 te
677 1913 753 1951 pro
779 1903 860 1942 hoc
881 1903 1031 1942 nuntio
1048 1903 1149 1951 quid
1166 1904 1321 1943 donem
1333 1905 1353 1942 ἱ)
1371 1904 1502 1952 quid?
1519 1905 1619 1952 quid
1631 1906 1651 1943 ἱ)
1667 1905 1824 1943 nescio.

319 1978 588 2027 Respondet:

1370 2054 1485 2092 Nihil
1517 2054 1646 2093 enim.

439 2129 551 2168 Nam
590 2139 727 2177 neque
759 2129 804 2167 in
834 2129 986 2168 nuntio
1017 2139 1154 2177 neque
1186 2130 1230 2168 in
1261 2140 1332 2169 me
1363 2130 1455 2179 ipso
1486 2130 1565 2169 tibi
1595 2130 1695 2169 boni
1726 2130 1825 2178 quid

1559 2206 1633 2252 [sit
1663 2206 1764 2244 scio.

262 2282 529 2320 Annotatur:
577 2281 740 2329 „facete
778 2281 867 2328 agit
899 2280 1124 2319 Terentius
1155 2281 1216 2330 ut,
1251 2282 1410 2328 quanto
1442 2281 1583 2330 magis
1615 2282 1825 2320 Parmeno

261 2356 456 2394 curiosus
488 2356 566 2404 est,
601 2356 723 2394 tanto
755 2355 896 2403 magis
928 2355 1094 2394 nesciat
1124 2355 1199 2394 illa
1229 2366 1338 2403 quae
1370 2356 1528 2405 cupit.’'

321 2430 371 2472 V.
415 2430 499 2470 Ubi
541 2431 622 2470 duo
665 2431 862 2469 homines
904 2431 947 2469 in
989 2440 1119 2469 scena
1148 2432 1389 2480 versantur,
1425 2432 1524 2479 quid
1556 2432 1664 2470 alter
1694 2431 1826 2471 faciat

259 2506 387 2554 quive
434 2507 526 2545 eius
569 2506 657 2544 sint
696 2507 846 2554 gestus
888 2516 942 2544 ex
984 2506 1161 2544 alterius
1193 2507 1369 2555 apparet
1399 2507 1554 2546 verbis.
1588 2507 1711 2546 Multi
1741 2507 1825 2545 huc

261 2581 527 2620 Scholiastae
583 2581 665 2620 1001
711 2581 939 2631 pertinent,
989 2592 1095 2629 quos
1141 2591 1292 2620 omnes
1339 2582 1471 2621 citare
1517 2582 1696 2631 longum
1744 2583 1823 2632 est,

262 2667 399 2706 neque
431 2657 571 2696 facilis
602 2657 766 2696 electio.

325 2731 400 2774 VI.
444 2732 675 2780 Nunquam
718 2733 945 2781 quisquam
983 2733 1027 2772 in
1059 2733 1247 2772 Terentii
1279 2734 1511 2773 comoediis
1541 2736 1634 2773 tam
1665 2734 1826 2773 stultus

259 2809 327 2847 est
368 2808 471 2856 quin
512 2807 661 2846 tamen
697 2808 884 2847 astutiae
916 2809 1072 2847 habeat
1103 2809 1274 2857 aliquid.
1307 2809 1414 2848 Vide
1445 2810 1526 2849 hac
1556 2811 1607 2850 de
1639 2821 1684 2853 re
1716 2820 1825 2858 quae

259 2884 374 2923 dicta
406 2884 509 2921 sunt
543 2883 670 2921 huius
701 2883 798 2922 libri
830 2894 869 2932 p.
904 2885 959 2923 35
994 2885 1060 2930 (ad
1091 2884 1196 2923 Eun.
1230 2895 1293 2923 VS.
1327 2885 1441 2929 443).
