2034 3334
7 1617 80 1659 strix
94 1619 159 1650 ΓΛ
174 1624 196 1651 Κ

48 1661 213 1705 ¹sallom·-

1048 325 1105 366 42

315 451 427 491 terra
473 450 544 492 oui
590 450 663 493 ille
711 450 819 493 nihil
867 464 954 493 non
1003 450 1141 506 debet,
1189 454 1418 510 ceteraque
1464 454 1688 498 eiusmodi.
1734 454 1832 498 Non

315 529 458 568 tamen
492 526 709 582 stropham
742 526 922 570 Horatio
957 527 1245 572 abiudicasset
1276 529 1616 588 Peerlkampius,
1651 533 1689 574 si
1706 544 1834 588 repu-

316 606 449 646 tasset
497 605 585 660 qui,
634 617 770 660 quum
813 604 876 647 nil
904 605 989 648 iam
1024 604 1177 648 habeat
1209 606 1325 663 quod
1358 607 1484 666 dicat,
1516 612 1658 652 tamen
1692 612 1833 653 tacere

316 681 437 738 nolit,
469 694 557 723 non
588 694 715 738 posse
746 695 834 724 non
866 682 1010 738 inepte
1042 683 1173 739 loqui,

376 757 441 800 De
473 759 662 801 carmine
693 758 773 814 ΠΙ,
807 759 860 800 21
895 759 980 822 iam
1014 760 1207 803 diximus
1240 761 1464 817 quaedam.
1490 761 1621 805 Haud
1635 763 1832 820 ineptum

315 838 380 877 est
426 847 569 891 neque
617 838 761 878 tamen
809 823 937 879 vitiis*
968 840 1094 880 caret.
1137 836 1252 888 Quid
1297 837 1527 881 dicendum
1573 842 1686 882 esset
1717 839 1834 882 haud

317 913 420 955 satis
452 912 739 955 consideravit
771 915 906 968 poeta,
938 926 1138 969 perverse
1172 927 1272 970 ergo
1306 915 1359 957 de
1387 917 1587 958 convivio
1604 929 1703 959 cum
1721 916 1834 960 Mes-

317 989 424 1032 salla
455 988 641 1032 Corvino
678 990 932 1033 celebrando
962 991 1159 1047 loquens,
1192 992 1579 1049 querelarum,
1609 995 1664 1036 in
1679 1007 1835 1037 sano-

317 1080 438 1109 rum
470 1080 744 1122 amorum,
770 1067 968 1110 facilis
1000 1069 1180 1110 somni
1210 1070 1474 1112 mentionem
1500 1070 1832 1125 iniicit3vinum

316 1142 562 1200 alloquitur,
612 1144 686 1187 sed
721 1145 849 1200 quale
879 1144 990 1187 illud
1022 1146 1078 1188 sit
1110 1158 1156 1188 se
1187 1147 1354 1189 nescire
1383 1146 1619 1203 profitetur,
1647 1147 1834 1205 ideoque

318 1221 432 1263 ultro
471 1222 517 1263 in
549 1222 832 1277 gravissimae
862 1234 964 1277 erga
996 1223 1235 1277 convivam,
1268 1223 1486 1266 hominem
1518 1226 1834 1281 praestantissi-

316 1312 450 1354 mum,
482 1299 767 1355 negligentiae
794 1300 979 1342 incurrit
1006 1301 1179 1343 crimen.
1207 1299 1291 1343 Sed
1319 1301 1425 1343 haec
1440 1305 1667 1358 ceteraque
1683 1302 1831 1346 huius·

316 1376 434 1419 modi
481 1380 626 1419 tamen
671 1377 817 1432 aliquo
851 1377 978 1419 modo
1011 1378 1209 1420 excusari
1241 1382 1435 1434 possunt.
1468 1379 1657 1421 Additur
1687 1382 1831 1431 autem

314 1453 413 1508 illis,
459 1455 593 1510 panni
632 1454 780 1509 instar,
821 1454 995 1510 stropha
1039 1467 1172 1510 supra
1213 1468 1342 1510 quam
1377 1455 1461 1497 dici
1493 1459 1633 1511 potest
1662 1456 1830 1512 inepta:

315 1531 362 1572 in
394 1544 480 1586 qua
515 1529 683 1573 Liber
715 1530 981 1573 Liberum
1013 1531 1225 1587 producit,
1257 1530 1409 1574 Venus
1442 1544 1544 1574 vero
1578 1532 1828 1575 convivium

315 1607 578 1663 productura
623 1607 781 1650 dicitur
827 1609 874 1650 si
915 1608 1112 1650 aderit.
1155 1607 1453 1661 (Bacchanalia
1495 1620 1597 1664 ergo
1629 1608 1834 1652 lasciviae

316 1683 442 1739 plena
488 1683 782 1727 celebraturus
830 1687 895 1727 est
938 1687 1063 1740 poeta
1105 1697 1203 1726 cum
1236 1683 1437 1726 Messalla
1470 1683 1667 1740 Corvino,
1701 1697 1830 1741 quem

319 1760 521 1816 aequales
555 1762 802 1816 posterique
833 1762 1024 1803 certatim
1057 1764 1277 1816 tamquam
1305 1762 1510 1816 antiquae
1536 1762 1710 1804 virtutis
1737 1761 1835 1804 lau-

315 1836 458 1879 darint
504 1837 762 1893 exemplum.
811 1837 866 1880 Et
915 1839 1072 1880 mirum
1124 1838 1168 1879 ni
1217 1837 1425 1880 absens
1470 1851 1645 1894 quoque
1678 1837 1831 1881 Venus

317 1913 526 1969 producat
557 1915 833 1969 convivium).
867 1913 975 1956 Cum
1007 1914 1177 1957 Venere
1203 1918 1347 1957 autem
1375 1916 1620 1970 iunguntur
1647 1913 1832 1971 Gratiae,

319 2003 442 2046 quae,
488 2003 544 2033 ne
591 1992 739 2034 versui
783 1991 1001 2047 implendo
1043 1992 1228 2047 impares
1260 1991 1358 2045 sint,
1391 2003 1598 2047 segnes
1629 1991 1832 2035 nodum

318 2067 545 2110 solvere
587 2066 819 2110 Gratiae
860 2067 1076 2110 dicuntur.
1118 2066 1214 2110 Hoc
1245 2080 1346 2110 vero
1379 2068 1568 2110 maxime
1599 2068 1831 2111 ridiculum

319 2143 436 2200 quod
467 2143 628 2186 Veneri
662 2143 908 2200 Gratiisque
939 2144 1159 2187 adduntur
1189 2144 1402 2200 vigiles
1435 2145 1718 2188 lucernae.

377 2220 456 2272 ΠΙ,
488 2221 556 2262 23.
604 2220 737 2264 Poeta
785 2221 1072 2277 simplicitatis
1119 2222 1306 2265 rusticae
1351 2223 1611 2278 nativaeque
1657 2222 1829 2278 pietatis

319 2300 507 2340 amatore
545 2297 850 2353 dignissimum
877 2301 943 2341 est
967 2298 1099 2341 huius
1126 2299 1328 2341 carminis
1354 2303 1669 2355 argumentum.
1695 2297 1830 2343 Recte

319 2377 462 2416 tamen
510 2373 666 2416 habere
713 2374 858 2416 omnia
905 2387 1017 2429 quae
1062 2375 1108 2416 in
1156 2387 1205 2417 eo
1249 2375 1448 2418 dicantur
1488 2374 1700 2418 affirmare
1739 2386 1828 2418 non

319 2451 471 2492 ausim.
523 2450 651 2504 „Piae
692 2450 867 2507 preces’'
909 2452 969 2493 ait
1014 2464 1257 2507 „parvaque
1290 2452 1402 2495 dona
1432 2456 1518 2507 tua,
1550 2451 1744 2506 Phidyle,
1775 2450 1828 2494 ab

319 2526 454 2582 agello
501 2531 589 2582 tuo,
636 2527 809 2582 vitibus,
856 2540 1009 2583 pecore
1051 2540 1178 2570 omne
1211 2529 1423 2571 malorum
1455 2531 1648 2571 avertent
1663 2540 1827 2583 genus:

318 2603 435 2645 haud
469 2604 582 2645 enim
617 2604 827 2646 donorum
862 2604 1206 2660 magnitudinem
1239 2605 1299 2647 dii
1329 2606 1566 2661 respiciunt
1593 2604 1667 2646 sed
1686 2603 1828 2648 dantis

319 2678 545 2721 mentem.’'
589 2679 639 2721 In
689 2679 849 2735 quibus
897 2681 973 2722 vix
1006 2680 1175 2736 probari
1208 2694 1334 2737 posse
1367 2681 1538 2723 videtur
1568 2680 1686 2723 istud
1718 2681 1828 2723 avi-

319 2755 499 2809 daque
545 2769 736 2811 porca:
785 2757 914 2799 nimis
963 2758 1076 2800 enim
1111 2771 1313 2814 magnum
1347 2758 1429 2800 hoc
1460 2757 1621 2799 donum
1655 2760 1719 2799 est
1749 2771 1827 2813 pro

318 2832 518 2887 pauperis
565 2831 729 2886 opibus.
761 2832 870 2875 Tum
907 2834 968 2875 sic
998 2834 1158 2889 pergit:
1195 2833 1385 2887 „Bovem
1418 2837 1646 2875 taurumve
1679 2834 1826 2890 magni
