2034 3334
1066 416 1121 455 70

306 545 422 584 mete
454 543 526 583 ubi
557 542 724 583 audivit
754 541 1007 581 memoriter
1037 540 1252 581 nutricem
1282 540 1536 591 cognovisse
1567 540 1701 591 signa.
1714 540 1876 583 sororis

307 621 394 660 iam
427 620 515 659 iam
547 618 629 658 sibi
660 617 952 658 restituendae
1230 605 1234 610 ’
1538 672 1540 674 V
1697 672 1707 679 l

429 696 598 746 „Bene”
618 694 694 741 (ait
710 703 774 734 VS.
793 694 894 740 916)
916 693 1091 743 „edepol
1107 702 1271 743 narras,
1290 703 1394 733 nam
1410 692 1472 733 illi
1487 693 1613 733 faveo
1629 687 1830 744 virgini.”

306 773 367 812 Ne
399 772 504 812 illud
536 781 659 811 nam
691 770 784 809 illi
815 769 979 810 faveo
1010 769 1226 819 virgini
1257 769 1460 819 languere
1496 770 1636 820 putes,
1664 779 1692 810 a
1717 769 1874 811 Scholi-

306 850 404 889 asta
434 848 550 888 disce
581 847 846 897 singularem
877 846 1095 896 quandam
1126 855 1222 886 esse
1254 845 1427 886 illorum
1458 846 1687 887 verborum
1712 846 1875 888 festivi-

306 927 457 975 tatem,
516 934 709 974 quaeque
757 933 808 963 ea
853 922 924 963 sit.
977 921 1134 973 „Quasi
1180 921 1312 962 dicit”
1358 921 1421 962 ait
1471 922 1559 972 „illi
1603 922 1742 974 faveo,
1789 931 1877 964 non
2008 925 2034 992 3

307 1001 575 1042 Chaereae”:
604 999 819 1040 Chaereae
846 999 963 1039 enim
980 1008 1234 1039 succensere
1250 998 1431 1048 Pythias
1445 998 1597 1048 pergit.
1615 998 1667 1040 In
1680 1000 1877 1040 mentem

306 1078 375 1117 hic
407 1077 530 1116 nobis
562 1076 682 1116 venit
706 1075 1000 1125 lepidissimae
1027 1074 1250 1125 scriptoris
1277 1074 1485 1115 nostratis
1511 1065 1784 1126 narrationi&
1802 1075 1876 1116 ubi

306 1154 507 1193 matrona
532 1152 659 1203 paulo
687 1151 918 1192 acerbioris
944 1151 1116 1202 ingenii,
1143 1152 1375 1201 postquam
1402 1151 1721 1192 adolescentem
1746 1161 1875 1201 quen-

2 1233 100 1299 ffiuh
125 1242 290 1290 emh&
306 1231 406 1270 dam
464 1240 486 1268 e
532 1229 660 1278 poeta
706 1227 866 1277 aliquid
912 1227 1170 1268 recitantem
1217 1226 1394 1278 audivit,
1443 1226 1660 1268 inducitur
1703 1227 1873 1268 dicens:

0 1327 23 1374 ὦ
42 1336 146 1370 Aah,
161 1330 207 1360 ,ιδ
310 1305 626 1356 „pulcherrima
667 1306 734 1344 est
775 1304 955 1354 elegia‚”
989 1305 1117 1352 atque
1148 1303 1254 1342 illud
1285 1303 1472 1352 elegia
1501 1303 1564 1343 ita
1592 1304 1876 1354 pronuntians

0 1401 192 1442 W
230 1403 248 1410 -›
307 1383 355 1422 ut
401 1382 540 1421 dicere
586 1381 807 1420 videatur:
854 1380 991 1430 „quod
1033 1380 1086 1419 ad
1127 1378 1427 1419 recitationem
1467 1379 1666 1430 pertinet,
1708 1379 1761 1420 de
1800 1379 1877 1421 ina

0 1474 32 1510 1,
305 1459 448 1498 tacere
480 1457 619 1497 satius
651 1457 761 1496 est.”
784 1452 825 1503 ¹).

0 1462 196 1572 ff
366 1533 626 1574 Intromittit
651 1532 926 1573 Chremetem
954 1541 1053 1571 cum
1079 1530 1246 1571 nutrice
1271 1530 1465 1581 Pythias,
1492 1531 1680 1580 dumque
1700 1531 1876 1582 respicit

0 1516 286 1704 ἦ
306 1612 411 1676 ipsa
431 1611 746 1650 Parmenonem
779 1609 979 1648 accedere
1011 1607 1141 1647 videt.

9 1664 68 1706 ²⁰
195 1672 279 1699 μ’·
494 1667 697 1746 ‘3Virum
728 1685 890 1724 bonum
922 1694 1072 1724 eccum
1103 1683 1419 1724 Parmenonem
1451 1683 1647 1724 incedere

542 1762 675 1801 Video
1030 1764 1035 1769 '

306 1841 368 1880 ait
409 1840 483 1879 illa
524 1842 601 1885 (vs.
646 1838 731 1877 918
774 1840 877 1886 sq);
919 1836 1180 1919 praecedunt
1221 1836 1313 1876 eius
1350 1835 1403 1876 ad
1434 1835 1710 1876 Chremetem
1740 1836 1872 1877 nutri·

305 1927 483 1965 cemque
515 1915 647 1955 verba
677 1915 805 1954 haec:

514 1992 578 2031 Ite
610 1991 746 2030 intro:
779 1989 868 2029 iam
901 1989 1062 2029 dudum
1095 1999 1168 2028 era
1197 1999 1277 2028 vos
1308 1989 1534 2038 exspectat
1563 1988 1694 2029 domi.

305 2069 472 2108 Vellem
504 2078 568 2107 VS.
597 2067 682 2106 918
711 2077 736 2106 a
761 2076 866 2106 voce
893 2066 988 2105 sed
1015 2065 1233 2115 inciperet,
1262 2065 1331 2105 vel
1358 2065 1441 2105 alio
1469 2065 1680 2105 eiusmodi
1701 2065 1872 2107 vinculo

304 2144 575 2194 praecedenti
602 2143 915 2182 annecteretur.
945 2141 1052 2192 Quid
1074 2142 1112 2181 si
1128 2152 1204 2191 pro
1230 2141 1412 2181 virum
1429 2142 1626 2191 legamus
1646 2142 1872 2182 verum?

304 2222 414 2260 Nam
457 2220 501 2260 in
542 2221 720 2269 vulgata
760 2219 943 2259 lectione
985 2219 1119 2258 etiam
1161 2218 1390 2259 verborum
1432 2219 1533 2258 ordo
1565 2218 1763 2268 displicet
1793 2218 1869 2266 (of.

303 2298 426 2346 ,bone
458 2297 590 2342 virl’).

363 2372 523 2411 Deinde
556 2372 648 2421 ipsa
681 2371 861 2420 Pythias
893 2371 1071 2410 domum
1104 2370 1249 2421 intrat,
1282 2381 1387 2410 mox
1415 2371 1586 2411 exitura
1611 2373 1661 2412 ut
1684 2367 1868 2421 muscia,

303 2460 435 2498 quam
468 2449 595 2488 modo
628 2447 904 2496 excogitavit,
938 2447 1254 2486 Parmenonem
1285 2447 1534 2496 perterreat.

222 1731 317 1748 quw-‘x

344 2620 362 2651 v)
382 2617 471 2646 Idem
493 2617 638 2646 Terentii
658 2617 837 2647 artificium
856 2617 942 2647 redit
963 2617 1041 2646 Hec.
1060 2617 1125 2656 283,
1141 2616 1198 2646 ubi
1218 2623 1329 2653 0011011,
1349 2617 1444 2646 uxori
1463 2623 1545 2646 suae
1563 2616 1681 2651 iratus,
1689 2617 1870 2652 postquam

301 2669 341 2697 ab
370 2677 408 2697 ea
428 2670 584 2704 cognovit
607 2669 733 2703 aliquid
754 2670 794 2699 ad
815 2671 900 2699 iram
921 2669 1103 2699 sedandam
1123 2671 1250 2705 aptum,
1267 2676 1310 2699 110
1327 2670 1442 2698 tamen
1462 2668 1560 2705 plane
1579 2672 1712 2698 omnem
1730 2667 1870 2698 omittat

302 2721 517 2750 acerbitatem
538 2722 587 2750 ita
606 2722 799 2756 respondet:

553 2774 696 2808 Gaudeo,
717 2774 765 2802 ita
784 2781 838 2802 me
857 2774 890 2802 di
909 2775 1032 2811 ament,
1050 2774 1144 2810 gnati
1164 2780 1278 2803 causa:
1297 2781 1377 2803 nam
1395 2773 1434 2802 de
1452 2774 1486 2802 te
1505 2773 1637 2807 quidem

551 2824 640 2853 Satis
662 2826 730 2853 scio
751 2826 915 2859 peccando
936 2826 1004 2855 fieri
1027 2825 1219 2855 detrimenti
1236 2825 1285 2854 nil
1302 2826 1423 2861 potest.
