<?xml version="1.0" encoding="UTF-8"?>
<!DOCTYPE html PUBLIC "-//W3C//DTD XHTML 1.0 Transitional//EN"
    "http://www.w3.org/TR/xhtml1/DTD/xhtml1-transitional.dtd">
<html xmlns="http://www.w3.org/1999/xhtml" xml:lang="en" lang="en">
 <head>
  <title>
</title>
<meta http-equiv="Content-Type" content="text/html;charset=utf-8" />
  <meta name='ocr-system' content='tesseract 3.04.00' />
  <meta name='ocr-capabilities' content='ocr_page ocr_carea ocr_par ocr_line ocrx_word'/>
</head>
<body>
  <div class='ocr_page' id='page_1' title='image "./dehoratiopota00hartuoft_0028.png"; bbox 0 0 2034 3334; ppageno 0'>
   <div class='ocr_carea' id='block_1_1' title="bbox 1039 353 1094 396">
    <p class='ocr_par' dir='ltr' id='par_1_1' title="bbox 1039 353 1094 396">
     <span class='ocr_line' id='line_1_1' title="bbox 1039 353 1094 396; baseline -0.018 0"><span class='ocrx_word' id='word_1_1' title='bbox 1039 353 1094 396; x_wconf 84' lang='lat'><strong>20</strong></span> 
     </span>
    </p>
   </div>
   <div class='ocr_carea' id='block_1_2' title="bbox 311 477 1829 2149">
    <p class='ocr_par' dir='ltr' id='par_1_2' title="bbox 311 477 1821 845">
     <span class='ocr_line' id='line_1_2' title="bbox 311 477 1817 539; baseline -0.005 -13"><span class='ocrx_word' id='word_1_2' title='bbox 311 482 554 539; x_wconf 80' lang='lat' dir='ltr'><strong>navigantis</strong></span> <span class='ocrx_word' id='word_1_3' title='bbox 585 495 611 524; x_wconf 89' lang='lat' dir='ltr'><strong>a</strong></span> <span class='ocrx_word' id='word_1_4' title='bbox 637 481 719 524; x_wconf 89' lang='lat' dir='ltr'><strong>diis</strong></span> <span class='ocrx_word' id='word_1_5' title='bbox 747 482 947 536; x_wconf 80' lang='lat' dir='ltr'>precatur</span> <span class='ocrx_word' id='word_1_6' title='bbox 972 480 1168 534; x_wconf 82' lang='lat' dir='ltr'><strong>exitium,</strong></span> <span class='ocrx_word' id='word_1_7' title='bbox 1184 478 1391 522; x_wconf 90' lang='lat' dir='ltr'><strong>lectorum</strong></span> <span class='ocrx_word' id='word_1_8' title='bbox 1410 490 1512 534; x_wconf 89' lang='lat' dir='ltr'><strong>erga</strong></span> <span class='ocrx_word' id='word_1_9' title='bbox 1528 477 1652 520; x_wconf 91' lang='lat' dir='ltr'><strong>illum</strong></span> <span class='ocrx_word' id='word_1_10' title='bbox 1671 479 1817 520; x_wconf 84' lang='lat' dir='ltr'><strong>movet</strong></span> 
     </span>
     <span class='ocr_line' id='line_1_3' title="bbox 312 552 1820 614; baseline -0.005 -12"><span class='ocrx_word' id='word_1_11' title='bbox 312 558 661 614; x_wconf 88' lang='lat' dir='ltr'><strong>misericordiam,</strong></span> <span class='ocrx_word' id='word_1_12' title='bbox 708 569 762 600; x_wconf 88' lang='lat' dir='ltr'><strong>ne</strong></span> <span class='ocrx_word' id='word_1_13' title='bbox 805 556 1147 599; x_wconf 80' lang='lat' dir='ltr'><strong>benevolentiam</strong></span> <span class='ocrx_word' id='word_1_14' title='bbox 1191 555 1328 598; x_wconf 91' lang='lat' dir='ltr'><strong>dicam</strong></span> <span class='ocrx_word' id='word_1_15' title='bbox 1373 567 1662 611; x_wconf 81' lang='lat' dir='ltr'><strong>amoremque.</strong></span> <span class='ocrx_word' id='word_1_16' title='bbox 1705 552 1820 604; x_wconf 81' lang='lat' dir='ltr'><strong>Quid</strong></span> 
     </span>
     <span class='ocr_line' id='line_1_4' title="bbox 313 632 1821 693; baseline -0.005 -14"><span class='ocrx_word' id='word_1_17' title='bbox 313 636 430 693; x_wconf 91' lang='lat' dir='ltr'><strong>quod</strong></span> <span class='ocrx_word' id='word_1_18' title='bbox 460 633 762 678; x_wconf 82' lang='lat' dir='ltr'><strong>innocentibus</strong></span> <span class='ocrx_word' id='word_1_19' title='bbox 794 634 963 689; x_wconf 86' lang='lat' dir='ltr'><strong>navitis,</strong></span> <span class='ocrx_word' id='word_1_20' title='bbox 996 634 1073 689; x_wconf 90' lang='lat' dir='ltr'><strong>qui</strong></span> <span class='ocrx_word' id='word_1_21' title='bbox 1105 632 1320 677; x_wconf 86' lang='lat' dir='ltr'><strong>Maevium</strong></span> <span class='ocrx_word' id='word_1_22' title='bbox 1352 633 1398 675; x_wconf 90' lang='lat' dir='ltr'><strong>in</strong></span> <span class='ocrx_word' id='word_1_23' title='bbox 1426 633 1579 676; x_wconf 87' lang='lat' dir='ltr'><strong>itinere</strong></span> <span class='ocrx_word' id='word_1_24' title='bbox 1606 632 1821 675; x_wconf 88' lang='lat' dir='ltr'><strong>maritimo</strong></span> 
     </span>
     <span class='ocr_line' id='line_1_5' title="bbox 313 707 1821 767; baseline -0.003 -12"><span class='ocrx_word' id='word_1_25' title='bbox 313 713 630 767; x_wconf 83' lang='lat' dir='ltr'><strong>comitarentur,</strong></span> <span class='ocrx_word' id='word_1_26' title='bbox 676 711 841 754; x_wconf 82' lang='lat' dir='ltr'><strong>tristem</strong></span> <span class='ocrx_word' id='word_1_27' title='bbox 888 711 1121 766; x_wconf 92' lang='lat' dir='ltr'><strong>perniciem</strong></span> <span class='ocrx_word' id='word_1_28' title='bbox 1169 709 1444 766; x_wconf 87' lang='lat' dir='ltr'><strong>imprecando</strong></span> <span class='ocrx_word' id='word_1_29' title='bbox 1492 722 1518 752; x_wconf 88' lang='lat' dir='ltr'><strong>a</strong></span> <span class='ocrx_word' id='word_1_30' title='bbox 1563 707 1732 751; x_wconf 83' lang='lat' dir='ltr'><strong>Maevio</strong></span> <span class='ocrx_word' id='word_1_31' title='bbox 1774 708 1821 750; x_wconf 89' lang='lat' dir='ltr'><strong>in</strong></span> 
     </span>
     <span class='ocr_line' id='line_1_6' title="bbox 313 784 1640 845; baseline -0.004 -13"><span class='ocrx_word' id='word_1_32' title='bbox 313 792 447 832; x_wconf 91' lang='lat' dir='ltr'><strong>semet</strong></span> <span class='ocrx_word' id='word_1_33' title='bbox 472 790 617 845; x_wconf 90' lang='lat' dir='ltr'><strong>ipsum</strong></span> <span class='ocrx_word' id='word_1_34' title='bbox 648 788 930 830; x_wconf 85' lang='lat' dir='ltr'><strong>convertisset</strong></span> <span class='ocrx_word' id='word_1_35' title='bbox 961 786 1207 842; x_wconf 87' lang='lat' dir='ltr'><strong>aequalium</strong></span> <span class='ocrx_word' id='word_1_36' title='bbox 1241 785 1389 828; x_wconf 91' lang='lat' dir='ltr'><strong>odium</strong></span> <span class='ocrx_word' id='word_1_37' title='bbox 1421 784 1640 828; x_wconf 87' lang='lat' dir='ltr'><strong>Horatius.</strong></span> 
     </span>
    </p>

    <p class='ocr_par' dir='ltr' id='par_1_3' title="bbox 313 862 1829 2149">
     <span class='ocr_line' id='line_1_7' title="bbox 372 862 1825 921; baseline -0.003 -13"><span class='ocrx_word' id='word_1_38' title='bbox 372 866 462 908; x_wconf 87' lang='lat' dir='ltr'><strong>Ah&#39;i</strong></span> <span class='ocrx_word' id='word_1_39' title='bbox 507 865 682 921; x_wconf 88' lang='lat' dir='ltr'><strong>quidam</strong></span> <span class='ocrx_word' id='word_1_40' title='bbox 730 864 855 920; x_wconf 91' lang='lat' dir='ltr'><strong>epodi</strong></span> <span class='ocrx_word' id='word_1_41' title='bbox 902 863 1226 906; x_wconf 90' lang='lat' dir='ltr'><strong>maledictorum</strong></span> <span class='ocrx_word' id='word_1_42' title='bbox 1275 862 1390 919; x_wconf 90' lang='lat' dir='ltr'><strong>pleni</strong></span> <span class='ocrx_word' id='word_1_43' title='bbox 1438 862 1492 905; x_wconf 89' lang='lat' dir='ltr'><strong>ad</strong></span> <span class='ocrx_word' id='word_1_44' title='bbox 1532 863 1659 905; x_wconf 90' lang='lat' dir='ltr'><strong>aliam</strong></span> <span class='ocrx_word' id='word_1_45' title='bbox 1692 862 1825 906; x_wconf 89' lang='lat' dir='ltr'><strong>huius</strong></span> 
     </span>
     <span class='ocr_line' id='line_1_8' title="bbox 314 940 1826 1000; baseline -0.003 -14"><span class='ocrx_word' id='word_1_46' title='bbox 314 943 617 1000; x_wconf 82' lang='lat' dir='ltr'><strong>disputationis</strong></span> <span class='ocrx_word' id='word_1_47' title='bbox 665 945 826 998; x_wconf 88' lang='lat' dir='ltr'><strong>partem</strong></span> <span class='ocrx_word' id='word_1_48' title='bbox 873 945 976 984; x_wconf 88' lang='lat' dir='ltr'><strong>sunt</strong></span> <span class='ocrx_word' id='word_1_49' title='bbox 1018 940 1240 993; x_wconf 83' lang='lat' dir='ltr'><strong>servandi3</strong></span> <span class='ocrx_word' id='word_1_50' title='bbox 1286 940 1367 982; x_wconf 92' lang='lat' dir='ltr'><strong>hoc</strong></span> <span class='ocrx_word' id='word_1_51' title='bbox 1397 940 1484 982; x_wconf 89' lang='lat' dir='ltr'><strong>iam</strong></span> <span class='ocrx_word' id='word_1_52' title='bbox 1517 942 1559 982; x_wconf 89' lang='lat' dir='ltr'><strong>et</strong></span> <span class='ocrx_word' id='word_1_53' title='bbox 1590 952 1647 982; x_wconf 83' lang='lat' dir='ltr'><strong>ex</strong></span> <span class='ocrx_word' id='word_1_54' title='bbox 1676 942 1826 996; x_wconf 70' lang='lat' dir='ltr'><strong>poetae</strong></span> 
     </span>
     <span class='ocr_line' id='line_1_9' title="bbox 315 1015 1824 1073; baseline -0.003 -9"><span class='ocrx_word' id='word_1_55' title='bbox 315 1020 584 1064; x_wconf 89' lang='lat' dir='ltr'><strong>confessione</strong></span> <span class='ocrx_word' id='word_1_56' title='bbox 631 1023 673 1062; x_wconf 88' lang='lat' dir='ltr'><strong>et</strong></span> <span class='ocrx_word' id='word_1_57' title='bbox 720 1032 743 1061; x_wconf 94' lang='lat' dir='ltr'><strong>e</strong></span> <span class='ocrx_word' id='word_1_58' title='bbox 791 1017 1056 1060; x_wconf 85' lang='lat' dir='ltr'><strong>carminibus</strong></span> <span class='ocrx_word' id='word_1_59' title='bbox 1100 1018 1208 1073; x_wconf 86' lang='lat' dir='ltr'><strong>ipsis</strong></span> <span class='ocrx_word' id='word_1_60' title='bbox 1255 1018 1553 1073; x_wconf 85' lang='lat' dir='ltr'><strong>cognovimus,</strong></span> <span class='ocrx_word' id='word_1_61' title='bbox 1594 1015 1824 1059; x_wconf 84' lang='lat' dir='ltr'><strong>Horatium</strong></span> 
     </span>
     <span class='ocr_line' id='line_1_10' title="bbox 314 1093 1825 1161; baseline -0.004 -20"><span class='ocrx_word' id='word_1_62' title='bbox 314 1111 429 1161; x_wconf 43' lang='lat' dir='ltr'><strong>nom</strong></span> <span class='ocrx_word' id='word_1_63' title='bbox 433 1097 528 1140; x_wconf 90' lang='lat' dir='ltr'><strong>ideo</strong></span> <span class='ocrx_word' id='word_1_64' title='bbox 561 1096 643 1140; x_wconf 87' lang='lat' dir='ltr'><strong>sibi</strong></span> <span class='ocrx_word' id='word_1_65' title='bbox 675 1095 985 1139; x_wconf 88' lang='lat' dir='ltr'><strong>Archilochum</strong></span> <span class='ocrx_word' id='word_1_66' title='bbox 1018 1098 1238 1150; x_wconf 88' lang='lat' dir='ltr'><strong>tamquam</strong></span> <span class='ocrx_word' id='word_1_67' title='bbox 1272 1094 1519 1149; x_wconf 85' lang='lat' dir='ltr'><strong>exemplum</strong></span> <span class='ocrx_word' id='word_1_68' title='bbox 1548 1093 1825 1150; x_wconf 87' lang='lat' dir='ltr'><strong>proposuisse</strong></span> 
     </span>
     <span class='ocr_line' id='line_1_11' title="bbox 315 1169 1824 1230; baseline -0.003 -13"><span class='ocrx_word' id='word_1_69' title='bbox 315 1174 431 1230; x_wconf 86' lang='lat' dir='ltr'><strong>quod</strong></span> <span class='ocrx_word' id='word_1_70' title='bbox 477 1178 520 1217; x_wconf 92' lang='lat' dir='ltr'><strong>et</strong></span> <span class='ocrx_word' id='word_1_71' title='bbox 566 1174 658 1230; x_wconf 91' lang='lat' dir='ltr'><strong>ipse</strong></span> <span class='ocrx_word' id='word_1_72' title='bbox 706 1186 835 1216; x_wconf 91' lang='lat' dir='ltr'><strong>suum</strong></span> <span class='ocrx_word' id='word_1_73' title='bbox 879 1171 962 1214; x_wconf 88' lang='lat' dir='ltr'><strong>sibi</strong></span> <span class='ocrx_word' id='word_1_74' title='bbox 1005 1171 1181 1214; x_wconf 90' lang='lat' dir='ltr'><strong>haberet</strong></span> <span class='ocrx_word' id='word_1_75' title='bbox 1223 1169 1483 1225; x_wconf 85' lang='lat' dir='ltr'><strong>Lycamben,</strong></span> <span class='ocrx_word' id='word_1_76' title='bbox 1517 1170 1592 1213; x_wconf 91' lang='lat' dir='ltr'><strong>sed</strong></span> <span class='ocrx_word' id='word_1_77' title='bbox 1625 1173 1674 1213; x_wconf 92' lang='lat' dir='ltr'><strong>ut</strong></span> <span class='ocrx_word' id='word_1_78' title='bbox 1705 1169 1824 1212; x_wconf 88' lang='lat' dir='ltr'><strong>illius</strong></span> 
     </span>
     <span class='ocr_line' id='line_1_12' title="bbox 313 1246 1827 1307; baseline -0.003 -13"><span class='ocrx_word' id='word_1_79' title='bbox 313 1250 443 1294; x_wconf 73' lang='lat' dir='ltr'><strong>vefba</strong></span> <span class='ocrx_word' id='word_1_80' title='bbox 489 1251 726 1306; x_wconf 90' lang='lat' dir='ltr'><strong>modosque</strong></span> <span class='ocrx_word' id='word_1_81' title='bbox 771 1248 982 1291; x_wconf 87' lang='lat' dir='ltr'><strong>imitando</strong></span> <span class='ocrx_word' id='word_1_82' title='bbox 1029 1249 1288 1307; x_wconf 33' lang='lat' dir='ltr'><strong>viresdsuas</strong></span> <span class='ocrx_word' id='word_1_83' title='bbox 1331 1250 1549 1290; x_wconf 81' lang='lat' dir='ltr'><strong>exerceret</strong></span> <span class='ocrx_word' id='word_1_84' title='bbox 1580 1246 1827 1303; x_wconf 86' lang='lat' dir='ltr'><strong>famamque</strong></span> 
     </span>
     <span class='ocr_line' id='line_1_13' title="bbox 315 1310 1825 1384; baseline -0.003 -14"><span class='ocrx_word' id='word_1_85' title='bbox 315 1310 538 1384; x_wconf 82' lang='lat' dir='ltr'><strong>quaereret</strong></span> <span class='ocrx_word' id='word_1_86' title='bbox 583 1327 686 1368; x_wconf 88' lang='lat' dir='ltr'><strong>novi</strong></span> <span class='ocrx_word' id='word_1_87' title='bbox 728 1326 968 1368; x_wconf 88' lang='lat' dir='ltr'><strong>carminum</strong></span> <span class='ocrx_word' id='word_1_88' title='bbox 1009 1310 1179 1380; x_wconf 87' lang='lat' dir='ltr'><strong>generis</strong></span> <span class='ocrx_word' id='word_1_89' title='bbox 1211 1324 1377 1366; x_wconf 89' lang='lat' dir='ltr'><strong>inventi</strong></span> <span class='ocrx_word' id='word_1_90' title='bbox 1407 1327 1448 1365; x_wconf 89' lang='lat' dir='ltr'><strong>et</strong></span> <span class='ocrx_word' id='word_1_91' title='bbox 1479 1323 1525 1365; x_wconf 89' lang='lat' dir='ltr'><strong>in</strong></span> <span class='ocrx_word' id='word_1_92' title='bbox 1558 1322 1727 1366; x_wconf 91' lang='lat' dir='ltr'><strong>Italiam</strong></span> <span class='ocrx_word' id='word_1_93' title='bbox 1758 1323 1825 1365; x_wconf 88' lang='lat' dir='ltr'><strong>in-</strong></span> 
     </span>
     <span class='ocr_line' id='line_1_14' title="bbox 315 1399 1826 1456; baseline -0.003 -10"><span class='ocrx_word' id='word_1_94' title='bbox 315 1404 436 1447; x_wconf 87' lang='lat' dir='ltr'><strong>vecti.</strong></span> <span class='ocrx_word' id='word_1_95' title='bbox 479 1402 717 1445; x_wconf 89' lang='lat' dir='ltr'><strong>Videamus</strong></span> <span class='ocrx_word' id='word_1_96' title='bbox 761 1414 878 1444; x_wconf 91' lang='lat' dir='ltr'><strong>nunc</strong></span> <span class='ocrx_word' id='word_1_97' title='bbox 922 1401 1028 1456; x_wconf 90' lang='lat' dir='ltr'><strong>quid</strong></span> <span class='ocrx_word' id='word_1_98' title='bbox 1064 1400 1116 1443; x_wconf 92' lang='lat' dir='ltr'><strong>de</strong></span> <span class='ocrx_word' id='word_1_99' title='bbox 1149 1399 1506 1442; x_wconf 88' lang='lat' dir='ltr'><strong>carminibus</strong></span> <span class='ocrx_word' id='word_1_100' title='bbox 1537 1400 1629 1442; x_wconf 89' lang='lat' dir='ltr'><strong>suis</strong></span> <span class='ocrx_word' id='word_1_101' title='bbox 1661 1403 1703 1443; x_wconf 92' lang='lat' dir='ltr'><strong>et</strong></span> <span class='ocrx_word' id='word_1_102' title='bbox 1733 1399 1826 1456; x_wconf 88' lang='lat' dir='ltr'><strong>ipse</strong></span> 
     </span>
     <span class='ocr_line' id='line_1_15' title="bbox 316 1475 1824 1532; baseline -0.003 -8"><span class='ocrx_word' id='word_1_103' title='bbox 316 1483 488 1524; x_wconf 85' lang='lat' dir='ltr'><strong>censeat</strong></span> <span class='ocrx_word' id='word_1_104' title='bbox 519 1479 728 1522; x_wconf 84' lang='lat' dir='ltr'><strong>Horatius</strong></span> <span class='ocrx_word' id='word_1_105' title='bbox 759 1483 801 1520; x_wconf 92' lang='lat' dir='ltr'><strong>et</strong></span> <span class='ocrx_word' id='word_1_106' title='bbox 832 1478 938 1520; x_wconf 89' lang='lat' dir='ltr'><strong>alios</strong></span> <span class='ocrx_word' id='word_1_107' title='bbox 972 1490 1146 1520; x_wconf 89' lang='lat' dir='ltr'><strong>censere</strong></span> <span class='ocrx_word' id='word_1_108' title='bbox 1179 1478 1345 1532; x_wconf 89' lang='lat' dir='ltr'><strong>cupiat:</strong></span> <span class='ocrx_word' id='word_1_109' title='bbox 1381 1476 1530 1519; x_wconf 89' lang='lat' dir='ltr'><strong>eodem</strong></span> <span class='ocrx_word' id='word_1_110' title='bbox 1562 1489 1662 1519; x_wconf 90' lang='lat' dir='ltr'><strong>eum</strong></span> <span class='ocrx_word' id='word_1_111' title='bbox 1678 1475 1824 1519; x_wconf 89' lang='lat' dir='ltr'><strong>studio</strong></span> 
     </span>
     <span class='ocr_line' id='line_1_16' title="bbox 316 1534 1824 1613; baseline -0.003 -14"><span class='ocrx_word' id='word_1_112' title='bbox 316 1557 368 1599; x_wconf 89' lang='lat' dir='ltr'><strong>ad</strong></span> <span class='ocrx_word' id='word_1_113' title='bbox 402 1556 571 1613; x_wconf 66' lang='lat' dir='ltr'><strong>Sappho</strong></span> <span class='ocrx_word' id='word_1_114' title='bbox 603 1555 900 1610; x_wconf 72' lang='lat' dir='ltr'><strong>Alcaeumque</strong></span> <span class='ocrx_word' id='word_1_115' title='bbox 930 1553 1160 1596; x_wconf 86' lang='lat' dir='ltr'><strong>imitandos</strong></span> <span class='ocrx_word' id='word_1_116' title='bbox 1193 1553 1374 1595; x_wconf 90' lang='lat' dir='ltr'><strong>ductum</strong></span> <span class='ocrx_word' id='word_1_117' title='bbox 1396 1534 1502 1596; x_wconf 60' lang='lat' dir='ltr'><strong>esse</strong></span> <span class='ocrx_word' id='word_1_118' title='bbox 1528 1565 1824 1609; x_wconf 86' lang='lat' dir='ltr'><strong>agnoscemus.</strong></span> 
     </span>
     <span class='ocr_line' id='line_1_17' title="bbox 318 1616 1829 1688; baseline -0.003 -12"><span class='ocrx_word' id='word_1_119' title='bbox 318 1631 512 1683; x_wconf 84' lang='lat' dir='ltr'><strong>Quorum</strong></span> <span class='ocrx_word' id='word_1_120' title='bbox 545 1616 905 1688; x_wconf 37' lang='lat' dir='ltr'><strong>quum*carmina</strong></span> <span class='ocrx_word' id='word_1_121' title='bbox 937 1630 1074 1672; x_wconf 86' lang='lat' dir='ltr'><strong>multo</strong></span> <span class='ocrx_word' id='word_1_122' title='bbox 1107 1629 1382 1672; x_wconf 87' lang='lat' dir='ltr'><strong>artificiosius</strong></span> <span class='ocrx_word' id='word_1_123' title='bbox 1415 1643 1546 1685; x_wconf 92' lang='lat' dir='ltr'><strong>quam</strong></span> <span class='ocrx_word' id='word_1_124' title='bbox 1580 1629 1829 1672; x_wconf 89' lang='lat' dir='ltr'><strong>Archilochi</strong></span> 
     </span>
     <span class='ocr_line' id='line_1_18' title="bbox 317 1706 1825 1764; baseline -0.003 -11"><span class='ocrx_word' id='word_1_125' title='bbox 317 1709 448 1753; x_wconf 91' lang='lat' dir='ltr'><strong>iambi</strong></span> <span class='ocrx_word' id='word_1_126' title='bbox 495 1713 638 1753; x_wconf 90' lang='lat' dir='ltr'><strong>essent</strong></span> <span class='ocrx_word' id='word_1_127' title='bbox 680 1708 927 1764; x_wconf 88' lang='lat' dir='ltr'><strong>composita,</strong></span> <span class='ocrx_word' id='word_1_128' title='bbox 969 1707 1214 1749; x_wconf 87' lang='lat' dir='ltr'><strong>mirandum</strong></span> <span class='ocrx_word' id='word_1_129' title='bbox 1258 1719 1345 1748; x_wconf 91' lang='lat' dir='ltr'><strong>non</strong></span> <span class='ocrx_word' id='word_1_130' title='bbox 1383 1709 1448 1749; x_wconf 90' lang='lat' dir='ltr'><strong>est</strong></span> <span class='ocrx_word' id='word_1_131' title='bbox 1478 1706 1654 1748; x_wconf 90' lang='lat' dir='ltr'><strong>illorum</strong></span> <span class='ocrx_word' id='word_1_132' title='bbox 1685 1706 1825 1749; x_wconf 88' lang='lat' dir='ltr'><strong>imita-</strong></span> 
     </span>
     <span class='ocr_line' id='line_1_19' title="bbox 316 1782 1825 1841; baseline -0.002 -12"><span class='ocrx_word' id='word_1_133' title='bbox 316 1788 476 1829; x_wconf 90' lang='lat' dir='ltr'><strong>tionem</strong></span> <span class='ocrx_word' id='word_1_134' title='bbox 509 1786 667 1828; x_wconf 88' lang='lat' dir='ltr'><strong>multas</strong></span> <span class='ocrx_word' id='word_1_135' title='bbox 701 1797 967 1841; x_wconf 89' lang='lat' dir='ltr'><strong>magnasque</strong></span> <span class='ocrx_word' id='word_1_136' title='bbox 998 1783 1246 1840; x_wconf 87' lang='lat' dir='ltr'><strong>praebuisse</strong></span> <span class='ocrx_word' id='word_1_137' title='bbox 1277 1782 1429 1826; x_wconf 88' lang='lat' dir='ltr'><strong>Latino</strong></span> <span class='ocrx_word' id='word_1_138' title='bbox 1463 1786 1613 1840; x_wconf 72' lang='lat' dir='ltr'><strong>poetae</strong></span> <span class='ocrx_word' id='word_1_139' title='bbox 1644 1783 1825 1826; x_wconf 87' lang='lat' dir='ltr'><strong>difficul-</strong></span> 
     </span>
     <span class='ocr_line' id='line_1_20' title="bbox 316 1860 1828 1919; baseline -0.003 -13"><span class='ocrx_word' id='word_1_140' title='bbox 316 1867 436 1918; x_wconf 88' lang='lat' dir='ltr'><strong>tates,</strong></span> <span class='ocrx_word' id='word_1_141' title='bbox 485 1862 644 1919; x_wconf 91' lang='lat' dir='ltr'><strong>quibus</strong></span> <span class='ocrx_word' id='word_1_142' title='bbox 690 1861 763 1904; x_wconf 90' lang='lat' dir='ltr'><strong>ille</strong></span> <span class='ocrx_word' id='word_1_143' title='bbox 807 1860 986 1904; x_wconf 87' lang='lat' dir='ltr'><strong>feliciter</strong></span> <span class='ocrx_word' id='word_1_144' title='bbox 1028 1861 1238 1916; x_wconf 88' lang='lat' dir='ltr'><strong>superatis</strong></span> <span class='ocrx_word' id='word_1_145' title='bbox 1281 1861 1481 1903; x_wconf 86' lang='lat' dir='ltr'><strong>meritum</strong></span> <span class='ocrx_word' id='word_1_146' title='bbox 1523 1860 1688 1903; x_wconf 88' lang='lat' dir='ltr'><strong>strenui</strong></span> <span class='ocrx_word' id='word_1_147' title='bbox 1720 1861 1828 1903; x_wconf 88' lang='lat' dir='ltr'><strong>assi-</strong></span> 
     </span>
     <span class='ocr_line' id='line_1_21' title="bbox 318 1936 1824 1996; baseline -0.001 -14"><span class='ocrx_word' id='word_1_148' title='bbox 318 1940 479 1996; x_wconf 88' lang='lat' dir='ltr'><strong>duique</strong></span> <span class='ocrx_word' id='word_1_149' title='bbox 526 1939 683 1981; x_wconf 88' lang='lat' dir='ltr'><strong>laboris</strong></span> <span class='ocrx_word' id='word_1_150' title='bbox 730 1939 968 1994; x_wconf 88' lang='lat' dir='ltr'><strong>praemium</strong></span> <span class='ocrx_word' id='word_1_151' title='bbox 1012 1936 1064 1979; x_wconf 93' lang='lat' dir='ltr'><strong>ab</strong></span> <span class='ocrx_word' id='word_1_152' title='bbox 1107 1937 1360 1993; x_wconf 88' lang='lat' dir='ltr'><strong>aequalibus</strong></span> <span class='ocrx_word' id='word_1_153' title='bbox 1403 1938 1676 1993; x_wconf 89' lang='lat' dir='ltr'><strong>posterisque</strong></span> <span class='ocrx_word' id='word_1_154' title='bbox 1707 1938 1824 1994; x_wconf 90' lang='lat' dir='ltr'><strong>petit.</strong></span> 
     </span>
     <span class='ocr_line' id='line_1_22' title="bbox 317 2014 1825 2071; baseline -0.002 -12"><span class='ocrx_word' id='word_1_155' title='bbox 317 2016 451 2059; x_wconf 92' lang='lat' dir='ltr'><strong>Locos</strong></span> <span class='ocrx_word' id='word_1_156' title='bbox 498 2016 583 2058; x_wconf 93' lang='lat' dir='ltr'><strong>huc</strong></span> <span class='ocrx_word' id='word_1_157' title='bbox 630 2016 890 2071; x_wconf 88' lang='lat' dir='ltr'><strong>pertinentes</strong></span> <span class='ocrx_word' id='word_1_158' title='bbox 935 2027 1097 2070; x_wconf 87' lang='lat' dir='ltr'><strong>paucos</strong></span> <span class='ocrx_word' id='word_1_159' title='bbox 1147 2014 1221 2056; x_wconf 91' lang='lat' dir='ltr'><strong>sed</strong></span> <span class='ocrx_word' id='word_1_160' title='bbox 1265 2014 1497 2057; x_wconf 92' lang='lat' dir='ltr'><strong>admodum</strong></span> <span class='ocrx_word' id='word_1_161' title='bbox 1542 2015 1735 2070; x_wconf 88' lang='lat' dir='ltr'><strong>insignes</strong></span> <span class='ocrx_word' id='word_1_162' title='bbox 1767 2027 1825 2057; x_wconf 82' lang='lat' dir='ltr'><strong>ex</strong></span> 
     </span>
     <span class='ocr_line' id='line_1_23' title="bbox 317 2090 936 2149; baseline -0.003 -15"><span class='ocrx_word' id='word_1_163' title='bbox 317 2093 424 2149; x_wconf 90' lang='lat' dir='ltr'><strong>ipsis</strong></span> <span class='ocrx_word' id='word_1_164' title='bbox 455 2091 719 2135; x_wconf 86' lang='lat' dir='ltr'><strong>carminibus</strong></span> <span class='ocrx_word' id='word_1_165' title='bbox 751 2090 936 2134; x_wconf 85' lang='lat' dir='ltr'><strong>afferam.</strong></span> 
     </span>
    </p>
   </div>
   <div class='ocr_carea' id='block_1_3' title="bbox 319 2191 1548 2477">
    <p class='ocr_par' dir='ltr' id='par_1_4' title="bbox 319 2191 1548 2477">
     <span class='ocr_line' id='line_1_24' title="bbox 319 2191 1548 2249; baseline -0.001 -14"><span class='ocrx_word' id='word_1_166' title='bbox 319 2193 376 2249; x_wconf 92' lang='lat' dir='ltr'><strong>II,</strong></span> <span class='ocrx_word' id='word_1_167' title='bbox 408 2194 476 2235; x_wconf 83' lang='lat'><strong>20.</strong></span> <span class='ocrx_word' id='word_1_168' title='bbox 593 2192 663 2235; x_wconf 91' lang='lat' dir='ltr'><strong>Me</strong></span> <span class='ocrx_word' id='word_1_169' title='bbox 696 2191 879 2234; x_wconf 84' lang='lat' dir='ltr'><strong>Colchus</strong></span> <span class='ocrx_word' id='word_1_170' title='bbox 913 2194 966 2246; x_wconf 89' lang='lat' dir='ltr'><strong>et,</strong></span> <span class='ocrx_word' id='word_1_171' title='bbox 1000 2192 1076 2247; x_wconf 90' lang='lat' dir='ltr'><strong>qui</strong></span> <span class='ocrx_word' id='word_1_172' title='bbox 1109 2191 1353 2234; x_wconf 89' lang='lat' dir='ltr'><strong>dissimulat</strong></span> <span class='ocrx_word' id='word_1_173' title='bbox 1386 2197 1548 2234; x_wconf 90' lang='lat' dir='ltr'><strong>metum</strong></span> 
     </span>
     <span class='ocr_line' id='line_1_25' title="bbox 589 2266 1408 2322; baseline -0.002 -11"><span class='ocrx_word' id='word_1_174' title='bbox 589 2268 754 2311; x_wconf 85' lang='lat' dir='ltr'><strong>Marsae</strong></span> <span class='ocrx_word' id='word_1_175' title='bbox 784 2268 981 2322; x_wconf 89' lang='lat' dir='ltr'><strong>cohortis,</strong></span> <span class='ocrx_word' id='word_1_176' title='bbox 1015 2266 1160 2310; x_wconf 91' lang='lat' dir='ltr'><strong>Dacus</strong></span> <span class='ocrx_word' id='word_1_177' title='bbox 1193 2272 1235 2310; x_wconf 90' lang='lat' dir='ltr'><strong>et</strong></span> <span class='ocrx_word' id='word_1_178' title='bbox 1267 2268 1408 2310; x_wconf 91' lang='lat' dir='ltr'><strong>ultimi</strong></span> 
     </span>
     <span class='ocr_line' id='line_1_26' title="bbox 649 2343 1328 2400; baseline -0.001 -13"><span class='ocrx_word' id='word_1_179' title='bbox 649 2344 838 2387; x_wconf 89' lang='lat' dir='ltr'><strong>Noscent</strong></span> <span class='ocrx_word' id='word_1_180' title='bbox 870 2343 1034 2399; x_wconf 84' lang='lat' dir='ltr'><strong>Geloni,</strong></span> <span class='ocrx_word' id='word_1_181' title='bbox 1066 2357 1134 2387; x_wconf 88' lang='lat' dir='ltr'><strong>me</strong></span> <span class='ocrx_word' id='word_1_182' title='bbox 1165 2345 1328 2400; x_wconf 87' lang='lat' dir='ltr'><strong>peritus</strong></span> 
     </span>
     <span class='ocr_line' id='line_1_27' title="bbox 707 2407 1502 2477; baseline 0.001 -15"><span class='ocrx_word' id='word_1_183' title='bbox 707 2407 854 2463; x_wconf 83' lang='lat' dir='ltr'><strong>Discet</strong></span> <span class='ocrx_word' id='word_1_184' title='bbox 885 2419 1022 2463; x_wconf 90' lang='lat' dir='ltr'><strong>Hiber</strong></span> <span class='ocrx_word' id='word_1_185' title='bbox 1053 2419 1336 2476; x_wconf 88' lang='lat' dir='ltr'><strong>Rhodanique</strong></span> <span class='ocrx_word' id='word_1_186' title='bbox 1368 2425 1502 2477; x_wconf 89' lang='lat' dir='ltr'><strong>potor.</strong></span> 
     </span>
    </p>
   </div>
   <div class='ocr_carea' id='block_1_4' title="bbox 318 2507 1825 2728">
    <p class='ocr_par' dir='ltr' id='par_1_5' title="bbox 318 2507 1825 2728">
     <span class='ocr_line' id='line_1_28' title="bbox 318 2507 1825 2578; baseline -0.001 -15"><span class='ocrx_word' id='word_1_187' title='bbox 318 2523 342 2563; x_wconf 92' lang='lat' dir='ltr'><strong>i.</strong></span> <span class='ocrx_word' id='word_1_188' title='bbox 372 2535 404 2564; x_wconf 90' lang='lat' dir='ltr'><strong>e.</strong></span> <span class='ocrx_word' id='word_1_189' title='bbox 438 2535 515 2578; x_wconf 91' lang='lat' dir='ltr'><strong>ego</strong></span> <span class='ocrx_word' id='word_1_190' title='bbox 547 2522 665 2564; x_wconf 88' lang='lat' dir='ltr'><strong>effeci</strong></span> <span class='ocrx_word' id='word_1_191' title='bbox 697 2525 744 2564; x_wconf 92' lang='lat' dir='ltr'><strong>ut</strong></span> <span class='ocrx_word' id='word_1_192' title='bbox 774 2522 911 2575; x_wconf 85' lang='lat' dir='ltr'><strong>lyrica</strong></span> <span class='ocrx_word' id='word_1_193' title='bbox 944 2520 1205 2564; x_wconf 83' lang='lat' dir='ltr'><strong>Graecorum</strong></span> <span class='ocrx_word' id='word_1_194' title='bbox 1236 2523 1376 2578; x_wconf 74' lang='lat' dir='ltr'><strong>poesis</strong></span> <span class='ocrx_word' id='word_1_195' title='bbox 1408 2535 1484 2578; x_wconf 92' lang='lat' dir='ltr'><strong>per</strong></span> <span class='ocrx_word' id='word_1_196' title='bbox 1516 2507 1655 2564; x_wconf 87' lang='lat' dir='ltr'><strong>totum</strong></span> <span class='ocrx_word' id='word_1_197' title='bbox 1690 2521 1825 2576; x_wconf 90' lang='lat' dir='ltr'><strong>impe·</strong></span> 
     </span>
     <span class='ocr_line' id='line_1_29' title="bbox 320 2598 1292 2654; baseline 0.001 -15"><span class='ocrx_word' id='word_1_198' title='bbox 320 2599 430 2640; x_wconf 90' lang='lat' dir='ltr'><strong>rium</strong></span> <span class='ocrx_word' id='word_1_199' title='bbox 464 2598 707 2640; x_wconf 86' lang='lat' dir='ltr'><strong>Romanum</strong></span> <span class='ocrx_word' id='word_1_200' title='bbox 739 2598 824 2654; x_wconf 90' lang='lat' dir='ltr'><strong>legi</strong></span> <span class='ocrx_word' id='word_1_201' title='bbox 856 2601 897 2640; x_wconf 88' lang='lat' dir='ltr'><strong>et</strong></span> <span class='ocrx_word' id='word_1_202' title='bbox 929 2598 1112 2654; x_wconf 87' lang='lat' dir='ltr'><strong>intelligi</strong></span> <span class='ocrx_word' id='word_1_203' title='bbox 1145 2599 1292 2654; x_wconf 88' lang='lat' dir='ltr'><strong>possit.</strong></span> 
     </span>
     <span class='ocr_line' id='line_1_30' title="bbox 380 2673 1634 2728; baseline -0.001 -13"><span class='ocrx_word' id='word_1_204' title='bbox 380 2674 541 2716; x_wconf 86' lang='lat' dir='ltr'><strong>Eadem</strong></span> <span class='ocrx_word' id='word_1_205' title='bbox 574 2679 637 2717; x_wconf 89' lang='lat' dir='ltr'><strong>est</strong></span> <span class='ocrx_word' id='word_1_206' title='bbox 668 2676 734 2717; x_wconf 85' lang='lat' dir='ltr'><strong>vis</strong></span> <span class='ocrx_word' id='word_1_207' title='bbox 767 2687 971 2717; x_wconf 87' lang='lat' dir='ltr'><strong>versuum</strong></span> <span class='ocrx_word' id='word_1_208' title='bbox 1006 2675 1179 2716; x_wconf 87' lang='lat'>10—16</span> <span class='ocrx_word' id='word_1_209' title='bbox 1213 2676 1416 2717; x_wconf 90' lang='lat' dir='ltr'><strong>carminis</strong></span> <span class='ocrx_word' id='word_1_210' title='bbox 1447 2673 1525 2728; x_wconf 89' lang='lat' dir='ltr'><strong>IH,</strong></span> <span class='ocrx_word' id='word_1_211' title='bbox 1555 2673 1634 2715; x_wconf 86' lang='lat'><strong>30:</strong></span> 
     </span>
    </p>
   </div>
   <div class='ocr_carea' id='block_1_5' title="bbox 587 2774 1602 2909">
    <p class='ocr_par' dir='ltr' id='par_1_6' title="bbox 587 2774 1602 2909">
     <span class='ocr_line' id='line_1_31' title="bbox 587 2774 1485 2832; baseline 0 -15"><span class='ocrx_word' id='word_1_212' title='bbox 587 2774 715 2817; x_wconf 91' lang='lat' dir='ltr'><strong>Dicar</strong></span> <span class='ocrx_word' id='word_1_213' title='bbox 747 2789 832 2831; x_wconf 91' lang='lat' dir='ltr'><strong>qua</strong></span> <span class='ocrx_word' id='word_1_214' title='bbox 867 2776 1029 2818; x_wconf 87' lang='lat' dir='ltr'><strong>violens</strong></span> <span class='ocrx_word' id='word_1_215' title='bbox 1061 2775 1268 2832; x_wconf 89' lang='lat' dir='ltr'><strong>obstrepit</strong></span> <span class='ocrx_word' id='word_1_216' title='bbox 1301 2775 1485 2818; x_wconf 89' lang='lat' dir='ltr'><strong>Aufidus</strong></span> 
     </span>
     <span class='ocr_line' id='line_1_32' title="bbox 589 2852 1602 2909; baseline 0 -15"><span class='ocrx_word' id='word_1_217' title='bbox 589 2852 644 2894; x_wconf 87' lang='lat' dir='ltr'><strong>Et</strong></span> <span class='ocrx_word' id='word_1_218' title='bbox 676 2867 761 2908; x_wconf 88' lang='lat' dir='ltr'><strong>qua</strong></span> <span class='ocrx_word' id='word_1_219' title='bbox 790 2866 952 2909; x_wconf 90' lang='lat' dir='ltr'><strong>pauper</strong></span> <span class='ocrx_word' id='word_1_220' title='bbox 983 2867 1121 2909; x_wconf 90' lang='lat' dir='ltr'><strong>aquae</strong></span> <span class='ocrx_word' id='word_1_221' title='bbox 1153 2853 1336 2896; x_wconf 88' lang='lat' dir='ltr'><strong>Daunus</strong></span> <span class='ocrx_word' id='word_1_222' title='bbox 1368 2854 1602 2908; x_wconf 86' lang='lat' dir='ltr'><strong>agrestium</strong></span> 
     </span>
    </p>
   </div>
  </div>
 </body>
</html>
