2034 3334
1049 408 1133 450 130

352 548 446 579 care
486 538 646 592 partem
690 533 852 576 mavult
893 546 1020 589 quam
1053 533 1099 575 in
1131 532 1319 575 alteram.
1353 530 1472 583 Quae
1503 533 1617 576 enim
1651 534 1777 577 antea
1805 534 1847 578 ei

351 614 444 655 visa
488 612 595 655 levis
643 612 708 666 sit,
749 623 867 653 nunc
908 609 1045 652 facilis
1085 609 1265 652 videtur.
1306 607 1435 652 Nunc
1475 609 1593 653 viros
1631 621 1688 653 ne
1717 610 1847 655 nimiu

353 691 438 733 sint
469 689 606 732 severi
639 687 887 743 obtestatur,
923 685 1076 742 „nam”
1109 688 1168 729 ait
1198 685 1294 742 (III,
1326 686 1398 742 30,
1428 686 1484 729 47
1517 687 1617 743 sq.):

537 804 647 861 „Qui
682 805 849 861 quaerit
878 803 1021 846 Latias
1051 805 1218 846 veteres
1249 803 1466 860 durasque
1495 802 1688 860 Sabinas,

586 881 671 924 Hic
703 882 849 937 posuit
882 883 1027 923 nostra
1058 892 1197 936 nuper
1226 881 1272 922 in
1303 878 1411 923 urbe
1439 879 1630 936 pedem.''

410 1007 537 1050 Nunc
583 1008 652 1050 sui
694 1006 895 1063 temporis
938 1005 1086 1048 laudat
1117 1018 1256 1048 mores
1287 1004 1485 1049 versibus
1517 1018 1639 1062 quos,
1669 1006 1772 1062 quia
1800 1006 1848 1048 in

351 1083 607 1126 editionibus
652 1096 741 1126 non
788 1086 900 1125 recte
950 1082 1288 1169 distinguuntur,
1335 1081 1405 1124 hic
1447 1094 1657 1139 apponam
1698 1082 1759 1126 ita
1798 1084 1849 1126 ut

350 1160 455 1203 mihi
484 1160 652 1217 legendi
683 1159 884 1202 videntur
916 1158 1008 1215 (ΙΙΙ,
1042 1140 1136 1215 30,
1140 1159 1198 1201 ’43
1232 1160 1362 1215 sqq.):

530 1275 565 1319 O
597 1277 782 1319 nimium
813 1278 959 1319 nostro
989 1275 1158 1319 felicem
1188 1278 1378 1332 tempore
1406 1274 1610 1319 Romam!

589 1353 633 1397 Si
664 1356 812 1396 contra
841 1365 980 1396 mores
1011 1366 1100 1395 una
1129 1351 1273 1408 puella
1301 1351 1416 1407 facit,

527 1430 646 1474 Haec
677 1431 823 1474 eadem
856 1433 954 1473 ante
984 1430 1101 1472 illam
1134 1430 1311 1486 impune
1342 1432 1384 1472 et
1413 1428 1567 1473 Lesbia
1595 1428 1696 1473 fecit

590 1506 709 1558 Quae
744 1507 950 1563 sequitur,
982 1509 1136 1549 certost
1165 1506 1379 1549 invidiosa
1410 1506 1568 1549 minus.

352 1633 470 1689 (Post
511 1633 747 1676 secundum
790 1633 904 1680 enim
936 1646 1107 1676 versum
1138 1632 1219 1675 hoc
1249 1634 1492 1688 exspectas:
1530 1620 1699 1686 ,Jstatim
1729 1629 1849 1674 adest

352 1710 434 1753 alia
466 1722 575 1766 quae
607 1722 697 1752 eam
725 1708 957 1764 imitetur'’,
987 1708 1061 1752 sed
1090 1708 1353 1751 iocosissime
1383 1705 1492 1762 παρὰ
1523 1705 1752 1761 προσδοκίαν
1785 1707 1848 1751 sic

352 1790 475 1844 poeta
504 1787 663 1843 pergit:
701 1786 977 1841 „iamdudum
1011 1786 1094 1829 alia
1123 1785 1271 1829 eodem
1302 1784 1427 1827 modo
1454 1782 1700 1841 peccavit'').

413 1862 550 1914 Quam
591 1866 701 1906 esset
741 1861 960 1915 ζηλοτύπος
992 1862 1176 1916 Cynthia
1207 1861 1331 1904 modo
1362 1861 1575 1915 vidimus3
1608 1863 1653 1904 at
1682 1872 1739 1904 ex
1766 1860 1850 1904 hoc

354 1952 526 1997 quoque
571 1940 675 1982 vitio
722 1942 881 1996 quanta
923 1942 1069 1995 poetae
1110 1939 1302 1981 nascitur
1332 1938 1513 1980 laetitia!
1547 1937 1702 1980 Secum
1733 1937 1849 1980 enim

353 2030 451 2060 eum
497 2017 661 2071 retinet,
711 2019 752 2059 et
794 2017 941 2058 amicis
982 2016 1112 2071 longa
1153 2013 1435 2058 suadentibus
1464 2014 1618 2057 itinera
1647 2012 1718 2056 hic
1748 2025 1849 2055 cum

353 2094 540 2150 legitima
586 2094 862 2136 excusatione
908 2093 1025 2135 domi
1066 2095 1108 2136 et
1146 2093 1193 2135 in
1236 2091 1511 2134 dilectissima
1541 2089 1650 2134 urbe
1678 2101 1850 2133 manere
1902 2147 1906 2150 q

352 2173 500 2226 potest.
552 2169 703 2224 „Non”
750 2170 808 2212 ait
858 2182 961 2226 „ego
1007 2182 1124 2213 mare
1170 2172 1315 2213 metuo
1362 2170 1732 2225 tempestatesque,
1757 2164 1849 2210 ‘sed

354 2246 401 2302 (I,
433 2246 472 2302 6,
505 2247 530 2288 5
563 2247 692 2302 sqq.):

531 2371 614 2414 Sed
645 2383 713 2414 me
744 2371 990 2426 complexae
1019 2373 1290 2414 remorantur
1320 2368 1450 2412 verba
1479 2367 1662 2425 puellae,

590 2447 841 2503 Mutatoque
870 2460 1022 2503 graves
1053 2459 1178 2503 saepe
1210 2446 1350 2489 colore
1379 2457 1539 2502 preces.

531 2522 609 2565 Illa
639 2523 744 2565 mihi
774 2524 875 2565 totis
907 2526 1074 2579 argutat
1105 2522 1305 2565 noctibus
1335 2522 1458 2578 ignes

589 2598 644 2641 Et
676 2599 870 2654 queritur
900 2598 1043 2641 nullos
1074 2611 1167 2641 esse
1199 2599 1346 2641 relicta
1377 2597 1492 2653 deos,

532 2673 612 2715 nla
642 2686 778 2716 meam
810 2674 914 2715 mihi
944 2675 1030 2716 iam
1061 2686 1107 2716 se
1139 2674 1331 2730 denegat,
1362 2673 1435 2715 illa
1466 2672 1667 2727 minatur,

594 2748 711 2799 Quae
742 2750 848 2792 solet
877 2750 1043 2806 ingrato
1075 2751 1209 2792 tristis
1241 2750 1378 2792 amica
1407 2749 1511 2791 viro.

532 2824 614 2866 His
644 2838 721 2880 ego
753 2838 840 2867 non
871 2826 1018 2868 horam
1049 2839 1225 2882 possum
1258 2826 1411 2868 durare
1443 2824 1652 2880 querelis:

593 2901 634 2942 A
663 2904 817 2956 pereat,
849 2902 985 2957 siquis
1015 2902 1157 2945 lentus
1188 2915 1329 2945 amare
1365 2900 1527 2957 potest!

1900 2780 2028 2867 w
