2034 3334
19 1680 58 1720 2.

921 373 1004 414 113

452 497 508 540 Et
538 512 636 540 cum
668 498 828 541 furtivo
861 499 1062 541 iuvenem
1094 498 1319 540 lassaverit
1349 510 1445 552 usu,

510 575 667 618 Tecum
698 576 947 631 interposita
978 575 1181 631 languida
1213 577 1331 617 veste
1358 573 1496 628 cubet,

218 699 260 738 et
306 695 516 738 eiusmodi
558 693 722 750 aliquid
763 693 877 749 apud
917 692 1075 735 multos
1108 691 1283 734 obvium
1315 694 1380 734 est
1411 694 1568 747 poetas,
1599 691 1716 734 velut

221 771 336 828 apud
366 770 618 813 Horatium:

455 879 632 923 Manum
665 880 808 936 puella
840 880 957 922 savio
989 881 1173 935 opponat
1202 881 1276 921 tuo

518 957 723 999 Extrema
755 959 796 999 et
826 957 871 998 in
903 955 1064 1012 sponda
1095 955 1233 997 cubet.

223 1075 472 1131 Propertius
503 1078 646 1118 autem
677 1075 758 1117 hoc
788 1073 936 1116 habet:

462 1182 588 1234 Quod
619 1184 655 1226 si
685 1183 940 1239 pertendens
972 1183 1114 1224 animo
1145 1183 1298 1224 vestita
1330 1181 1513 1236 cubaris,

521 1259 810 1319 Scissa-&veste
841 1272 956 1302 meas
987 1259 1204 1314 experiere
1236 1271 1402 1300 manus.

284 1375 381 1419 Non
429 1377 601 1419 aliunde
645 1378 671 1418 i.
691 1390 724 1419 e.
771 1389 826 1419 ex
870 1377 1051 1419 aliorum
1092 1376 1215 1418 libris
1248 1376 1329 1418 hoc
1361 1376 1559 1431 sumpsit,
1593 1375 1668 1418 sed
1698 1387 1722 1417 e

227 1454 392 1509 mediis,
429 1457 477 1496 ut
506 1454 565 1496 ita
598 1454 747 1508 dicam,
778 1453 917 1496 rebus.

283 1519 739 1572 Amoffiohstantia
785 1543 839 1572 ne
886 1529 1038 1572 Ovidio
1081 1530 1255 1586 quidem
1298 1530 1408 1572 cedit
1449 1528 1719 1584 Propertius:

225 1606 340 1648 illam
387 1619 486 1662 ergo
532 1610 574 1648 et
618 1607 663 1648 in
705 1607 798 1649 aliis
840 1607 997 1649 laudat.
1042 1606 1230 1649 Fidelem
1272 1606 1469 1648 Postumi
1501 1609 1542 1648 et
1575 1606 1722 1648 Aeliae

179 1712 189 1722 .
228 1681 371 1724 Gallae
411 1695 596 1724 amorem
630 1682 795 1724 extollit
825 1682 915 1737 (IV,
949 1683 1040 1736 11);
1075 1683 1191 1724 cordi
1221 1683 1261 1725 ei
1294 1685 1396 1725 sunt
1427 1681 1577 1724 Gallus
1610 1682 1723 1723 eius-

228 1758 482 1822 que·puella
514 1758 562 1814 (I,
598 1759 651 1800 10
685 1762 726 1801 et
761 1759 840 1813 13).
873 1758 1067 1814 Ianuam,
1099 1772 1207 1814 quae
1240 1759 1340 1801 olim
1371 1759 1570 1814 Tarpeiae
1600 1758 1723 1814 pudi-

227 1835 351 1877 citiae
380 1836 498 1877 testis
529 1835 622 1889 fuit,
655 1835 708 1877 ob
739 1836 974 1891 praesentis
1006 1836 1201 1878 dominae
1227 1836 1443 1878 levitatem
1473 1838 1722 1891 querentem

227 1911 329 1954 facit
372 1911 405 1966 Ι,
450 1911 518 1966 16,
560 1912 674 1967 quod
714 1925 887 1955 carmen
928 1913 1004 1954 vix
1047 1911 1284 1954 Catulliano
1329 1913 1382 1953 67
1427 1912 1606 1954 inferius
1649 1915 1723 1954 est.

229 1985 360 2028 Firmi
405 1987 566 2041 fidique
613 1988 768 2030 amoris
815 1988 940 2043 plena
980 1991 1044 2030 est
1085 1989 1367 2044 pulcherrima
1399 1988 1639 2030 Arethusae
1671 1987 1725 2029 ad

231 2061 419 2116 Lycoten
462 2063 636 2118 epistola
666 2063 734 2118 (V,
766 2065 818 2118 3),
851 2064 925 2106 sed
955 2077 1056 2119 prae
1089 2065 1239 2107 ceteris
1270 2064 1343 2106 illa
1377 2065 1515 2106 virtus
1547 2077 1726 2106 exorna—

231 2141 302 2180 tur
348 2139 535 2197 epicedio
582 2139 654 2181 illo
704 2139 921 2195 GQliae
967 2140 1057 2199 (L
1069 2141 1150 2195 11),
1197 2141 1311 2196 quod
1359 2141 1453 2183 iure
1495 2141 1725 2201 elegiarum

234 2215 426 2270 reginam
459 2215 568 2256 dixit
598 2214 945 2272 Valclgepaerius.

292 2289 349 2331 Et
378 2303 499 2332 suam
533 2303 705 2346 quoque
736 2291 961 2345 Cynthiam
993 2293 1338 2335 constantissimo
1370 2304 1512 2334 amore
1544 2295 1607 2334 est
1639 2305 1726 2333 am-

235 2366 389 2422 plexus
422 2366 680 2422 Propertius.
714 2367 946 2411 Confitetur
979 2369 1152 2424 quidem
1185 2368 1278 2424 (ΙΠ,
1309 2369 1375 2422 15,
1405 2369 1443 2422 1)
1472 2368 1627 2410 multas
1645 2367 1726 2410 sibi

235 2443 338 2485 alias
387 2443 609 2499 placuisse,
651 2444 723 2486 sed
767 2446 910 2487 verius
951 2449 1015 2487 est
1057 2445 1172 2500 quod
1204 2445 1305 2487 alibi
1337 2444 1425 2499 (IV,
1462 2445 1528 2499 14,
1561 2445 1586 2485 5
1620 2445 1726 2499 sqq.)
1740 2465 1750 2471 ’-

235 2520 402 2562 iuratus
436 2520 619 2562 declarat
635 2534 643 2560 :

410 2629 489 2672 Illa
520 2630 648 2672 rudes
679 2631 844 2672 animos
875 2643 950 2686 per
981 2634 1126 2673 noctes
1159 2632 1328 2673 conscia
1361 2632 1520 2686 primas

472 2705 642 2761 Imbuit,
674 2707 758 2748 heu
791 2706 921 2748 nullis
954 2710 1076 2762 capta
1104 2706 1297 2760 Lycinna
1331 2707 1451 2750 datis.

412 2782 578 2824 Tertius
610 2782 722 2824 haud
755 2783 890 2824 multo
924 2783 1068 2824 minus
1101 2786 1164 2824 est
1196 2796 1293 2825 cum
1326 2783 1497 2825 ducitur
1522 2796 1684 2825 annus:

474 2858 562 2901 Vix
595 2859 770 2901 memini
800 2858 923 2901 nobis
954 2858 1083 2901 verba
1114 2863 1250 2902 coisse
1281 2859 1435 2902 decem.

1576 2932 1598 2968 8

1797 2437 1843 2485 (lq
1864 2459 1875 2481 μ
1896 2453 1905 2471 t

1886 1156 1982 1213 b
