2034 3334
933 353 989 394 23

269 475 327 531 II,
359 477 400 531 2,
433 476 470 518 9.

550 551 698 594 Latius
729 564 882 608 regnes
913 551 1087 593 avidum
1119 550 1331 593 domando

548 628 769 684 Spiritum,
800 641 930 684 quam
963 628 999 670 si
1028 626 1210 682 Libyam
1246 628 1420 670 remotis

550 705 742 748 Gadibus
773 706 928 760 iungas
960 709 1001 747 et
1026 708 1210 760 uterque
1239 703 1414 747 Poenus

741 782 908 825 Serviat
939 783 1027 824 uni.

263 912 329 955 Ne
371 912 423 955 de
464 911 606 954 verbis
649 914 889 966 uterque
930 909 1174 964 PoenuS,
1215 922 1326 964 quae
1359 909 1519 952 nulla
1549 910 1714 953 ratione

206 988 410 1045 explicari
451 991 645 1044 possunt,
689 987 839 1041 dicam,
873 987 969 1042 quis
1003 999 1087 1028 non
1121 985 1239 1028 istud
1274 984 1507 1039 Libyam
1553 984 1625 1027 Ga
1642 985 1713 1028 di-

205 1064 306 1107 bus
362 1065 604 1120 iungere
649 1063 796 1119 legens
843 1062 895 1105 de
942 1061 1092 1105 Xerxe
1139 1061 1283 1117 aliquo
1324 1066 1495 1117 pontem
1528 1063 1574 1103 in
1605 1061 1713 1104 freto

209 1141 418 1184 Gaditano
473 1140 655 1183 faciente
701 1152 940 1183 sermonem
988 1151 1081 1182 esse
1129 1139 1282 1194 putet?
1330 1138 1413 1181 Vel
1460 1139 1522 1181 sic
1569 1142 1714 1181 tamen

210 1218 467 1261 adiectivum
516 1217 754 1260 remotis
801 1215 993 1258 additum
1043 1215 1290 1258 mirabitur:
1350 1216 1548 1271 quamvis
1597 1216 1712 1258 enim

207 1294 335 1349 longo
367 1294 419 1335 ad
452 1293 692 1349 iungendas
726 1292 866 1335 Gades
899 1305 997 1335 cum
1033 1305 1107 1334 ora
1138 1291 1311 1334 Africae
1343 1296 1472 1348 ponte
1504 1305 1612 1347 opus
1645 1292 1714 1345 sit,

207 1373 350 1414 tamen
407 1373 500 1412 tum
549 1370 722 1412 demum
770 1373 883 1412 recte
931 1369 1039 1412 illud
1087 1369 1346 1411 adiectivum
1395 1368 1588 1411 adhiberi
1639 1368 1715 1411 ubi

207 1450 360 1503 agatur
405 1447 458 1489 de
506 1447 612 1489 locis
655 1459 765 1502 quos
808 1459 925 1488 mare
967 1446 1128 1488 dividat
1170 1447 1335 1501 ingens,
1380 1459 1466 1487 non
1500 1447 1576 1501 qui
1607 1445 1715 1488 freto

208 1526 469 1579 separentur.
516 1521 654 1573 Quam
697 1522 862 1565 facilem
896 1535 997 1565 vero
1028 1522 1152 1564 illum
1183 1535 1277 1565 esse
1310 1526 1485 1578 oportet,
1519 1523 1595 1578 qui
1627 1534 1716 1564 cre-

210 1600 284 1642 dat
312 1602 427 1642 recte
468 1599 720 1642 Africam
765 1598 1018 1642 Gadibus
1060 1600 1302 1659 iungere
1343 1612 1442 1641 eum
1473 1599 1558 1641 dici
1590 1599 1716 1641 cuius
1800 1633 1812 1639 ,
1844 1602 2029 1647 :fga-:ds

211 1689 392 1733 regnum
452 1680 493 1719 et
550 1676 784 1737 dOQafiO
835 1689 910 1732 per
955 1679 1086 1718 totam
1136 1674 1390 1731 Hispaniam
1438 1675 1716 1731 Africamque

211 1753 482 1796 extendatur.

270 1829 347 1885 IV,
392 1830 458 1872 11.
505 1829 737 1885 „Hilariter
779 1829 884 1872 Idus
925 1829 1096 1885 Apriles
1140 1829 1243 1872 mihi
1276 1833 1377 1872 sunt
1409 1829 1715 1872 celebrandae”

211 1908 336 1962 poeta
365 1906 424 1948 ait

1017 1999 1131 2054 quod
1163 2011 1219 2041 ex
1251 1999 1330 2041 hac

570 2074 685 2118 Luce
716 2075 939 2118 Maecenas
974 2088 1097 2118 meus
1124 2075 1348 2119 affluentes

691 2150 871 2194 Ordinat
902 2165 1049 2195 annos.

275 2274 446 2331 Ergone
475 2274 606 2318 fastos
638 2277 877 2333 corrigendi
909 2290 1070 2320 munus
1104 2277 1156 2319 ab
1191 2279 1388 2333 Augusto
1416 2280 1578 2334 accepit
1603 2278 1718 2322 Mae-

216 2364 354 2406 cenas,
401 2364 586 2407 eumque
631 2353 833 2396 honorem
881 2353 1032 2396 Idibus
1074 2353 1298 2409 Aprilibus
1340 2354 1469 2396 iniit?
1515 2354 1715 2408 Minime3

218 2427 443 2483 diligenter
488 2428 602 2469 enim
645 2441 694 2471 eo
738 2441 915 2472 munere
958 2429 1134 2472 functus
1176 2434 1266 2472 erat
1306 2429 1446 2472 Iulius
1479 2430 1643 2486 Caesar,
1678 2436 1720 2475 et

218 2505 294 2545 vix
327 2507 390 2546 est
422 2503 622 2547 credibile
654 2508 750 2560 post
778 2506 953 2562 triginta
991 2519 1126 2548 annos
1159 2519 1270 2548 nova
1301 2508 1552 2550 recensione
1584 2507 1719 2552 fuisse

219 2593 337 2636 opus.
371 2579 484 2631 Quid
519 2593 568 2623 ea
593 2581 809 2624 locutione
840 2582 943 2624 velit
973 2583 1195 2638 perspicue
1226 2583 1388 2626 indicat
1420 2587 1565 2640 poeta3
1598 2599 1719 2642 prae-

220 2657 350 2699 mittit
379 2658 493 2700 enim
525 2657 653 2699 haec:

573 2765 674 2808 Iure
705 2765 908 2808 solemnis
940 2766 1044 2808 mihi
1077 2768 1349 2824 sanctiorque

576 2841 718 2884 Paene
748 2841 880 2884 natali
911 2842 1094 2898 proprio.
