2034 3334
1021 390 1077 432 20

287 518 488 558 annotat:
530 516 606 567 „In
637 517 706 556 his
737 516 844 556 nihii
875 523 1029 557 servus
1059 504 1156 557 ‘vult
1185 517 1271 558 nisi
1302 519 1477 559 coactus
1507 517 1650 565 faeere
1675 519 1855 571 propter

290 594 499 633 maiorem
532 592 800 632 dominum.''
833 591 925 642 Qua
955 592 1234 633 annotatione
1265 593 1385 633 verbi
1402 594 1873 653 Qvim

288 669 504 709 illustrare
547 668 652 718 vult,
695 663 987 717 lectoremque
1023 668 1263 725 admonere,
1288 669 1484 710 consulto
1514 670 1598 729 hoc
1627 670 1772 716 verbo*
1788 670 1857 712 uti

287 744 602 784 Parmenonem
633 745 683 783 ut
713 744 806 794 ipse
837 745 963 784 extra
993 744 1233 794 periculum
1258 745 1329 795 sit,
1357 745 1397 785 si
1422 746 1591 795 quando
1619 744 1856 800 Phoedrlae

114 810 131 823 ”
287 822 410 870 pater
445 820 694 870 cognoverit
723 818 862 859 fllium
893 830 1023 859 suum
1055 830 1148 860 rem
1179 820 1441 861 familiarem
1466 822 1640 872 propter
1666 821 1856 863 amicam

287 897 533 946 dilapidare
568 896 650 935 Sed
681 896 813 936 nimis
845 906 945 936 cum
976 896 1217 947 pulvisculo
1247 897 1358 937 mihi
1388 897 1459 938 hic
1483 897 1658 947 quidem
1682 896 1856 949 singula

288 972 496 1012 voeabula
526 973 730 1011 excutere
761 972 914 1011 doctus
945 973 1263 1013 commentator
1293 972 1475 1023 videtur,
1509 972 1724 1022 siquidem
1748 972 1855 1015 sslud

286 1048 552 1096 numquid
585 1047 741 1087 aliud
767 1033 1049 1097 imperas?
1075 1048 1184 1088 nihil
1210 1049 1279 1088 est
1298 1049 1383 1089 nisi
1414 1048 1615 1098 loquendi
1640 1047 1855 1099 quaedam

284 1124 481 1174 formula,
526 1133 610 1172 qua
641 1123 804 1163 domini
835 1123 1050 1173 imperata
1079 1124 1274 1164 facturus
1305 1124 1358 1165 ab
1392 1135 1442 1164 eo
1473 1123 1656 1165 discedit
1683 1127 1852 1164 servus.

343 1211 407 1240 vs.
437 1201 535 1239 214.
587 1199 769 1250 „Munus
785 1200 1012 1239 nostrum⁹⁹
1032 1199 1108 1246 (ait
1124 1200 1348 1247 Phaedria)
1371 1202 1548 1251 „ornato
1564 1200 1722 1251 verbis,
1740 1199 1854 1251 quod

668 1304 670 1307 -
1108 1277 1307 1326 [poteris:
1341 1278 1386 1316 et
1415 1276 1540 1316 illum
1571 1275 1794 1318 aemulum

596 1352 741 1403 „Quod
772 1353 934 1403 poteris
965 1353 1018 1393 ab
1051 1363 1102 1393 ea
1132 1353 1324 1403 pellito.’'
1553 1394 1556 1399 ,

284 1429 422 1479 Quam
462 1428 646 1469 fideliter
686 1430 768 1469 hoc
797 1429 1003 1469 mandato
1034 1429 1240 1478 fungatur
1269 1429 1482 1469 Parmeno
1514 1438 1631 1480 mox,
1665 1438 1693 1470 a
1722 1428 1849 1469 Scho-

283 1506 412 1546 liasta
453 1506 675 1555 admoniti,
710 1505 967 1545 videbimus.
1004 1505 1204 1555 „Interea
1234 1506 1341 1555 ego”
1374 1506 1438 1545 sic
1468 1505 1610 1556 pergit
1638 1504 1871 1562 Phaedriaff

287 1593 386 1631 „rus
427 1583 495 1622 ibo
538 1583 582 1621 et
623 1583 766 1622 totum
797 1581 878 1621 hoc
909 1581 1089 1620 biduum
1122 1581 1179 1620 ibi
1211 1581 1439 1621 manebo.”
1471 1581 1531 1621 At
1561 1574 1875 1623 servus-hero

283 1641 552 1707 prudentior:
590 1668 702 1707 „non
732 1659 826 1697 tam
857 1657 931 1696 diu
962 1657 1062 1697 hinc
1094 1642 1246 1698 abesse
1278 1657 1483 1707 poteris.”

425 1735 561 1784 „Nam
595 1735 670 1774 aut
701 1734 818 1774 ia'm”
852 1734 892 1780 (i.
912 1744 948 1773 e.
981 1734 1148 1780 statim)
1185 1735 1442 1783 „revortere,
1477 1734 1553 1773 aut
1582 1742 1689 1774 mox
1717 1733 1847 1776 noctu

1051 1811 1110 1857 [te
1142 1810 1287 1859 adiget
1317 1810 1496 1849 horsum
1527 1808 1787 1873 insomniasss

283 1886 528 1936 Respondet
559 1886 711 1926 herus:

373 1963 489 2012 Opus
520 1963 691 2012 faciam,
725 1963 775 2002 ut
805 1961 1014 2011 defetiger
1043 1972 1192 2012 usque,
1226 1961 1425 2011 ingratiis
1455 1963 1505 2001 ut
1535 1961 1748 2002 dormiam

282 2041 326 2078 et
357 2049 531 2078 servus:
569 2038 795 2088 „vigilabis
825 2037 982 2088 lassus,
1016 2038 1096 2077 hoc
1127 2038 1224 2087 plus
1254 2038 1430 2078 facies.'’
1722 2018 1732 2028 ⁶

282 2114 363 2154 Hic
403 2116 535 2154 verba
580 2116 685 2165 „hoc
726 2115 824 2164 plus
864 2115 1037 2162 facies’f
1067 2114 1131 2154 sic
1171 2115 1418 2164 accipienda
1458 2123 1554 2154 esse
1585 2113 1769 2154 arbitror
1796 2113 1848 2154 ut

281 2191 406 2238 plus
433 2191 614 2230 facies
641 2192 699 2231 sit
725 2191 1025 2240 proficies;
1054 2189 1270 2240 significat
1290 2201 1413 2239 ergo:
1436 2187 1846 2239 „tantumproficies

282 2267 325 2304 et
357 2266 416 2304 nil
449 2267 679 2315 amplius.”
1854 2308 1862 2313 „

341 2340 498 2380 Contra
529 2343 631 2383 hero
662 2345 753 2382 stat
784 2343 1023 2391 sententia3
1057 2342 1130 2391 qui
1161 2343 1206 2381 et
1237 2341 1334 2381 aliis
1365 2341 1509 2381 verbis
1535 2341 1870 2385 obduratumm.

280 2426 326 2453 se
360 2416 581 2464 profitetur
613 2421 656 2457 et
688 2419 756 2457 his
789 2421 866 2464 (vs.
902 2419 1025 2464 223):
1717 2405 1738 2411 „,

341 2491 530 2531 Tandem
559 2504 642 2532 non
671 2504 748 2542 ego
776 2494 896 2532 illam
919 2503 1103 2542 caream,
1122 2493 1160 2531 si
1177 2493 1236 2532 sit
1253 2502 1359 2542 opus
1375 2492 1445 2532 vel
1461 2494 1604 2532 totum
1619 2491 1844 2534 triduum?

279 2567 405 2606 Ridet
437 2579 535 2606 eum
567 2579 720 2608 servus
751 2570 919 2608 dicens:

1349 2644 1436 2684 Hui

606 2719 871 2759 Universum
904 2720 1119 2759 triduum!
1152 2719 1251 2759 vide
1283 2720 1383 2768 quid
1415 2729 1532 2769 agas,

282 2793 362 2832 Hic
419 2795 644 2833 verissime
703 2796 942 2834 Scholiasta
993 2796 1138 2835 docet:
1190 2795 1351 2844 „Vide
1398 2795 1528 2844 quid
1575 2804 1730 2843 agas:
1777 2793 1840 2834 sic

282 2870 435 2908 dicitur
467 2881 625 2918 magua
657 2872 1047 2919 aggredientibus.'’

341 2944 533 2983 Profecto
562 2946 780 2995 Phaedria,
811 2957 963 2985 servus
990 2948 1093 2986 dum
1115 2947 1234 2987 solus
1250 2957 1399 2987 secum
1415 2946 1599 2986 miratur
1615 2945 1838 2985 dominum
