2034 3334
945 403 1026 442 163

259 530 328 569 39.
362 529 428 568 Ad
459 529 591 568 verba
621 529 822 578 parasiti:

317 605 528 654 Principio
557 615 633 653 ego
656 615 733 643 vos
759 605 927 643 credere
945 604 1096 643 ambos
1113 604 1193 643 1100
1209 603 1318 642 1111111
1334 604 1615 642 vehementer
1634 603 1764 642 velim

319 681 384 719 Me
415 681 543 720 huius
575 680 777 728 quidquid
808 680 917 718 facio
950 680 991 718 id
1023 679 1163 718 facere
1194 679 1388 718 maxime
1422 689 1552 718 causa
1583 689 1694 718 mea.

199 757 465 795 Annotatur:
498 755 782 804 principio
816 766 912 804 ego
945 757 1057 801 vos]
1091 755 1234 804 „videt
1261 765 1397 803 neque
1423 764 1470 793 se
1497 755 1591 794 odio
1619 755 1766 793 haberi

199 842 337 880 neque
364 832 521 871 offendi
548 832 716 870 animos
744 831 1012 870 audientium
1040 831 1083 869 in
1109 831 1263 869 militis
1289 831 1506 870 nomine.”
1534 830 1615 870 Pro
1633 830 1767 869 altero

200 917 375 955 neque
417 908 584 956 legatur
626 908 699 946 et:
743 907 849 946 haec
891 907 1039 946 omnia
1080 907 1296 956 parasitus
1338 906 1441 945 dicit
1481 917 1615 955 quum
1657 906 1767 945 sciat

199 983 386 1022 militem
417 983 518 1022 ferri
550 993 575 1022 a
602 982 717 1021 nullo
745 983 1039 1031 praesentium
1067 992 1205 1032 posse,
1236 992 1282 1021 se
1309 992 1411 1021 vero
1438 981 1524 1020 illis
1550 992 1635 1021 non
1662 981 1767 1020 adeo

201 1058 397 1098 odiosum
430 1069 538 1098 esse.

261 1135 330 1173 62.
362 1135 428 1173 Ad
460 1134 591 1173 verba
621 1134 797 1174 militis:

318 1210 547 1258 Nunquam
579 1210 712 1249 etiam
743 1210 804 1249 fui
835 1220 1018 1258 usquam
1047 1210 1149 1258 quin
1178 1219 1249 1248 me
1277 1219 1428 1247 omnes
1455 1210 1653 1247 amarent
1678 1209 1765 1257 plu-

1530 1284 1705 1330 [rimum

202 1363 454 1400 annotatur:
502 1362 790 1410 „contrarium
832 1362 1052 1410 superiori.
1097 1361 1203 1411 Quid
1247 1363 1314 1400 est
1355 1361 1471 1400 enim
1514 1361 1624 1409 quod
1655 1361 1762 1400 bene

202 1447 287 1476 non
327 1437 476 1476 fecerit
518 1438 757 1487 quicquam,
802 1438 839 1476 si
881 1438 922 1476 in
965 1438 1037 1476 illo
1080 1438 1147 1476 est
1182 1439 1232 1476 ut
1263 1437 1492 1476 ametur?”
1525 1436 1627 1475 Dele
1659 1447 1764 1475 non

191 1514 246 1552 ,01
276 1523 351 1561 pro
383 1514 679 1561 quicquam
706 1514 799 1562 lege
827 1513 1145 1562 quisquam:
1177 1513 1404 1561 aptissima
1431 1513 1536 1552 haec
1563 1514 1764 1551 nascetur

203 1589 440 1628 sententia:
477 1589 548 1638 „Si
575 1599 599 1628 a
625 1590 780 1628 natura
806 1589 886 1628 hoc
913 1589 1042 1628 habet
1068 1589 1194 1628 miles
1221 1589 1270 1627 ut
1296 1599 1447 1627 omnes
1475 1599 1574 1627 eum
1601 1590 1760 1638 ament,

202 1674 358 1704 nemo
400 1665 535 1704 bene
577 1666 744 1704 fecit''
787 1666 829 1704 id
866 1667 933 1704 est
963 1665 1127 1704 nemini
1158 1665 1322 1713 gratiae
1353 1666 1455 1703 sunt
1487 1665 1675 1713 agendae
1709 1665 1763 1710 (id

202 1741 313 1788 quod
353 1742 501 1780 tamen
532 1741 636 1780 facit
666 1742 793 1781 miles
825 1741 1024 1781 dicendo:
1057 1741 1156 1779 ben
1175 1751 1196 1779 e
1229 1741 1488 1789 fecistis),
1522 1741 1631 1788 quod
1665 1751 1764 1779 eum

203 1817 344 1865 aliquo
376 1818 533 1857 afficiat
563 1816 782 1857 beneficio.

734 2071 816 2112 AD
864 2071 1234 2112 ADELPHOS.

263 2189 374 2228 Prol.
418 2190 456 2228 8.
500 2189 559 2227 In
602 2189 811 2228 Graeca
852 2188 1188 2227 adolescens
1225 2189 1335 2234 est]
1373 2188 1556 2237 „Diphili
1588 2189 1763 2238 scilicet,

205 2266 329 2313 quasi
360 2265 541 2304 diceret:
576 2264 757 2314 Quidam
789 2264 1036 2303 adolescens
1069 2265 1136 2302 est
1167 2264 1238 2311 qui
1270 2264 1412 2302 lenoni
1445 2264 1600 2313 eripuit
1631 2274 1764 2303 mere-

205 2340 401 2379 tricem.’'
434 2341 525 2379 Ista
557 2340 655 2388 quid
687 2340 768 2378 sibi
800 2340 982 2378 volunt?

270 2417 335 2455 10.
383 2416 640 2464 Reliquit
696 2415 1005 2464 integrum]
1068 2425 1227 2464 „quum
1283 2416 1413 2455 aliam
1470 2416 1766 2455 transferret.”

207 2491 319 2529 Fieri
350 2493 493 2539 potest
524 2493 573 2530 ut
604 2501 711 2530 sana
741 2491 848 2529 haec
879 2490 989 2529 sint:
1023 2490 1194 2529 aliam
1227 2491 1342 2530 enim
1369 2491 1409 2530 h.
1438 2491 1465 2530 1.
1494 2490 1584 2530 vim
1612 2491 1767 2530 habere

206 2566 376 2605 videtur
406 2571 476 2605 τοῦ
510 2568 720 2605 ceteram:
756 2577 854 2605 cum
887 2568 1075 2605 ceteram
1102 2566 1259 2614 Diphili
1284 2567 1475 2605 fabulam
1501 2567 1766 2616 transferret,

208 2641 322 2680 hunc
353 2652 487 2680 unum
520 2642 662 2680 locum
694 2652 779 2680 non
811 2642 966 2690 tetigit.

272 2718 338 2756 14.
371 2717 816 2765 Reprehensum]
853 2718 1109 2767 „retentum,
1143 2718 1456 2766 resumptum.”
1485 2717 1565 2756 Pro
1593 2718 1767 2756 101011-

209 2793 323 2830 111111
379 2793 608 2840 legendum
656 2794 723 2830 est
768 2794 1069 2840 receptum.
1120 2793 1369 2841 Synonyma
1415 2793 1527 2831 inter
1572 2803 1619 2831 se
1666 2794 1768 2831 sunt

209 2864 579 2918 prehendere,
639 2879 858 2918 capere,
917 2879 1158 2918 sumere,
1207 2870 1282 2908 sed
1329 2871 1522 2908 tenere
1570 2870 1766 2908 diversis-

210 2944 311 2982 simi
343 2946 410 2983 est
441 2944 622 2993 generis
