2034 3334
1036 382 1119 425 126
1323 431 1326 437 f

1259 443 1297 468 ψ
1319 435 1439 480 ngat,

328 514 393 554 ter
437 510 503 555 vel
551 514 702 567 quater
744 509 817 553 ille
861 509 1029 566 legitur.
1072 509 1129 566 ΙΙ,
1173 510 1213 565 3,
1252 510 1311 553 49
1345 523 1408 566 sq.
1449 510 1512 554 sic
1542 509 1823 557 lamentatur:

502 628 601 671 Heu
634 629 718 671 heu
751 627 959 671 divitibus
991 628 1116 670 video
1147 627 1336 684 gaudere
1367 628 1554 685 puellas:

561 705 653 748 Iam
686 705 860 748 veniant
889 704 1082 761 praedae,
1113 705 1150 747 si
1182 704 1334 748 Venus
1366 709 1484 762 optat
1513 718 1626 762 opes.

384 822 617 865 Venustuli
648 821 761 864 haud
795 820 924 864 dubie
955 824 1058 864 sunt
1090 821 1304 878 versiculi,
1329 835 1416 865 non
1442 825 1584 866 tamen
1612 823 1825 867 eiusmodi

325 904 373 942 ut
403 899 591 955 graviter
631 899 684 941 iis
717 901 1037 941 commoveatur
1068 899 1212 941 lector.
1244 897 1451 942 Eiusdem
1482 900 1565 942 iam
1599 901 1823 945 attulimus

324 989 475 1020 versus
506 975 562 1032 II,
594 978 634 1031 4,
667 976 722 1018 19
755 989 840 1032 sq.:

501 1084 571 1127 Ad
598 1084 814 1127 dominam
845 1083 992 1127 faciles
1023 1084 1165 1127 aditus
1197 1097 1274 1141 per
1305 1086 1495 1128 carmina
1525 1098 1709 1142 quaero:

562 1161 627 1204 Ite
656 1161 820 1218 procul,
852 1160 1015 1216 Musae,
1048 1162 1085 1204 si
1115 1161 1224 1204 nihil
1254 1162 1338 1205 ista
1369 1162 1523 1206 valent.

383 1277 600 1335 Cognosce
631 1291 749 1320 nunc
780 1290 890 1334 quae
928 1281 1195 1334 sequuntur:

499 1387 552 1443 A,
584 1387 688 1429 mihi
720 1399 795 1443 per
826 1387 995 1430 caedem
1030 1390 1072 1430 et
1100 1387 1271 1430 facinus
1303 1391 1407 1430 sunt
1439 1387 1551 1431 dona
1580 1388 1780 1445 paranda,

558 1463 623 1507 Ne
653 1464 813 1506 iaceam
846 1463 1036 1506 clausam
1068 1463 1223 1507 flebilis
1256 1468 1356 1518 ante
1387 1464 1586 1508 domum:

499 1541 591 1584 Aut
621 1541 782 1597 rapiam
814 1553 1024 1596 suspensa
1056 1542 1187 1583 sacris
1218 1542 1407 1598 insignia
1436 1542 1571 1585 fanis:

558 1617 640 1660 Sed
673 1617 823 1662 Venus
854 1623 952 1661 ante
983 1619 1089 1663 alios
1122 1623 1187 1663 est
1219 1619 1418 1662 violanda
1448 1619 1565 1662 mihi.

496 1694 595 1750 Ipsa
627 1695 788 1737 malum
818 1695 986 1739 facinus
1018 1696 1171 1739 suadet
1201 1697 1506 1753 dominamque
1534 1709 1728 1753 rapacem

557 1770 641 1813 Dat
671 1772 802 1814 mihi:
834 1773 1059 1829 sacrilegas
1092 1774 1247 1816 sentiat
1276 1773 1350 1816 illa
1386 1787 1552 1817 manus.

500 1846 534 1889 Ο
567 1852 722 1904 pereat,
752 1850 1002 1906 quicunque
1032 1851 1136 1907 legit
1166 1850 1413 1906 viridesque
1443 1850 1690 1907 smaragdos

557 1923 613 1966 Et
644 1926 811 1967 niveam
842 1925 971 1980 Tyrio
1003 1927 1166 1969 murice
1196 1927 1323 1983 tingit
1358 1939 1492 1969 ovem.

498 1999 613 2043 Hinc
645 2001 716 2043 dat
747 2003 949 2045 avaritiae
979 2016 1130 2047 causas
1163 2007 1205 2046 et
1236 2003 1322 2046 Coa
1352 2003 1507 2060 puellis

557 2077 702 2121 Vestis
733 2083 775 2121 et
805 2092 828 2122 e
859 2079 990 2122 rubro
1020 2081 1167 2123 lucida
1197 2081 1358 2123 concha
1389 2081 1507 2122 mari.

496 2153 614 2196 Haec
644 2154 780 2197 fecere
811 2155 965 2199 malas:
1000 2157 1100 2198 hinc
1131 2157 1284 2199 clavim
1315 2157 1447 2199 ianua
1477 2157 1612 2199 sensit

555 2229 611 2272 Et
642 2232 780 2287 coepit
810 2236 955 2275 custos
987 2233 1150 2279 liminis
1182 2246 1275 2276 esse
1306 2234 1436 2276 canis.

498 2304 581 2348 Sed
611 2307 795 2362 pretium
828 2309 864 2350 si
895 2309 1056 2364 grande
1086 2309 1210 2362 feras,
1241 2310 1433 2352 custodia
1463 2310 1630 2364 victast,

556 2383 646 2426 Nec
676 2385 905 2440 prohibent
936 2387 1090 2442 claves,
1122 2391 1164 2429 et
1195 2388 1315 2430 canis
1346 2388 1438 2443 ipse
1468 2389 1589 2429 tacet.

379 2499 548 2543 locatur
583 2505 703 2557 poeta
734 2506 776 2544 et
807 2503 1069 2558 lepidissime
1099 2505 1287 2558 iocatur-3
1321 2518 1408 2547 non
1440 2508 1583 2546 tamen
1615 2504 1708 2546 eius
1739 2502 1816 2558 qui

318 2590 465 2619 revera
507 2578 644 2620 doleat
685 2592 777 2621 esse
810 2581 961 2635 opinor
992 2581 1135 2624 dolore
1167 2595 1246 2624 suo
1280 2586 1497 2637 tamquam
1527 2580 1694 2623 ridendi
1726 2592 1815 2622 ma·-

319 2654 423 2694 teria
455 2654 528 2695 uti.

377 2728 456 2771 Ille
502 2734 642 2772 autem
687 2744 814 2786 quem
857 2731 1125 2788 Lygdamum
1167 2747 1260 2777 esse
1301 2735 1424 2776 aiunt
1464 2734 1546 2775 viri
1586 2733 1699 2775 docti
1730 2731 1811 2775 sub

318 2803 473 2846 Tibulli
517 2819 698 2861 persona
740 2808 939 2850 latentem
982 2809 1034 2851 de
1077 2810 1225 2852 eodem
1269 2814 1521 2866 argumento
1552 2810 1655 2851 haec
1686 2808 1814 2852 habet

320 2880 419 2934 (Tib.
451 2881 531 2937 III,
567 2883 604 2936 1,
637 2883 659 2923 7
693 2885 791 2939 sq.):
