2034 3334
1368 27 1385 39 ς,
1434 29 1442 39 ›‚
1455 27 1486 38 .»;,

980 213 1066 257 120

404 335 498 380 Hac
529 349 608 392 ope
640 338 714 388 (se.
748 336 811 389 vi)
842 334 1074 378 debueram
1106 332 1321 378 thalamos
1350 335 1550 392 petiisse,
1583 348 1786 395 socerque

402 406 496 450 Non
529 406 712 450 orandus
744 408 837 450 erat
866 405 977 450 mihi
1007 404 1081 449 sed
1112 404 1332 449 faciendus
1362 404 1643 452 Erechtheus.

220 479 304 522 Pro
332 482 419 521 erat
444 477 544 520 mihi
569 476 776 522 Heinsius
801 477 875 520 aed
903 476 956 528 vi,
986 475 1168 525 Bothius
1195 475 1236 519 vi
1257 476 1331 519 eod
1344 477 1628 521 coniecerunt.
1657 476 1824 536 Specio-

218 551 331 602 sius,
370 553 419 592 ut
451 550 614 607 opinor,
647 561 778 605 quam
810 548 969 592 verius.
1001 546 1182 591 Nudum
1206 546 1404 606 faciendi
1437 548 1620 593 verbum
1652 549 1820 607 optime

222 621 290 665 hic
332 620 478 663 orandi
520 620 651 664 verbo
683 620 927 677 opponitur,
960 622 1003 662 et
1034 619 1165 662 nimis
1197 632 1321 676 saepe
1350 619 1675 664 substantivum
1705 618 1823 678 quod

219 695 285 735 est
324 706 387 733 vu
427 691 549 734 nobis
591 689 762 735 obtrudi
804 704 887 734 non
929 689 1123 734 ferimus.
1176 689 1286 733 Nam
1330 688 1460 747 paulo
1499 693 1598 734 ante
1641 689 1731 735 690
1754 703 1818 748 sq.

218 763 307 806 iam
347 776 400 806 ex
440 762 630 820 egregiis
671 761 842 805 Heinsii
883 760 1254 805 emendationibus
1296 764 1340 805 et
1381 762 1535 818 utique
1566 760 1821 819 recipiendis

217 832 404 890 legitur:
982 858 990 862 -

400 902 515 961 Apta
545 903 656 946 mihi
687 903 753 945 vis
787 905 876 946 est:
909 903 954 945 vi
988 903 1127 946 tristia
1158 900 1308 946 nubila
1338 901 1474 960 pello,

399 972 453 1016 Vi
485 973 594 1017 freta
626 974 823 1017 concutio
855 987 892 1016 e.
910 987 950 1030 q.
968 987 1003 1016 s.

890 1236 1026 1280 Lmnn
1057 1236 1149 1280 VII.

281 1359 338 1403 55
366 1374 456 1417 sqq.
500 1359 654 1403 Medea
696 1374 843 1404 seeum
884 1360 1093 1404 deliberat
1133 1361 1330 1405 faveatne
1371 1359 1511 1404 Iasoni
1551 1363 1596 1404 et
1635 1373 1737 1404 cum
1768 1372 1819 1404 eo

220 1431 386 1488 fugiat,
429 1445 484 1474 an
515 1430 644 1474 illum
675 1433 781 1475 sorti
812 1445 915 1475 suae
946 1431 1161 1489 relinquat
1192 1436 1235 1475 et
1264 1433 1310 1474 in
1342 1445 1420 1474 sua
1451 1434 1625 1475 maneat
1654 1431 1818 1488 patria:

954 1502 1050 1546 Non
1082 1517 1242 1560 magna
1271 1501 1535 1558 relinquam,

400 1572 564 1630 Magna
595 1586 769 1629 sequar:
803 1573 984 1616 titulum
1016 1578 1207 1617 servatae
1238 1573 1364 1630 pubis
1396 1573 1585 1616 Achivae

397 1643 695 1700 Notitiamque
725 1643 808 1687 loci
839 1643 1030 1687 melioris
1063 1647 1106 1687 et
1138 1643 1316 1700 oppida,
1351 1657 1535 1700 quorum

398 1713 482 1756 Hic
513 1728 680 1770 quoque
711 1714 827 1757 fama
858 1716 1004 1772 viget,
1037 1707 1264 1771 cultusque
1296 1717 1493 1770 artesque
1523 1713 1710 1756 locorum.

217 1783 411 1827 Dubium
451 1798 535 1827 non
577 1788 642 1827 eet
683 1786 786 1841 quin
828 1799 904 1841 pro
947 1785 1116 1827 locorum
1159 1784 1400 1841 recipienda
1436 1786 1493 1827 sit
1524 1783 1660 1827 altera
1689 1783 1818 1828 lectio

217 1855 405 1899 virorum.
456 1855 597 1898 Nimis
645 1857 761 1898 enim
808 1855 914 1899 dura
957 1860 1022 1899 est
1064 1856 1286 1912 repetitio:
1330 1854 1408 1897 loci
1425 1879 1481 1887 —-
1498 1855 1683 1898 locorum.
1732 1854 1817 1909 Qui

216 1930 362 1970 autem
394 1926 502 1969 hanc
535 1927 719 1970 vitantes
745 1941 821 1983 pro
847 1926 926 1969 loci
952 1926 1107 1984 legunt
1132 1927 1224 1978 sobi,
1258 1926 1437 1969 Medeae
1463 1925 1815 1970 deliberationem

215 1997 419 2053 praebent
459 2011 543 2040 non
584 2010 728 2040 amore
767 1999 963 2041 incensae
1006 1999 1190 2055 virginis
1233 1996 1306 2040 sed
1348 1998 1465 2040 cauti
1507 1995 1814 2054 diligentiaque

216 2067 444 2124 agricolae.

280 2191 365 2235 144
383 2207 474 2306 figg-
496 2277 665 2320 quoque
697 2264 907 2307 victorem
938 2262 1191 2320 complecti,
1224 2263 1421 2315 barbara,
1455 2262 1613 2307 velles:

397 2334 577 2377 Obstitit
608 2336 777 2391 incepto
809 2334 957 2391 pudor.
992 2330 1051 2377 At
1081 2333 1305 2391 complexa
1335 2334 1508 2385 fuisses,

397 2405 480 2448 Sed
512 2409 578 2456 te,
611 2419 663 2448 ne
695 2405 873 2456 faceres,
907 2406 1048 2448 tenuit
1079 2407 1317 2449 reverentia
1348 2405 1501 2448 famae.

215 2474 409 2518 Nimiam
452 2476 759 2519 verbositatem
799 2475 933 2533 vulgo
965 2476 1148 2519 editores
1181 2477 1323 2518 vitant
1353 2474 1577 2518 resecando
1611 2488 1674 2518 vs.
1709 2473 1811 2518 145.

214 2544 448 2600 Aliquanto
495 2545 774 2589 verisimilior
820 2545 1035 2604 simulque
1084 2547 1304 2590 venustior
1345 2545 1455 2588 mihi
1495 2544 1669 2589 videtur
1709 2544 1812 2588 haec

215 2629 420 2658 versuum
459 2616 542 2658 145
561 2631 621 2672 sq.
657 2616 920 2660 emendatio:

398 2686 577 2728 Obstitit
610 2688 779 2742 incepto
811 2686 950 2744 pudor
980 2690 1023 2730 et
1054 2687 1292 2730 reverentia
1326 2687 1477 2730 famae.

281 2820 365 2863 168
397 2820 531 2864 Deme
562 2823 670 2864 meis
702 2824 823 2864 annis
856 2825 899 2865 et
930 2822 1125 2879 demptos
1157 2821 1262 2865 adde
1294 2822 1473 2879 parenti.

216 2891 349 2934 Unice
381 2906 533 2934 verum
565 2893 674 2934 mihi
707 2893 902 2935 videtur:

396 2961 530 3005 Deme
564 2965 669 3005 meis
701 2977 830 3006 annos
862 2968 904 3006 et
937 2963 1134 3020 demptos
1165 2962 1271 3006 adde
1301 2963 1502 3019 paternis.
