2034 3334
997 393 1082 436 100

283 519 360 579 tati
391 522 433 561 et
462 518 747 560 immortalem
777 518 965 560 assecuti
996 517 1166 560 famam.
1204 516 1315 572 „Sed
1347 517 1431 560 alia
1463 516 1559 560 aliis
1591 514 1792 580 plgcgnff

283 595 354 649 ait,
404 594 535 648 „mihi
577 594 757 636 humilia
799 597 928 650 atque
959 594 1152 637 modesta
1183 593 1321 650 magis
1353 606 1485 650 quam
1517 592 1689 636 excelsa
1721 591 1796 635 illa

283 675 326 713 et
368 670 592 726 magnifica
625 669 854 713 arrident”.
887 669 1040 726 Neque
1074 670 1154 712 hoc
1186 670 1248 713 sic
1281 670 1535 726 simpliciter
1567 669 1682 724 dicit,
1716 667 1794 712 sed

283 747 464 803 egregiis
506 746 703 789 versibus
745 747 797 789 ad
839 747 984 803 ipsum
1017 749 1221 803 provocat
1253 745 1566 789 Maecenatem:
1604 747 1673 800 „te
1703 745 1793 788 tuis

284 823 492 879 exemplis
510 835 713 879 superare
730 823 903 866 studeo:
923 826 971 865 tu
989 824 1027 866 si
1044 822 1256 865 voluisses
1273 835 1349 878 per
1366 820 1589 865 Caesarem
1607 820 1662 863 ad
1677 833 1795 863 sum·

283 913 403 942 mum
429 899 602 955 gloriae,
624 899 776 950 laudis,
793 899 966 942 honoris
983 900 1254 955 pervenisses
1271 898 1503 955 fastigium.
1520 896 1562 940 N
1563 897 1704 958 ongis
1721 895 1798 940 sed

461 999 607 1042 Parcis
639 1003 681 1042 et
711 1001 758 1041 in
789 1003 941 1042 tenues
974 999 1182 1042 humilem
1213 1003 1256 1042 te
1289 999 1456 1055 colligis
1488 997 1688 1042 umbras:

526 1075 732 1118 Velorum
762 1076 911 1131 plenos
945 1075 1160 1119 subtrahis
1191 1077 1285 1131 ipse
1315 1076 1451 1118 sinus.

344 1175 503 1219 Eadem
552 1177 717 1219 ratione
759 1189 837 1232 ego
880 1176 991 1218 bella
1022 1177 1200 1219 heroum
1232 1189 1320 1237 ngn
1353 1176 1530 1232 attingo,
1561 1175 1614 1219 de
1645 1185 1792 1218 amore

284 1265 390 1294 cano
433 1253 622 1295 carmina
664 1253 787 1310 leyia,
830 1253 967 1315 hung<
982 1253 1184 1308 repentia,
1218 1265 1328 1308 quae
1360 1253 1398 1295 si
1430 1251 1677 1295 amantibus
1707 1250 1795 1308 pla-

284 1328 452 1370 cuerint
481 1327 718 1383 gaudebo.''
750 1328 884 1371 Vides
917 1342 1047 1384 quam
1081 1330 1167 1371 sint
1193 1329 1239 1370 in
1269 1331 1358 1370 toto
1386 1328 1466 1370 hoc
1483 1328 1796 1371 sententiarum

284 1403 467 1446 decursu
500 1404 652 1460 lepida,
684 1404 830 1460 faceta,
862 1408 1045 1447 venusta
1079 1405 1234 1446 omnia.
1267 1403 1386 1446 Nihil
1417 1403 1716 1446 huiuscemodi
1748 1403 1796 1445 in

284 1478 452 1521 Horatii
484 1481 673 1523 carmine
704 1484 788 1523 est:
821 1480 893 1522 ille
919 1481 1047 1535 enim,
1073 1484 1295 1536 tamquam
1323 1481 1360 1522 si
1387 1481 1559 1523 satiram
1577 1478 1796 1540 scriberet,

286 1568 415 1610 quam
448 1557 566 1598 varia
597 1557 684 1598 sint
714 1557 938 1599 hominum
970 1556 1123 1611 studia,
1152 1570 1282 1612 quarn
1309 1557 1440 1599 variis
1467 1556 1606 1599 modis
1621 1555 1796 1599 laudem

286 1633 428 1673 tamen
462 1644 610 1674 omnes
643 1635 850 1687 quaerant
882 1632 949 1675 vel
979 1632 1150 1674 lucrum
1183 1633 1370 1688 exponit.
1399 1631 1661 1674 Primarium
1677 1632 1795 1675 enim

284 1706 415 1749 huius
458 1708 660 1750 carminis
693 1711 995 1763 argumentum
1028 1721 1114 1750 non
1147 1711 1287 1764 potest
1320 1721 1406 1750 non
1439 1708 1587 1751 lectori
1619 1708 1794 1751 satiram

285 1783 477 1825 eiusdem
525 1786 673 1838 poetae
719 1784 902 1839 primam
945 1785 990 1825 in
1034 1789 1219 1827 mentem
1263 1797 1426 1827 vocare.
1467 1784 1654 1827 Tandem
1697 1787 1796 1840 post

284 1858 455 1914 longam
504 1861 867 1902 enumerationem
915 1861 1018 1914 haec
1060 1860 1198 1902 addit:
1246 1860 1338 1914 „Ita
1369 1873 1487 1902 nunc
1519 1873 1598 1915 ego
1630 1859 1794 1914 lyricus

286 1935 429 1976 vocari
459 1938 583 1990 poeta
613 1936 751 1990 cupi0,
778 1936 831 1978 ad
863 1936 972 1978 hanc
1009 1949 1087 1992 ego
1120 1936 1291 1978 laudem
1324 1937 1425 1978 totis
1455 1937 1570 1978 nitor
1586 1934 1793 1978 viribus''.

286 2009 415 2052 Recte
442 2023 542 2066 ergo
570 2010 855 2054 Horatianum
883 2012 1026 2054 locum
1045 2012 1323 2067 Propertiano
1342 2025 1531 2068 opponas
1547 2011 1599 2054 ad
1619 2004 1795 2055 dem“on-

286 2086 509 2128 strandum
551 2101 682 2142 quam
725 2089 780 2130 sit
820 2089 973 2131 horum
1008 2092 1229 2145 poetarum
1264 2093 1419 2132 natura
1450 2090 1630 2145 diversa,
1663 2102 1794 2146 quam

286 2162 393 2203 nihil
425 2175 654 2206 commune
686 2164 892 2207 habeant:
927 2166 1073 2208 eadem
1108 2167 1222 2208 enim
1256 2165 1477 2220 vocabula,
1510 2165 1671 2222 quibus
1687 2166 1796 2209 alter

286 2251 393 2280 usus
436 2242 512 2293 est,
555 2240 591 2281 si
624 2241 748 2282 etiam
784 2240 836 2283 ab
869 2241 1001 2284 altero
1033 2241 1304 2297 adhibentur,
1336 2243 1599 2284 contrarium
1631 2241 1794 2298 signifi-

284 2325 380 2356 care
412 2315 614 2358 videntur
630 2318 673 2367 1).

330 2485 367 2530 1)
391 2487 605 2530 Propertiani
630 2490 795 2523 oerminis
817 2490 882 2524 hoc
903 2494 956 2524 est
975 2491 1173 2526 exordium:

578 2565 764 2609 Maecenas,
787 2577 894 2610 eques
920 2567 1064 2602 Etrusco
1086 2569 1128 2602 de
1151 2570 1320 2613 sanguine
1342 2580 1476 2614 regum.

286 2639 362 2678 Quo
387 2651 455 2673 non
481 2651 560 2674 usos
583 2652 655 2675 esse
679 2643 770 2676 viros
791 2644 907 2678 doctos
930 2645 971 2678 ad
991 2646 1300 2680 demonstrandum
1320 2657 1419 2691 saepe
1439 2648 1616 2691 Propertio
1629 2648 1792 2682 scribenti

287 2711 407 2733 versus
439 2702 584 2736 alicuius
617 2704 793 2738 Hor-atiani
824 2706 859 2738 in
887 2710 1040 2740 mentem
1065 2708 1200 2741 venisse
1222 2709 1377 2751 impense
1400 2709 1517 2742 laetor.
1542 2709 1792 2743 Intellexerunt

285 2761 390 2800 enim,
416 2765 455 2794 ut
479 2763 608 2804 opinor,
633 2775 745 2814 quurn
769 2766 875 2799 semel
897 2767 1002 2800 fuerit
1024 2769 1155 2811 origine
1177 2770 1270 2812 regia
1292 2772 1327 2802 et
1351 2769 1494 2803 Etrusca
1519 2769 1705 2810 Maecenas,
1717 2779 1789 2802 non

286 2823 436 2863 potuisse
470 2825 629 2865 aequales
653 2829 777 2869 poem,
803 2828 864 2869 qui
888 2828 1076 2862 honorifice
1099 2839 1182 2863 eum
1204 2831 1375 2873 appellare
1397 2830 1534 2871 vellent,
1560 2839 1600 2863 ea
1626 2830 1787 2863 omittere

284 2883 446 2916 vocabula
470 2893 559 2926 quae
583 2886 674 2927 apud
701 2890 893 2931 utrumque
917 2889 1075 2932 legimus.

2029 3228 2034 3241 Η.
2017 3045 2034 3171 ..sadda-5
2018 2991 2034 3033 ‘202-
2022 2943 2034 2978 ,ςι-
