2034 3334
954 225 1012 268 33

370 349 474 393 Ossa
503 350 677 406 tegebat
708 349 890 399 humus,
924 349 1124 403 iussaque
1156 348 1218 390 ibi
1249 348 1418 390 moenia
1448 351 1561 390 terra

371 419 570 464 Condidit
601 423 643 462 et
674 434 829 462 nomen
860 418 1068 461 tumulati
1100 420 1231 460 traxit
1260 419 1305 460 in
1336 418 1501 460 urbem.

190 490 325 533 Verbo
357 491 542 532 trahendi
575 492 666 533 vim
698 490 800 532 facit
827 494 972 545 poeta:
1002 490 1160 530 trahere
1186 490 1306 531 enim·
1324 504 1459 530 nomen
1486 492 1598 531 recte
1625 488 1782 530 dicitur

187 561 316 603 homo
349 561 418 604 vel
447 561 588 611 locus,
622 562 696 616 qui
729 575 884 603 nomen
917 559 1078 613 accipit.
1114 558 1178 603 Cf.
1212 559 1282 609 IV,
1317 559 1429 602 291:
1466 573 1647 607 „nomen
1679 573 1780 615 quo-

190 646 271 687 que
312 634 442 674 traxit
488 633 539 675 ab
580 631 712 674 illis’'.
755 631 918 673 Eodem
962 630 1088 672 modo
1120 629 1276 685 aliquis
1312 631 1415 685 „qui
1447 631 1491 671 in
1522 644 1684 672 novum
1717 634 1782 672 est

187 707 381 744 mutatus
427 702 608 758 corpus'’
653 702 833 744 dicitur:
867 701 1076 751 colorem,
1110 701 1318 752 formam,
1353 715 1576 756 squamas,
1609 700 1780 757 plumas

190 774 333 815 simm.
368 774 537 815 trahere.

253 842 337 886 167
386 843 519 886 Docet
551 843 844 900 Pythagoras:

265 905 275 916 ⁹
1216 911 1342 954 Errat
1374 916 1417 955 et
1448 911 1568 955 illinc
1638 964 1639 968 Ἰ

369 983 468 1026 Huc
499 985 641 1034 venit,
675 983 775 1025 hinc
807 982 912 1025 illuc
946 986 988 1025 et
1020 982 1234 1038 quoslibet
1267 986 1445 1039 occupat
1477 987 1593 1025 artus

368 1054 555 1110 Spiritus
583 1068 688 1110 eque
721 1054 821 1096 feris
853 1053 1040 1095 humana
1071 1055 1118 1095 in
1150 1067 1322 1109 corpora
1353 1055 1506 1095 transit

373 1125 505 1181 Inque
538 1125 648 1167 feras
680 1129 835 1167 noster.
1500 1180 1503 1182 .

187 1195 452 1238 Vocabulum
497 1211 535 1252 q.
568 1210 603 1238 e.
653 1199 785 1237 noster
831 1209 879 1237 eo
924 1194 1016 1237 loco
1059 1197 1124 1237 est
1167 1196 1357 1250 positum
1401 1198 1451 1236 ut
1492 1183 1584 1237 tota
1626 1194 1780 1237 horum

189 1281 394 1310 versuum
427 1267 635 1309 sententia
667 1266 900 1308 admodum
934 1265 1007 1307 fiat
1039 1266 1228 1308 obscura.

253 1337 338 1380 525
358 1352 418 1394 sq.
450 1338 630 1393 Egeriae
662 1339 721 1379 sic
753 1337 803 1379 de
835 1339 954 1379 exitu
986 1350 1062 1378 suo
1096 1340 1238 1379 narrat
1270 1335 1560 1393 Hippolytus:

370 1408 578 1451 Excutior
610 1422 759 1458 curru,
792 1407 978 1463 lorisque
1010 1408 1255 1450 tenentibus
1286 1396 1404 1449 artus

371 1478 539 1521 Viscera
571 1480 671 1521 viva
702 1478 814 1520 trahi
846 1492 1081 1533 nervosque
1112 1479 1157 1519 in
1188 1479 1320 1534 stirpe
1353 1479 1507 1528 teneri,

370 1549 567 1591 Membra
597 1551 691 1604 rapi
722 1550 903 1604 partim,
937 1549 1180 1604 partimque
1212 1562 1410 1604 reprensa
1440 1547 1646 1604 relinqui,

371 1618 474 1661 Ossa
506 1633 682 1675 gravem
715 1619 975 1679 darelfracta
1008 1633 1159 1660 sonum
1191 1619 1431 1675 fessamque
1462 1619 1617 1660 videres

372 1689 576 1744 Exhalari
608 1691 819 1739 animam,
852 1688 1076 1744 nullasque
1107 1691 1151 1731 in
1183 1703 1356 1745 corpore
1388 1693 1529 1745 partes

370 1761 550 1803 Noscere
583 1774 686 1816 quas
715 1773 882 1816 posses:
917 1774 1137 1815 unumque
1168 1764 1258 1802 erat
1289 1762 1433 1802 omnia
1464 1760 1635 1802 vulnus.

190 1830 372 1887 Figura,
416 1845 523 1887 quae
570 1831 805 1887 „zeugma”
840 1831 1010 1880 dicitur,
1044 1832 1244 1873 novimus
1278 1845 1422 1872 omnes
1455 1845 1584 1886 quam
1617 1833 1673 1873 sit
1705 1831 1783 1873 fre-

191 1915 322 1957 quens
365 1905 408 1943 et
449 1905 658 1957 quantum
698 1902 780 1944 sibi
810 1903 854 1943 in
886 1915 935 1944 ea
966 1901 1203 1943 adhibenda
1234 1900 1477 1957 largiantur
1506 1908 1676 1957 poetae,
1710 1901 1783 1944 sed

190 1985 315 2013 nemo
362 1986 546 2028 usquam
592 1971 711 2014 illius
757 1986 882 2014 causa
929 1977 1018 2014 tam
1067 1972 1342 2014 vehementer
1383 1975 1626 2014 contortum
1670 1972 1783 2015 vidit

189 2040 391 2097 loquendi
436 2056 563 2084 usum
611 2056 738 2098 quam
786 2042 878 2093 hic,
926 2042 1001 2083 ubi
1047 2043 1262 2098 primum,
1307 2042 1431 2084 solita
1475 2042 1782 2085 vocabulorum

193 2111 524 2168 significatione,
567 2112 718 2153 viscera
759 2113 889 2161 trahi,
924 2126 1062 2152 nervos
1094 2112 1242 2162 teneri,
1275 2112 1443 2153 membra
1473 2112 1567 2167 rapi
1599 2113 1782 2154 videre

190 2182 403 2233 iubemur,
452 2182 525 2224 sed
571 2182 720 2224 deinde
766 2184 896 2224 etiam
943 2196 1075 2223 sonum
1123 2182 1217 2222 dari
1264 2186 1305 2223 et
1353 2182 1524 2223 animam
1571 2182 1781 2234 exhalari,

193 2257 406 2308 postremo
446 2255 607 2295 iterum
648 2252 894 2308 quotidiana
937 2265 1014 2294 sua
1054 2253 1098 2294 vi
1140 2251 1251 2294 redit
1293 2251 1466 2294 videndi
1511 2252 1692 2294 verbum
1733 2254 1778 2294 in

193 2323 283 2365 his:
320 2312 571 2379 „nullasque
602 2324 646 2364 in
678 2336 848 2378 corpore
879 2326 1018 2378 partes
1050 2335 1218 2363 noscere
1251 2335 1354 2377 quas
1385 2322 1574 2377 posses’'.

257 2392 344 2435 620
392 2391 547 2448 Cipus,
592 2407 690 2434 cum
732 2392 918 2434 frontem
949 2405 1071 2433 suam
1103 2392 1300 2433 cornibus
1333 2393 1548 2434 munitam
1581 2392 1780 2444 vidisset,

195 2462 389 2505 consulto
422 2463 645 2518 haruspice
677 2476 721 2504 se
751 2476 899 2518 regem
931 2461 1043 2510 fore,
1077 2462 1113 2502 si
1139 2461 1290 2503 urbem
1315 2463 1514 2512 intrarit,
1543 2465 1781 2518 cognoscit;

194 2536 343 2588 sponte
387 2547 488 2588 ergo
530 2534 596 2574 vir
626 2533 787 2588 patriae
819 2532 1138 2573 amantissimus
1171 2545 1262 2573 rem
1295 2533 1460 2573 senatui
1492 2534 1627 2587 aperit
1660 2536 1703 2574 et
1732 2534 1783 2573 ut

193 2604 235 2644 in
280 2602 480 2645 exsilium
523 2602 708 2659 pellatur
738 2603 859 2657 petit.
894 2601 950 2643 At
981 2601 1105 2643 aliter
1137 2602 1281 2644 visum
1312 2602 1528 2657 patribus:
1561 2605 1681 2644 extra
1714 2616 1782 2644 ur-

194 2673 292 2715 bem
325 2674 365 2715 ei
395 2674 567 2715 honoris
599 2686 724 2714 causa
755 2686 908 2728 agrum
941 2671 1065 2713 dant:
1749 2669 1761 2686 '

375 2743 628 2798 Cornuaque
658 2743 810 2784 aeratis
843 2743 998 2783 miram
1029 2741 1254 2783 referentia
1286 2741 1468 2784 formam

375 2813 572 2855 Postibus
603 2810 875 2867 insculpunt,
908 2810 1088 2866 longum
1121 2824 1322 2852 mansura
1353 2826 1428 2866 per
1460 2825 1628 2855 aevum.

194 2882 342 2937 Ipsum
376 2881 472 2938 Cipi
505 2887 655 2938 caput,
688 2883 849 2936 opinor,
882 2881 1022 2921 miram
1037 2881 1220 2936 formam
1247 2882 1461 2937 referebat,
1490 2882 1541 2924 de
1568 2881 1667 2924 solis
1693 2896 1782 2924 cor-

196 2953 345 3003 nibus,
377 2954 514 3008 iisque
545 2967 627 2995 non
648 2954 773 2994 'veris
806 2951 877 2993 sed
912 2950 1148 3001 simulatis,
1182 2951 1360 2993 absurde
1391 2951 1499 2993 illud
1531 2952 1700 2994 dicitur.

1565 3032 1584 3062 ³
