2034 3334
927 242 982 285 45

340 365 501 409 Foedat
530 365 656 407 humi
686 364 807 407 fusus
839 365 1160 420 spatiosumque
1189 365 1380 419 increpat
1411 378 1581 408 aevum.

340 436 452 479 Nam
484 436 534 479 de
567 439 704 478 matre
735 449 886 478 manus
920 435 1003 477 diri
1036 435 1117 477 sibi
1148 437 1314 477 conscia
1345 435 1447 477 facti

339 506 498 563 Exegit
528 520 704 562 poenas,
739 510 832 548 acto
865 519 940 561 per
972 507 1133 548 viscera
1163 505 1287 548 ferro.

222 576 296 628 XI,
332 576 418 618 215
438 590 528 632 sqq.

340 647 413 690 Bis
445 649 614 703 periura
645 648 759 702 capit
789 646 1033 699 (Hercules)
1064 651 1285 702 superatae
1317 648 1485 689 moenia
1516 646 1679 690 Troiae.

338 718 426 761 Nec
458 731 554 774 pars
586 717 793 769 militiae,
827 716 1053 769 Telamon,
1087 719 1177 759 sine
1210 717 1368 760 honore
1398 719 1592 769 recessit,

340 789 610 844 Hesioneque
642 788 741 830 data
772 789 951 844 potitur,
984 801 1085 829 nam
1116 789 1298 843 coniuge
1330 787 1483 830 Peleus

339 858 491 903 Clarus
523 863 614 902 erat
645 858 743 901 diva
775 872 810 901 e.
845 872 884 914 q.
919 872 951 900 s.

157 928 239 972 His
278 929 382 972 locis
423 928 737 986 permultisque
779 928 875 971 aliis
907 927 1117 984 particula
1148 943 1238 969 nam
1269 930 1489 984 aptissime
1521 929 1747 973 adhibetur

158 999 211 1043 ad
241 1002 526 1043 narrationem
558 1000 609 1042 de
641 1001 812 1042 homine
844 998 956 1050 illis,
991 999 1040 1041 de
1073 999 1228 1054 quibus
1260 1003 1383 1042 antea
1414 1004 1634 1042 narratum
1667 1005 1745 1052 est,

156 1070 298 1127 aliqua
330 1071 640 1114 necessitudine
670 1072 839 1120 iuncto,
873 1084 949 1112 suo
979 1069 1073 1112 loco
1104 1070 1371 1112 inserendam
1394 1069 1439 1122 ¹).

216 1140 412 1184 Tertium
441 1156 552 1184 nunc
579 1145 727 1197 poetae
754 1140 983 1183 artificium
1009 1142 1071 1182 ita
1099 1140 1293 1183 indicabo
1319 1146 1368 1182 ut
1394 1142 1571 1183 initium
1593 1142 1745 1184 faciam

157 1224 181 1253 a
212 1225 362 1262 versu,
397 1213 471 1268 qui
501 1211 635 1268 vulgo
665 1211 778 1254 male
812 1211 1062 1267 explicatur.
1095 1210 1144 1252 In
1169 1212 1294 1266 gravi
1320 1210 1396 1253 illo
1421 1211 1604 1267 proelio,
1632 1212 1746 1268 quod

159 1285 332 1337 propter
373 1281 690 1325 Andromedam
733 1285 877 1324 ortum
918 1285 1003 1332 est,
1036 1281 1308 1337 Lampetides
1341 1289 1488 1325 cantor
1520 1296 1543 1325 a
1575 1282 1745 1325 Pettalo

158 1351 429 1404 vulneratum
463 1352 513 1404 V,
550 1351 656 1396 117:

338 1421 532 1466 Concidit
566 1427 608 1465 et
640 1423 790 1479 digitis
822 1423 1104 1465 morientibus
1135 1422 1209 1465 ille
1241 1427 1473 1479 retemptat

337 1493 431 1536 Fila
462 1493 604 1550 lyrae:
638 1507 821 1549 casuque
853 1493 937 1535 fuit
969 1493 1210 1536 miserabile
1243 1508 1425 1536 carmen.

157 1563 240 1606 Pro
274 1564 373 1621 fuit
411 1564 615 1606 Heinsius
647 1566 828 1606 coniecit
859 1564 990 1614 canit,
1026 1578 1153 1619 quam
1186 1566 1472 1606 coniecturam
1504 1565 1747 1607 refutarunt

156 1648 300 1677 omnes
331 1635 592 1678 admonendo
625 1637 859 1686 κακόφωνον
891 1649 979 1677 esse
1020 1635 1136 1677 istud
1177 1650 1271 1676 casu
1313 1635 1422 1676 canit
1462 1651 1631 1685 carmen,
1675 1636 1747 1678 sed

156 1704 295 1748 multo
335 1707 533 1762 graviore
574 1709 854 1762 argumento,
900 1705 1012 1761 quod
1053 1709 1198 1747 contra
1240 1719 1332 1747 eam
1374 1705 1512 1747 afferri
1553 1710 1744 1761 poterat,

156 1790 302 1827 nemo,
338 1781 546 1833 quantum
578 1778 685 1827 scio,
720 1790 910 1832 unquam
942 1790 1044 1818 usus
1076 1780 1152 1818 est.
1187 1775 1438 1819 Coniectura
1470 1778 1585 1818 enim
1616 1776 1747 1818 Hein-

155 1848 272 1889 siana
314 1847 481 1890 tollitur
522 1851 564 1890 et
606 1848 717 1902 perit
757 1860 858 1889 vera
901 1861 1050 1889 versus
1091 1848 1324 1897 sententia,
1356 1860 1463 1902 quae
1495 1861 1606 1889 nunc
1637 1846 1744 1889 latet

155 1918 478 1970 tantummodo,
521 1917 723 1974 nulloque
764 1919 939 1973 negotio
982 1917 1172 1973 protrahi
1213 1921 1366 1973 potest.
1401 1916 1493 1959 Non
1528 1918 1607 1959 hoc
1639 1917 1744 1959 dicit

157 1986 336 2030 Ovidius
378 1988 551 2030 cadente
591 1987 841 2043 Lampetide
874 1988 1035 2030 factum
1067 2001 1156 2029 esse
1188 1992 1238 2028 ut
1269 1987 1510 2029 miserabile
1543 1989 1744 2029 existeret

157 2070 349 2100 carmen:
391 2058 626 2100 absurdum
667 2059 781 2100 enim
822 2058 902 2100 hoc
943 2061 1054 2100 esset
1093 2061 1134 2099 et
1167 2059 1228 2099 rei
1257 2062 1433 2100 naturae
1466 2059 1740 2100 contrarium.

156 2127 372 2179 Musicus,
418 2142 516 2170 cum
557 2129 792 2183 improvisa
823 2127 951 2184 plaga
982 2141 1207 2183 percussus
1238 2128 1445 2178 concidit,
1478 2127 1569 2169 fieri
1601 2132 1740 2183 potest

154 2201 204 2240 ut
247 2197 344 2254 lyra
389 2200 481 2240 eius
529 2201 650 2240 canat
691 2197 854 2253 aliquid
896 2198 1007 2253 quod
1049 2199 1132 2239 viri
1173 2198 1483 2253 perturbationi
1514 2199 1740 2253 subitoque

155 2270 307 2310 terrori
347 2268 620 2324 respondeat;
665 2268 918 2309 lamentabile
948 2266 1015 2309 vel
1055 2267 1278 2308 miserabile
1311 2281 1479 2309 carmen
1511 2282 1636 2310 nemo
1668 2282 1744 2309 un-

155 2352 284 2394 quam
331 2340 483 2381 cecinit
527 2340 610 2380 nisi
658 2340 817 2380 otiosus
865 2338 1057 2380 desidens
1101 2337 1171 2380 vel
1218 2337 1401 2379 adstans.
1450 2337 1743 2394 Neglexerunt

154 2413 299 2451 autem
326 2413 413 2451 tam
443 2411 695 2464 interpretes
723 2422 851 2464 quam
878 2410 968 2463 ipse
994 2407 1198 2449 Heinsius
1227 2421 1398 2449 versum
1416 2409 1490 2463 qui
1507 2408 1740 2463 praecedit:

333 2478 528 2522 Pettalus
559 2479 740 2520 irridens
775 2478 970 2534 „Stygiis
1003 2492 1104 2520 cane
1137 2478 1301 2520 cetera'⁷
1336 2477 1458 2519 dixit.

106 2550 118 2556 ‘
153 2549 267 2606 Ergo
293 2553 522 2605 antequam
549 2548 846 2591 vulneraretur
874 2547 1146 2603 Lampetides
1168 2548 1360 2597 canebat,
1380 2552 1550 2603 accepto
1567 2547 1742 2591 vulnere

153 2624 361 2673 retemptat
380 2620 462 2674 fila
498 2620 609 2674 lyrae
639 2620 667 2660 i.
687 2633 721 2661 e.
754 2623 931 2660 conatur
963 2632 1131 2660 carmen
1163 2632 1290 2659 suum
1323 2619 1539 2674 persequi,
1573 2633 1741 2674 casuque

146 2690 244 2746 fuit
272 2690 496 2732 miserabile
525 2703 677 2731 carmen
704 2690 732 2730 i.
751 2702 786 2731 e.
820 2688 926 2730 forte
954 2692 1098 2730 autem
1126 2701 1192 2730 res
1218 2689 1279 2730 ita
1307 2688 1466 2730 ferebat
1492 2691 1542 2730 ut
1569 2702 1737 2732 carmen

199 2884 236 2926 1)
271 2884 375 2926 Quam
405 2884 554 2926 languida
581 2883 623 2915 sit
654 2886 684 2914 st
714 2893 845 2925 prorsus
875 2881 1001 2913 inutilis
1025 2882 1220 2924 parenthesis
1242 2882 1298 2914 illa
1321 2882 1421 2923 (XIV,
1445 2882 1532 2923 741),
1557 2883 1594 2914 de
1617 2894 1679 2925 qua
1702 2884 1736 2915 in

150 2937 349 2980 praecedenti
378 2937 499 2979 egimus
529 2937 648 2980 capite,
680 2936 803 2978 egregie
836 2935 870 2967 hi
901 2935 963 2967 loci
994 2935 1124 2974 docent,
1151 2935 1203 2967 ubi
1227 2936 1385 2978 particula
1409 2948 1482 2968 nam
1505 2939 1570 2969 tam
1594 2940 1667 2980 apte
1690 2940 1737 2970 ent

154 2991 268 3033 posita.
