2034 3334
931 394 1013 434 111

216 521 392 562 constat.
423 518 569 574 Atque
599 519 646 561 in
677 531 727 561 ea
751 519 893 574 poesis
924 521 1044 575 parte
1071 520 1142 561 cui
1158 520 1251 575 ipsa
1268 532 1368 562 eum
1385 523 1540 562 natura
1558 520 1720 563 creavit

217 594 493 638 tabernacula
529 595 640 637 vitae
671 595 802 651 ponit.
835 594 970 650 Saepe
1001 595 1105 638 haec
1137 595 1188 638 de
1220 596 1357 650 poe'tis
1390 596 1502 638 dicta
1534 598 1637 638 sunt
1667 595 1720 638 ab

216 671 335 724 aliis3
386 671 484 726 quis
531 684 725 726 unquam
772 674 861 713 tam
908 674 1103 726 venuste,
1147 675 1234 713 tam
1277 672 1415 727 lepide
1448 672 1558 714 dixit
1589 684 1719 727 quam

216 746 501 802 Propertius?
548 745 639 801 „De
669 747 777 789 viris
809 746 919 789 bello
951 746 1106 789 claris'’
1139 748 1199 789 ait
1233 760 1411 801 „canere
1442 747 1650 803 volebam,
1681 751 1722 791 et
1934 804 1942 808 ἱ

219 822 270 865 de
287 823 468 878 egregiis
486 823 675 865 victoriis
694 836 801 878 quas
818 823 918 865 olim
936 822 1120 865 Romani
1135 827 1408 878 reportarunt
1424 823 1515 878 (IV,
1534 825 1572 879 2,
1586 826 1612 865 5
1630 826 1718 880 sq.):
1776 839 1792 851 <
1838 824 1842 845 ²
1995 816 2001 824 ²

396 939 625 995 Parvaque
656 942 743 982 tam
776 940 943 995 magnis
975 939 1190 982 admoram
1222 939 1414 982 fontibus
1446 953 1520 982 ora

458 1015 584 1058 Unde
616 1019 734 1071 pater
765 1016 914 1058 sitiens
945 1015 1116 1058 Ennius
1149 1019 1248 1058 ante
1281 1015 1400 1058 bibit.

220 1138 318 1194 Ipse
360 1152 428 1181 me
462 1139 662 1182 Phoebus
694 1139 746 1182 ab
777 1141 947 1196 incepto
980 1140 1205 1183 revocabat
1237 1143 1279 1183 et
1309 1141 1405 1183 aliis
1437 1141 1726 1196 prudentibus

222 1215 412 1258 consiliis
444 1220 488 1258 et
517 1216 621 1258 hoc:

401 1334 524 1376 Alter
554 1346 700 1376 remus
731 1347 878 1389 aquas,
910 1334 1016 1376 alter
1047 1334 1127 1376 tibi
1159 1334 1280 1376 radat
1312 1347 1486 1378 arenas:
1695 1349 1724 1371 -r
1934 1326 1938 1331 ’
1982 1333 1989 1341 ’

460 1409 596 1452 Tutus
629 1411 735 1452 eris:
769 1410 909 1453 medio
941 1411 1129 1452 maxima
1159 1410 1285 1453 turba
1318 1411 1509 1454 marist.''

283 1525 397 1583 Ergo
438 1541 463 1569 a
505 1527 583 1570 deo
616 1528 872 1583 admonitus,
904 1527 979 1570 ubi
1011 1529 1160 1583 paucis
1191 1528 1429 1584 versiculis,
1460 1529 1602 1584 iisque
1633 1529 1727 1584 pul—

226 1602 458 1658 cherrimis,
489 1606 660 1659 egregia
690 1604 880 1659 Augusti
913 1604 964 1646 de
994 1603 1214 1659 republica
1244 1605 1395 1646 merita
1420 1605 1627 1660 laudavit,
1642 1606 1726 1660 ipsi

226 1678 407 1734 eiusque
437 1678 644 1721 militibus
676 1679 945 1735 ducibusque
970 1680 1129 1735 optima
1156 1693 1352 1735 quaeque
1379 1693 1403 1722 a
1419 1680 1500 1723 diis
1517 1684 1730 1736 precatur,

227 1753 280 1796 de
327 1767 373 1797 se
414 1767 469 1797 ne
510 1755 708 1798 videatur
742 1759 829 1798 tam
861 1756 1078 1812 praeclara
1107 1756 1217 1798 facta
1249 1757 1370 1799 tenui
1402 1757 1589 1799 carmine
1621 1757 1730 1799 cele-

227 1829 350 1873 brare
380 1832 613 1874 tentavisse
644 1832 747 1874 haec
777 1832 894 1874 addit
926 1831 1017 1888 (IV,
1052 1833 1090 1887 3,
1125 1833 1220 1886 22):

465 1947 535 1990 Me
566 1951 632 1990 sat
661 1949 740 1991 erit
771 1947 899 1991 Sacra
930 1948 1133 2004 plaudere
1163 1961 1289 2004 posse
1326 1948 1421 1990 Via.

229 2071 297 2113 En
342 2074 490 2127 poetae
531 2072 832 2115 verecundiam
864 2086 950 2114 non
983 2073 1228 2115 simulatam
1254 2073 1335 2115 sed
1366 2086 1524 2128 veram,
1557 2087 1611 2116 en
1644 2087 1733 2116 mo-

231 2152 487 2191 numentum
533 2161 714 2205 paryum
757 2151 798 2190 et
839 2148 1001 2191 humile
1043 2149 1118 2191 sed
1151 2149 1574 2204 magnificentissima
1606 2150 1734 2192 laude

232 2237 475 2280 perenmus.

291 2298 360 2341 Ab
408 2298 617 2341 eiusmodi
662 2301 786 2354 poeta
832 2299 999 2341 discant
1040 2299 1123 2354 alii,
1165 2300 1345 2341 iuvenes
1387 2301 1646 2355 praesertim,
1679 2313 1735 2342 ne
1816 2295 1880 2353 A„
1922 2323 1927 2331 ·
1976 2331 1990 2346 ,

234 2375 408 2417 aliunde
451 2377 658 2430 quaerant
689 2375 889 2416 carminis
922 2376 1141 2417 materiam
1175 2388 1199 2417 a
1229 2378 1384 2417 natura
1415 2388 1494 2417 sua
1526 2363 1890 2437 alienamzs'vssss·
1919 2362 2030 2440 (¹35

234 2454 382 2506 pectus
429 2450 544 2492 enim
590 2453 655 2492 est
702 2449 817 2504 quod
866 2462 954 2491 non
1001 2450 1140 2492 solum
1184 2450 1392 2492 disertum
1435 2450 1536 2492 facit
1577 2451 1652 2493 sed
1696 2432 1780 2493 et*
1882 2441 1934 2461 ‘²‘
2008 2446 2034 2459 ‘⁴

234 2529 413 2582 poetam.
459 2524 676 2580 Expertus
722 2525 803 2566 hoc
848 2526 970 2566 novit
1011 2525 1272 2580 Propertius,
1315 2529 1518 2581 expertus
1550 2528 1736 2569 amicum

239 2601 562 2656 adolescentem,
606 2613 735 2655 quem
775 2600 901 2642 modo
943 2601 1096 2656 sagitta
1121 2602 1333 2656 percussit
1365 2600 1542 2657 Cupido,
1573 2603 1635 2644 sic
1666 2603 1738 2644 ad-

242 2680 385 2720 monet
419 2676 467 2734 (I,
502 2677 542 2733 9,
577 2677 631 2718 15
664 2677 765 2732 sq.):
1394 2668 1400 2674 ’

421 2793 536 2844 Quid
567 2795 604 2836 si
635 2807 723 2836 non
754 2796 867 2836 esset
897 2793 1034 2836 facilis
1065 2793 1144 2836 tibi
1177 2795 1331 2850 eopia?
1363 2808 1481 2838 nunc
1511 2799 1562 2838 tu

478 2869 666 2912 Insanus
698 2868 837 2911 medio
867 2868 1047 2912 flumine
1079 2870 1249 2925 quaeris
1281 2883 1448 2926 aquam.
