2034 3334
251 402 490 446 restituerit
543 414 626 445 non
681 402 887 454 interest,
932 399 1006 446 sed
1049 401 1181 446 habet
1225 400 1340 461 quod
1384 400 1530 448 solum
1573 400 1875 470 probandum*⁴
1891 426 1906 470 J

249 472 488 529 eiynoentquo
517 472 603 516 hoc.
1884 484 1886 489 ·
1911 474 1913 477 ’

312 618 402 663 340
431 618 666 663 Ehwaldus
692 619 820 664 edens

427 690 517 735 Nec
547 692 693 735 minus
724 690 929 746 Heliades
960 690 1087 735 fletus
1117 694 1162 736 et
1190 692 1336 737 inania
1365 694 1498 738 morti

430 762 616 806 Munera
645 761 770 815 dant,
800 761 1001 806 lacrimas

246 833 388 888 (flam
406 836 491 896 ‚eet
529 834 576 876 in
615 833 706 877 cod.
749 837 787 884 ε)
826 848 914 877 non
954 836 1175 891 reputasse
1214 833 1387 878 videtur
1415 835 1544 891 fletu
1582 837 1624 878 et
1651 826 1843 879 hednae

245 903 531 962 tautologiam
562 918 653 948 esse
683 906 760 949 vix
791 904 1022 949 ferendam.
1056 903 1200 948 Multo
1231 908 1421 963 praestat
1450 905 1565 963 quod
1589 908 1690 951 aute
1713 904 1848 953 Heiu-

246 976 361 1018 sium
392 974 622 1019 edebatur:

425 1046 515 1091 Nec
546 1047 692 1090 minus
723 1045 927 1091 Heliades
959 1047 1095 1101 buqent
1125 1061 1162 1091 e.
1179 1061 1220 1105 q.
1237 1060 1272 1092 s.

305 1181 395 1225 412
436 1181 616 1227 Callisto
646 1183 873 1240 spernebat
897 1182 1131 1228 muliebres
1155 1187 1269 1228 artes
1294 1188 1339 1229 et
1363 1183 1623 1230 muliebrem
1646 1183 1845 1231 cultum

1020 1255 1097 1299 ubi
1126 1254 1260 1299 fibula
1290 1259 1480 1309 vestem,

427 1324 547 1369 Vitta
578 1329 821 1370 coercuerat
851 1324 1070 1384 neglectos
1101 1325 1200 1371 alba
1229 1326 1431 1384 capillos3

426 1395 483 1439 Et
513 1396 643 1440 modo
674 1396 771 1441 leve
800 1411 934 1441 manu
962 1396 1177 1451 iaculum,
1208 1397 1338 1442 modo
1370 1400 1612 1456 sumpserat
1640 1410 1810 1452 arcum,
1832 1426 1842 1432 „
1920 1396 1922 1398 ’

425 1466 554 1510 Miles
584 1472 676 1511 erat
707 1462 914 1512 Phoebes.

243 1535 373 1581 Recte
403 1539 464 1581 sic
494 1538 630 1582 edidit
660 1538 894 1583 Ehwaldus
926 1541 1080 1596 spretis
1111 1541 1368 1584 coniecturis
1393 1541 1591 1585 virorum
1614 1539 1838 1587 doctorum

242 1610 286 1651 et
324 1610 455 1652 variis
497 1609 693 1653 codicum
732 1609 1003 1654 lectionibus.
1056 1610 1141 1654 Sed
1180 1615 1278 1668 post
1317 1611 1491 1667 capillos
1531 1609 1707 1670 virgula
1746 1613 1842 1656 erat

242 1679 449 1736 ponenda.

303 1824 388 1868 431
432 1825 598 1883 Iupiter
627 1825 788 1871 Dianae
819 1827 958 1871 forma
987 1830 1162 1885 sumpta
1191 1828 1245 1872 ad
1275 1827 1557 1873 Callistonem
1587 1829 1709 1874 venit

1141 1902 1184 1942 et
1216 1898 1360 1943 oscula
1390 1900 1539 1958 iungit

422 1967 511 2011 Nec
540 1967 761 2012 moderata
792 1970 896 2013 satis
925 1985 997 2013 nec
1026 1969 1087 2012 sic
1118 1986 1144 2012 a
1175 1970 1331 2024 vir-ymo
1361 1971 1514 2014 danda.

238 2037 288 2080 In
330 2038 472 2082 codice
503 2055 523 2082 ε
554 2043 641 2083 est:
685 2055 755 2082 nee
786 2041 890 2083 enim
919 2042 1123 2084 moderata
1147 2042 1277 2099 fuere
1306 2043 1593 2099 suprascripto
1621 2039 1653 2083 l
1674 2054 1747 2084 nec
1762 2039 1839 2084 εἰσ
1886 2039 1887 2042 ’

238 2126 265 2151 a
305 2110 461 2163 vimine
501 2111 651 2155 danda
694 2111 875 2155 Videtur
913 2112 1047 2156 codex
1087 2112 1162 2156 ille
1203 2115 1341 2170 ipsius
1382 2112 1530 2157 Ovidii
1560 2112 1633 2157 hic
1663 2119 1833 2190 servare
1875 2159 1878 2162 Α
1917 2163 1919 2165 ,

239 2180 599 2225 emendationem

303 2316 393 2360 468
425 2317 704 2362 Callistonem
735 2320 818 2362 sibi
849 2319 1057 2376 paelicem
1088 2320 1246 2364 factam
1277 2319 1383 2363 olim
1414 2323 1603 2364 senserat
1630 2318 1739 2364 Iuno
1762 2307 1846 2363 aad>

241 2401 396 2443 poenas
427 2388 676 2432 distulerat:
1826 2403 1829 2405 ·

425 2458 564 2503 Causa
593 2474 738 2503 morae
768 2460 890 2504 nulla
920 2464 1007 2513 est,
1041 2465 1085 2505 et
1114 2463 1204 2505 iam
1234 2475 1342 2519 puer
1372 2461 1503 2505 Arcas
1532 2461 1595 2514 (id
1623 2461 1770 2519 ipsum
1826 2484 1828 2487 ·

423 2529 614 2572 Indoluit
643 2530 769 2584 Iuno)
801 2531 940 2575 fuerat
970 2531 1022 2575 de
1050 2531 1211 2589 paelice
1241 2536 1382 2576 natus.

242 2596 406 2640 Sanum
437 2613 527 2643 esse
559 2615 643 2643 non
674 2604 815 2657 potest
844 2606 882 2644 et
912 2602 1015 2655 imm3
1049 2604 1292 2660 cogitabam
1325 2602 1376 2646 de
1407 2618 1499 2645 nam
1528 2603 1623 2655 iam,
1655 2601 1730 2646 sed
1752 2601 1834 2647 hoe

241 2669 413 2711 auribus
446 2673 622 2723 (nostris
655 2676 786 2726 certe)
807 2671 838 2726 ¹)
863 2674 1100 2730 ingratum.
1132 2673 1298 2731 Ecquid
1323 2689 1407 2716 cum
1433 2674 1514 2716 iam
1538 2672 1607 2718 vel
1632 2673 1702 2715 ubi
1725 2670 1835 2716 iam?

288 2829 324 2869 1)
358 2831 401 2861 At
431 2831 463 2861 in
495 2831 545 2862 his
576 2831 668 2863 rebus
698 2832 815 2864 nostris
846 2833 1050 2867 diffidendum
1081 2845 1147 2867 ωε
1176 2834 1307 2868 mribus
1337 2834 1537 2868 luculentum
1559 2833 1640 2867 mihi
1664 2831 1835 2867 nivalem
1900 2871 1901 2874 Ἴ
1975 2815 1982 2838 ⁵

242 2882 370 2924 praebet
393 2885 582 2926 exemplum.
608 2886 677 2917 Vsa.
701 2886 786 2919 enim
810 2887 875 2920 722
887 2898 956 2930 sqq.
979 2887 1167 2931 plerumque
1190 2888 1238 2921 sic
1259 2888 1382 2921 editur:

597 2941 726 2981 Quanto
750 2941 947 2983 splendidior
968 2953 1065 2984 quam
1087 2945 1193 2975 cetera
1214 2942 1319 2976 sidera
1340 2942 1443 2985 fulget

599 2995 737 3034 Lucifer,
762 3001 793 3027 et
816 2998 936 3037 quanto
959 2998 1010 3035 te,
1034 2997 1174 3037 Lucifer,
1197 3007 1295 3030 aurea
1318 2996 1465 3036 Phoebe,

598 3049 699 3080 Tanto
724 3049 901 3091 virginibus
924 3051 1139 3093 praestantior
1162 3050 1309 3084 omnibus
1331 3050 1455 3092 Herse,
1494 3054 1497 3056 ’
