2034 3334
1026 384 1109 425 172

276 512 326 550 ut
365 511 560 561 arbitror,
604 511 991 551 subaudiendum.”
1025 511 1167 552 Immo
1198 521 1324 552 vero:
1361 512 1470 562 „erit
1499 512 1567 553 bis
1597 513 1848 556 arbitror

275 586 662 627 subaudiendum.”

337 663 559 712 Sequitur:
612 664 750 714 „hanc
794 674 900 704 sane
946 664 1213 705 locutionem
1259 664 1369 704 scire
1416 665 1635 716 debemus,
1676 666 1850 717 propter

275 750 506 789 personam
549 739 859 780 elaboratam.”
902 740 1087 780 Multum
1129 739 1199 780 hic
1240 740 1452 781 sudarunt
1493 740 1653 791 critici;
1694 751 1848 783 verum

277 815 369 855 dele
410 815 626 865 virgulam
667 817 767 866 post
807 806 1084 867 debemus,
1118 816 1355 857 sanissima
1385 818 1512 858 erunt
1541 818 1701 859 omnia.
1733 817 1848 859 Per·

276 902 413 932 sona
453 891 752 932 elaborata
792 893 917 933 nihili
958 894 1038 943 est,
1082 893 1158 932 sed
1190 892 1349 933 locutio
1382 894 1450 933 est
1480 893 1701 935 elaborata
1728 904 1848 945 prop-

276 969 343 1007 ter
382 978 626 1019 personam,
670 969 696 1009 i.
726 980 761 1009 e.
805 971 854 1009 ut
895 969 1090 1010 moribus
1131 969 1362 1010 conveniat
1400 980 1610 1020 personae
1649 981 1759 1022 quae
1798 980 1851 1012 ea

276 1043 426 1083 utitur.

338 1121 362 1160 ’7
395 1130 458 1169 sq.

458 1196 528 1248 Sy.
563 1197 597 1237 Ο
625 1196 850 1247 Ctesipho!
873 1196 929 1238 Gt.
949 1198 982 1238 Ο
1001 1198 1130 1248 Syre!
1149 1196 1395 1238 Aeschinus
1411 1199 1484 1238 ubi
1501 1199 1600 1239 est?
1618 1197 1691 1250 Sy,
1707 1197 1851 1240 Ellum

1054 1276 1114 1321 [te
1150 1275 1378 1324 exspectat
1407 1275 1537 1315 domi.
1573 1273 1630 1315 Gt.
1661 1274 1789 1316 Hem.

458 1349 529 1400 Sy.
565 1349 672 1400 Quid
699 1351 799 1390 est?
828 1349 886 1390 Gt.
915 1350 1022 1401 Quid
1049 1351 1140 1390 sit?
1165 1351 1282 1391 illius
1308 1361 1448 1401 opera,
1469 1351 1587 1402 Syre,
1605 1361 1720 1391 nunc
1737 1350 1848 1402 vivo,

1383 1428 1607 1475 [festivum
1637 1429 1788 1479 caput!

277 1502 339 1542 De
380 1502 658 1542 festivum
702 1505 870 1553 caput
910 1505 1141 1553 postquam
1182 1504 1293 1544 dixit
1334 1514 1430 1544 esse
1470 1504 1544 1554 qui
1584 1503 1672 1544 illis
1706 1503 1851 1547 νει-1118

278 1577 512 1628 significari
553 1580 707 1628 putent
747 1589 833 1619 non
874 1580 1141 1620 Aeschinum
1183 1580 1258 1620 sed
1299 1579 1474 1620 initium
1515 1579 1734 1631 orationis,
1767 1589 1851 1630 quo
1893 1580 1895 1582 ’

278 1653 481 1704 Ctesipho
507 1655 656 1705 utitur,
685 1656 792 1695 haec
818 1656 937 1695 addit
963 1656 1227 1696 Scholiasta:
1259 1656 1397 1705 „quod
1423 1655 1461 1695 si
1488 1657 1567 1706 est,
1585 1655 1692 1696 nihil
1707 1656 1852 1706 potest

278 1741 410 1780 supra
444 1731 557 1771 hanc
586 1731 893 1782 laudationem,
927 1742 1031 1771 nam
1063 1742 1193 1781 supra
1223 1732 1304 1772 hoc
1334 1732 1499 1772 factum
1531 1732 1614 1772 erit
1643 1731 1850 1782 accipien-

278 1807 425 1846 dum.'’
453 1807 595 1847 Merae
621 1808 845 1847 tenebrae!
874 1807 1048 1856 Aliquid
1074 1810 1224 1847 tamen
1249 1808 1359 1847 lucis
1386 1808 1539 1848 afferre
1554 1817 1757 1857 possum:
1774 1817 1851 1858 pro

278 1893 448 1933 supra
488 1883 587 1923 hoc
629 1884 843 1923 factum
885 1883 999 1923 haud
1032 1884 1179 1923 dubito
1212 1884 1315 1933 quin
1348 1884 1474 1933 Syri
1506 1884 1607 1924 hoc
1636 1883 1851 1924 dictum

278 1958 337 1998 sit
381 1958 624 2008 legendum.
673 1959 726 1999 Et
771 1960 957 2000 fortasse
999 1959 1063 1999 sic
1104 1960 1223 1999 totus
1265 1960 1385 1999 locus
1426 1960 1695 2009 persanatur.
1714 1983 1719 1987 Α
1737 1959 1851 1999 Raro

279 2035 396 2074 enim
427 2035 576 2075 laudat
607 2036 754 2086 Syrus,
789 2046 889 2085 ergo
922 2035 1015 2075 eius
1046 2035 1197 2075 laudes
1227 2035 1407 2075 maioris
1438 2037 1542 2076 sunt
1565 2034 1693 2085 pretii
1718 2044 1851 2084 quam

278 2111 519 2151 ceterorum
551 2112 760 2151 omnium.

337 2188 363 2226 9
396 2198 458 2235 sq.

458 2263 567 2312 Quin
610 2263 757 2302 omnia
793 2262 875 2302 sibi
906 2263 1176 2312 postputavit
1208 2273 1304 2303 esse
1335 2273 1438 2313 prae
1469 2273 1567 2303 meo
1599 2262 1849 2303 commodo:

457 2339 694 2389 Maledicta,
737 2339 915 2389 famam,
958 2349 1107 2378 meum
1150 2349 1344 2379 amorem
1387 2340 1431 2379 et
1470 2340 1698 2388 peccatum
1727 2338 1773 2378 in
1802 2347 1852 2379 se

1536 2413 1789 2462 [transtulit.

280 2491 543 2531 Scholiasta:
588 2491 719 2540 quin
761 2491 960 2538 omnia]
1008 2491 1292 2541 „admirative
1323 2490 1467 2540 quin,
1502 2491 1546 2530 et
1575 2490 1640 2530 sic
1667 2499 1849 2540 pronun·

280 2567 477 2606 tiandum
519 2567 633 2617 quin,
671 2565 715 2606 τὸ
746 2565 942 2619 παρεῖλκον
973 2577 1110 2615 usque
1142 2567 1195 2606 ad
1227 2566 1558 2616 maledicta,
1601 2565 1849 2606 famam.”

281 2644 618 2692 Corruptissima
662 2644 770 2683 haec
816 2644 945 2692 atque
990 2644 1053 2683 sic
1100 2643 1188 2683 fere
1229 2643 1520 2682 emendanda:
1566 2641 1851 2692 „admirative

281 2720 411 2768 quin
439 2721 480 2758 et
503 2721 896 2768 pronuntiandum”
925 2719 1419 2769 (pronuntiandum
1446 2720 1594 2758 autem
1611 2716 1848 2768 significat:

286 2806 415 2845 „voce
446 2797 656 2844 gestuque
688 2796 847 2835 actoris
874 2795 1211 2845 adiuvandum,'’
1239 2806 1279 2834 v.
1308 2806 1347 2844 p.
1381 2795 1490 2841 105).
1509 2794 1670 2833 Deinde
1686 2803 1850 2833 novum

281 2871 475 2919 sequitur
522 2872 737 2910 scholion:
786 2870 851 2922 „to
899 2869 1096 2923 παρέλκον
1136 2881 1273 2920 usque
1314 2870 1367 2910 ad
1407 2870 1737 2919 maledicta,
1780 2868 1848 2908 fa-

283 2947 464 2995 mam,”
505 2947 530 2986 i.
551 2958 585 2985 e.
634 2949 758 2996 „post
799 2947 986 2987 omnia
1025 2944 1207 2999 παρέλκει
1247 2946 1576 2995 maledicta,
1619 2945 1846 2995 famam,
