2034 3334
993 372 1075 411 184

304 497 352 547 V,
393 496 432 547 7,
470 497 506 536 1.
540 495 817 536 Occidunt
858 506 939 535 me
981 496 1218 545 quidem]
1257 497 1505 546 „quidem
1535 507 1611 547 pro
1642 507 1815 548 exspec-

243 574 406 614 tatione
462 573 571 613 est.'’
630 573 764 622 Lege:
826 573 1075 622 „quidem
1130 574 1303 623 propter
1359 574 1659 624 exceptionem
1704 574 1815 615 est.’'

243 649 415 690 Etenim
446 660 527 690 me
569 649 792 699 quidem
823 648 1061 699 significat:
1098 660 1208 700 „me,
1241 660 1327 691 non
1358 649 1509 690 alios.”

308 727 373 766 10.
423 719 646 777 „Maceria
701 727 857 767 dicitur
912 726 1055 776 paries
1111 737 1225 766 nunc
1271 726 1453 766 alicuius
1499 725 1815 767 demacerata.”

243 803 467 843 Praeclare
507 803 615 843 haec
655 803 717 843 sic
760 804 964 844 emendat
1004 804 1356 844 Westerhovius:
1394 804 1631 853 „maceries
1661 803 1818 845 dicitur
1847 843 1850 849 ,

242 881 384 930 paries
415 890 501 919 non
532 879 648 919 altus
679 890 702 919 e
734 880 850 920 calce
880 881 1145 920 macerata.”

307 957 373 996 16.
407 956 427 995 I
438 955 503 995 ub
517 966 539 995 e
566 966 595 995 n
606 966 634 995 u
646 966 675 995 n
687 966 710 996 0
736 956 787 996 ia
798 958 859 1003 m]
902 957 1155 1006 „tamquam
1181 957 1374 1006 praestet
1395 955 1608 996 Micioni.”
1625 955 1817 996 Absente
1880 992 1887 1001 ,

242 1032 349 1071 haec
385 1031 565 1071 Micione
597 1031 701 1071 dicit
731 1031 906 1082 Demea,
941 1031 1016 1071 sed
1047 1031 1237 1081 loquitur
1272 1034 1526 1082 „tamquam
1555 1032 1728 1082 praesto
1758 1031 1818 1072 sit

243 1106 411 1159 Micio‚'’
445 1108 556 1158 quod
588 1108 658 1148 hic
689 1108 932 1158 legendum.

303 1184 362 1224 Ib.
415 1183 572 1235 „Quasi
620 1185 881 1224 insultantes
927 1185 1068 1224 dicere
1109 1184 1302 1225 solemus
1344 1195 1459 1225 nunc
1504 1184 1663 1224 minari
1702 1193 1817 1224 nunc

243 1260 449 1301 assistere-
497 1271 626 1310 quem
673 1261 881 1301 afflictum
929 1262 1172 1300 tenemus.'’
1220 1261 1298 1301 Est
1343 1261 1450 1301 haec
1496 1260 1718 1302 annotatio
1764 1261 1816 1302 de

243 1337 490 1387 acerbitate,
535 1347 644 1386 quae
685 1337 828 1377 inesse
869 1337 1008 1377 soleat
1048 1337 1338 1378 coniunctioni
1379 1347 1543 1387 nunc,
1586 1337 1625 1376 si
1656 1336 1815 1388 impe·

243 1414 432 1454 rativo
475 1414 668 1454 addatur.
711 1413 823 1463 Lege
866 1424 965 1463 ergo
1008 1413 1200 1454 iubere
1241 1424 1316 1464 pro
1354 1413 1542 1454 dicere
1574 1414 1618 1453 et
1648 1412 1816 1453 insul·

243 1491 365 1529 tare
395 1500 471 1539 pro
504 1489 800 1529 assistere.

305 1565 374 1604 25.
417 1564 655 1605 Consilium
698 1565 815 1605 dedit
855 1565 1049 1605 lenitatis
1091 1566 1267 1615 plenum
1308 1566 1482 1617 Demea,
1520 1565 1699 1615 ideoque
1727 1565 1815 1606 lau·

245 1641 372 1680 datus
404 1641 492 1691 „sic
518 1641 664 1681 soleo”
694 1642 767 1681 ait.
796 1642 862 1681 Ad
889 1653 998 1691 quae
1025 1642 1156 1682 verba
1178 1643 1432 1682 annotatur:
1455 1642 1624 1692 „potest
1639 1640 1817 1695 εὶρωνεία

243 1717 391 1767 videri,
434 1717 589 1767 quippe
626 1718 795 1766 quando
827 1718 914 1758 tale
946 1718 1175 1758 consilium
1206 1718 1359 1768 probat
1389 1718 1552 1758 Demea
1582 1718 1694 1768 quod
1723 1729 1815 1771 pro·

243 1793 362 1832 baret
406 1794 699 1834 adolescens.’'
732 1794 869 1843 Lego:
907 1794 1087 1844 „quippe
1119 1794 1288 1843 quando
1321 1794 1407 1834 tale
1440 1794 1669 1835 consilium
1700 1795 1817 1835 dedit

242 1868 405 1909 Demea
436 1880 474 1918 q.
503 1880 543 1919 p.
572 1869 823 1910 adolescens
834 1871 882 1910 ‘3⁹’
911 1870 1053 1910 Antea
1080 1870 1197 1910 enim
1224 1880 1446 1919 nunquam
1473 1870 1560 1910 tale
1587 1870 1816 1912 consilium

242 1944 358 1984 dedit
385 1945 563 1986 Demea.

301 2095 350 2144 V,
381 2096 420 2143 8,
455 2096 519 2135 11.
552 2097 605 2135 Si
634 2098 651 2136 t
665 2108 691 2136 u
719 2098 799 2136 sis
828 2097 855 2136 h
869 2107 893 2136 o
905 2107 949 2136 m
964 2099 1003 2144 o]
1032 2097 1127 2146 „hic
1143 2097 1282 2136 facete
1300 2098 1343 2136 et
1359 2097 1468 2137 mire
1486 2097 1625 2147 coegit
1639 2098 1814 2138 Aeschi-

242 2181 347 2210 num
390 2171 442 2210 ad
484 2173 843 2220 persuadendum.
888 2173 982 2212 Non
1024 2173 1141 2212 enim
1183 2173 1294 2212 dixit
1334 2174 1382 2212 si
1423 2174 1442 2212 t
1454 2184 1481 2212 u
1518 2173 1600 2213 sis
1630 2173 1659 2213 h
1671 2184 1696 2214 o
1707 2184 1753 2214 m
1765 2184 1790 2215 o
1801 2205 1812 2225 ,

239 2259 265 2297 p
279 2258 301 2286 e
314 2258 367 2286 rs
380 2259 407 2286 u
421 2258 446 2286 a
458 2248 483 2287 d
496 2259 518 2287 e
560 2249 635 2288 sed
677 2249 740 2288 sic
776 2249 796 2288 f
804 2259 829 2288 a
842 2248 889 2288 ci
901 2259 927 2288 a
937 2249 998 2288 t.”
1031 2249 1210 2298 Egregie
1242 2249 1570 2289 Westerhovius
1601 2259 1677 2299 pro
1712 2250 1814 2300 „sed

239 2324 302 2363 sic
334 2324 492 2363 faciat''
526 2325 673 2374 reponi
704 2325 833 2364 iussit
862 2325 963 2374 „sed
990 2325 1019 2363 11
1031 2325 1045 2363 i
1058 2335 1080 2364 0
1106 2324 1126 2364 f
1134 2335 1159 2364 a
1171 2335 1193 2364 0
1205 2324 1218 2363 i
1231 2335 1256 2364 a
1267 2325 1328 2364 t.”
1357 2325 1532 2374 Legitur
1558 2324 1675 2364 enim
1702 2325 1813 2376 apud

239 2402 436 2449 poetam:
471 2401 518 2440 si
560 2403 617 2440 tu
659 2401 744 2440 sis
786 2401 945 2440 homo
987 2401 1076 2440 hic
1117 2401 1309 2440 faciat.

304 2478 369 2516 15.
419 2477 525 2526 Ego
573 2487 751 2516 novus
798 2476 1042 2516 maritus
1089 2486 1230 2516 anno
1272 2476 1487 2515 demum
1530 2477 1728 2525 quinto
1759 2478 1814 2518 et

239 2553 603 2602 sexagesimo
634 2553 771 2592 fiam
806 2554 974 2601 atque
1001 2562 1162 2592 anum
1190 2552 1540 2601 decrepitam
1568 2553 1810 2601 ducam?]

243 2628 338 2676 „hic
385 2629 506 2668 deest
554 2630 598 2668 et
645 2629 770 2677 quis
812 2629 855 2668 et
896 2628 1026 2677 quid
1068 2629 1112 2668 et
1153 2628 1369 2677 quando
1412 2629 1455 2667 et
1496 2628 1810 2676 quomodo.”

239 2703 353 2742 Nihil
396 2704 529 2753 deest,
574 2705 649 2743 sed
692 2705 735 2744 in
776 2715 862 2744 una
898 2705 1232 2754 interrogatione
1263 2704 1412 2744 insunt
1442 2704 1670 2754 permulta,
1703 2714 1812 2754 quae

239 2779 385 2817 omnia
417 2779 618 2828 deinceps
651 2781 972 2820 enumerantur.
1006 2780 1118 2829 Lege
1151 2791 1250 2829 ergo
1283 2780 1296 2818 i
1308 2791 1336 2819 n
1348 2790 1371 2819 e
1383 2790 1404 2819 s
1416 2781 1435 2819 t
1465 2790 1540 2829 pro
1573 2781 1598 2819 d
1611 2791 1634 2819 e
1646 2790 1669 2820 e
1680 2790 1702 2819 s
1713 2782 1744 2820 t.

301 2855 368 2892 22.
405 2856 600 2894 Sostrata
633 2856 789 2894 absens
821 2866 958 2904 neque
991 2855 1187 2896 consulta
1218 2856 1388 2896 Micioni
1421 2866 1529 2894 uxor
1555 2855 1808 2896 obtruditur.

238 2929 377 2978 Rogat
406 2930 668 2970 Scholiasta:
702 2942 802 2980 „cur
830 2931 898 2970 hic
918 2942 1002 2971 non
1021 2932 1203 2971 vertitur
1220 2932 1271 2971 de
1287 2931 1511 2972 voluntate
1529 2932 1749 2972 Sostratae
1760 2931 1809 2971 ‘x’”
