2034 3334
1055 406 1110 447 10

295 534 453 573 habeat
483 533 691 573 vocabula
722 534 949 582 tamquam
980 532 1190 583 legitima.
1223 532 1316 573 Hoc
1345 533 1396 573 ut
1425 533 1588 583 doceat,
1616 531 1671 574 ad
1695 542 1762 574 vs.
1788 532 1860 584 95,

294 609 366 648 ubi
398 609 467 649 his
498 609 642 649 verbis
674 608 887 649 consolari
919 609 1051 649 Thais
1083 604 1231 649 studet
1260 608 1541 649 Phaedriam:

502 685 563 724 Ne
597 685 740 725 crucia
770 686 814 725 te
846 685 1034 735 obsecre,
1069 685 1214 725 anime
1245 684 1320 736 mi,
1354 683 1424 725 mi’
1448 684 1661 727 Phaedria

294 762 495 801 annotat:
543 761 666 810 „vide
708 771 839 810 quam
880 761 1156 802 familiariter
1196 761 1277 802 hoc
1317 761 1433 801 idem
1463 761 1623 812 repetit
1641 756 1670 809 ¹)
1700 748 1862 803 blandie

293 839 505 878 mentum.
553 838 658 877 Vult
704 838 820 878 enim
867 837 1095 878 Terentius
1140 838 1261 878 velut
1306 837 1519 887 peculiare
1561 837 1742 879 verbum
1782 837 1864 879 hoc

295 924 390 953 esse
432 914 631 963 Thaidis;
675 914 769 954 ideo
810 914 941 955 toties
983 914 1147 955 dictum
1189 915 1278 954 est:
1321 914 1470 954 Tune
1512 914 1603 955 hic
1628 924 1760 955 eras
1789 913 1863 955 mi

0 992 139 1045 'w
162 990 604 1067 WPhaedria?
647 993 691 1030 et
731 990 802 1030 Ne
845 991 1038 1031 crucia
1069 992 1122 1030 te
1155 991 1412 1041 obsecro,
1447 989 1632 1031 anime
1661 989 1757 1040 mi,
1788 990 1863 1031 mi

0 1064 615 1108 Maphaedriass’
664 1066 820 1117 Quam'
851 1066 1177 1109 annotationem
1226 1067 1319 1106 ideo
1366 1066 1577 1117 exscripsi
1617 1065 1720 1116 quia
1757 1075 1862 1107 mox

4 1121 170 1167 ‘’mh“
293 1142 414 1182 utilis
444 1143 567 1183 nobis
600 1153 696 1182 esse
727 1143 898 1192 poterit.

353 1219 422 1259 Sic
454 1219 585 1259 Thais
616 1219 757 1269 pergit
788 1221 866 1265 (vs.
901 1219 956 1259 96
989 1222 1092 1268 sq.):

411 1295 506 1335 Non
536 1295 607 1345 pol
638 1305 721 1344 quo
753 1305 1016 1344 quemquam
1047 1295 1145 1344 plus
1177 1305 1323 1335 amem
1356 1297 1432 1335 aut
1462 1295 1560 1345 plus
1590 1287 1779 1346 diligam

410 1371 469 1411 Eo
501 1371 594 1422 feci,
630 1372 706 1411 sed
739 1372 801 1411 ita
832 1373 926 1412 erat
957 1382 1040 1422 res,
1074 1371 1327 1412 faciundum
1359 1371 1454 1412 fuit.

291 1447 402 1487 Tum
433 1448 563 1487 solita
593 1458 674 1487 sua
704 1448 938 1487 acerbitate
971 1458 1147 1511 servus:

411 1523 556 1574 Credo,
589 1525 640 1564 ut
669 1523 731 1574 fit,
765 1524 927 1564 misera
958 1510 1060 1574 pra'e
1092 1534 1240 1564 amore
1272 1524 1458 1565 exclusti
1489 1524 1605 1564 hunc
1633 1523 1762 1564 foras.

292 1600 453 1649 Nequis
482 1601 608 1650 putet
639 1600 725 1640 alia
756 1600 922 1640 ratione
954 1600 1025 1640 hic
1051 1600 1155 1640 illud
1182 1611 1314 1650 prae
1341 1611 1437 1640 esse
1464 1599 1708 1640 adhibitum
1733 1600 1863 1649 atque

291 1677 363 1716 lex
389 1676 699 1726 grammatices
726 1676 856 1727 iubet,
884 1687 1041 1717 moneo
1067 1674 1368 1732 ἀπροσδόκῃτον
1386 1677 1601 1726 quoddam
1617 1675 1689 1716 hic
1702 1676 1861 1717 latere:

295 1762 422 1802 „prae
463 1762 682 1793 amore...
728 1748 983 1805 exclusiatff
1022 1752 1084 1792 ait
1115 1753 1328 1792 Parmeno
1360 1752 1484 1801 quasi
1516 1751 1699 1792 diceret:
1735 1761 1863 1803 „prae

291 1838 509 1868 amore...
547 1828 778 1869 admittere
809 1839 895 1868 non
926 1829 1149 1878 potuisti.’'

354 1904 449 1943 107.
485 1903 554 1943 Sic
585 1903 879 1944 narrationem
911 1904 1075 1944 orditur
1106 1904 1259 1944 Thais:

515 1980 663 2020 Samia
692 1981 803 2020 mihi
835 1982 977 2021 mater
1007 1981 1112 2021 fuit:
1146 1992 1198 2021 ea
1230 1981 1454 2021 habitabat
1486 1980 1637 2020 Rhodi.

291 2057 675 2097 Praestantissima
732 2060 799 2098 est
856 2058 1123 2098 scholiastae
1180 2058 1425 2098 annotatio:
1487 2057 1672 2108 „Puduit
1722 2039 1863 2099 dicere
1900 2074 1905 2079 ⁴

291 2134 521 2174 Thaidem:
565 2135 847 2174 meretrix
878 2146 998 2175 mea
1028 2136 1210 2175 mater
1241 2135 1374 2185 fuit,
1410 2135 1520 2184 quod
1552 2135 1704 2175 tamen
1733 2135 1862 2185 sig-ni·

291 2210 438 2250 ficavit
469 2211 646 2251 dicendo
679 2211 850 2251 aliunde
883 2212 1024 2251 civem
1057 2211 1158 2251 alibi
1190 2212 1424 2251 habitasse.
1457 2211 1568 2251 Nam
1601 2208 1695 2249 ideo
1721 2218 1861 2264 Q-

292 2287 422 2326 trices
503 2288 801 2337 eregrinae
844 2288 983 2328 dictae
1025 2289 1129 2328 sunt
1165 2288 1210 2327 in
1241 2287 1487 2337 comoediis,
1521 2287 1570 2326 ut
1600 2286 1646 2325 in
1675 2284 1861 2325 Andria:

293 2364 466 2402 adeon
515 2365 602 2403 est
642 2364 904 2404 demens?
947 2375 1013 2404 ex
1054 2364 1416 2413 peregrina?''
1459 2362 1578 2402 Haec
1619 2361 1737 2401 enim
1777 2359 1863 2400 nisi

292 2441 408 2478 esset
425 2439 593 2478 occulta
620 2420 821 2479 adiectivi
840 2440 867 2479 S
881 2440 1027 2480 amia
1042 2440 1123 2490 vis,
1143 2450 1252 2488 quae
1270 2441 1387 2479 esset
1402 2438 1591 2478 hocloco
1607 2437 1860 2477 verborum:

867 2518 1011 2565 potest
1041 2516 1176 2555 taceri
1207 2516 1288 2555 hoc

293 2601 317 2628 a
350 2591 617 2630 Parmenone
651 2592 1004 2640 interpositorum
1036 2591 1285 2631 festivitas?

357 2667 451 2705 110.
495 2667 661 2715 Rogata
703 2667 834 2706 Thais
868 2668 1031 2707 civisne
1063 2668 1210 2707 Attica
1240 2667 1371 2706 fuerit
1401 2666 1544 2716 puella
1574 2666 1660 2716 illa,
1693 2665 1747 2705 de
1777 2674 1862 2714 qua

294 2744 452 2790 narrat,
487 2743 737 2790 respondet:
772 2743 1035 2782 arbitror.

330 2878 352 2911 ¹)
382 2878 631 2906 Observandum
661 2879 696 2907 in
725 2885 885 2915 sermone,
914 2886 978 2913 quo
1006 2885 1095 2908 nunc
1122 2879 1274 2908 utentem
1303 2877 1446 2914 legimus
1472 2876 1710 2912 Scholiastam‚
1735 2881 1860 2911 susque

294 2929 400 2964 deque
428 2930 543 2959 haberi
563 2932 749 2960 sententias
768 2932 1039 2970 interrogativas,
1058 2931 1108 2961 ita
1125 2931 1165 2960 ut
1182 2931 1376 2967 plerumque
1386 2928 1664 2968 intenogassones
1682 2926 1862 2970 inm

295 2982 365 3010 sint
384 2981 418 3010 in
437 2982 630 3020 indicativo,
649 2983 791 3012 directae
813 2983 885 3012 sine
903 2983 973 3012 ulla
991 2990 1093 3013 causa
1112 2982 1363 3013 coniunctivum
1382 2981 1537 3012 habeant.
