2034 3334
1034 399 1086 438 12

542 525 655 571 (scis)
688 534 787 564 mea
818 524 998 564 consilia
1027 499 1077 564 ut
1108 524 1185 564 tibi
1218 524 1391 565 credam
1423 525 1571 564 omnia

274 601 538 641 observatio:
573 602 723 651 „urget
749 601 831 641 hoc
855 601 987 640 Thais
1014 601 1124 650 quod
1151 601 1362 641 Phaedria
1386 601 1535 640 utatur
1548 600 1842 642 ·consu]tore.’'

274 678 370 717 Huc
411 677 526 717 enim
569 679 612 717 et
653 677 756 717 illud
799 677 1034 727 spectabat,
1079 677 1189 727 quod
1232 687 1296 717 vs.
1334 677 1414 717 101
1459 677 1661 727 rogabat:
1697 677 1844 730 „potin

274 755 341 793 est
381 754 451 793 hic
492 755 678 794 tacere.”
720 754 838 794 Duas
879 754 995 795 enim
1040 764 1110 793 res
1150 753 1283 794 simul
1323 753 1368 793 in
1409 753 1525 794 clara
1559 753 1656 794 luce
1686 763 1844 804 ponere
1873 745 1876 750 ’

273 831 420 870 studet
461 831 614 878 Thais;
659 832 704 870 et
743 841 874 879 quam
906 831 1013 870 bene
1045 830 1280 870 Phaedriae
1312 839 1456 870 carere
1487 829 1625 880 possit
1652 829 1842 880 benigni-

273 908 376 957 tate,
421 918 635 956 quamque
666 917 821 957 pamm
851 907 896 947 in
927 907 1043 947 illius
1075 907 1292 956 potestate
1324 906 1394 956 sit,
1429 907 1473 946 et
1503 907 1654 947 tamen
1683 902 1786 947 vere
1817 916 1844 947 a

274 994 320 1022 se
351 994 488 1023 unum
520 983 644 1023 illum
676 983 814 1023 amari
844 983 1059 1033 diligique.

332 1070 396 1098 vs.
435 1060 517 1100 136
553 1060 702 1109 „Miles
728 1060 928 1100 Rhodum
960 1061 1195 1099 deversus’'
1228 1059 1359 1099 Thais
1391 1059 1475 1099 ait:

967 1136 1076 1176 emit
1106 1146 1204 1176 eam
1236 1136 1346 1176 dono
1376 1135 1487 1175 mihi

479 1213 736 1262 Imprudens
773 1213 930 1252 harum
962 1223 1108 1252 rerum
1141 1213 1401 1261 ignarusque
1433 1211 1643 1251 omnium.

273 1289 466 1328 Annotat
506 1289 769 1329 Scholiasta:
817 1289 913 1339 „hic
956 1289 1210 1339 ostenditur,
1253 1298 1383 1337 quam
1426 1287 1579 1327 avidus
1609 1287 1653 1327 id
1680 1286 1844 1328 faceret

273 1367 311 1406 si
342 1357 435 1406 rem
467 1367 640 1416 penitus
671 1368 833 1406 nosset.
870 1366 1008 1406 Simul
1041 1366 1175 1405 etiam
1207 1349 1450 1405 ostenditur
1481 1366 1644 1413 quanta
1673 1364 1843 1404 secreta

273 1443 388 1482 dicat
428 1443 676 1493 Phaedriae,
721 1453 829 1492 quae
871 1442 1020 1482 rivalis
1062 1442 1271 1482 nesciat”.
1315 1441 1579 1488 Verissime;
1618 1450 1658 1480 v.
1693 1440 1838 1480 annot.

273 1519 324 1558 de
357 1529 441 1567 qua
472 1520 600 1558 modo
633 1519 882 1568 agebamus.

331 1605 396 1634 vs.
433 1595 540 1635 139:
1444 1632 1446 1634 ,

451 1671 526 1710 Α11;
558 1671 713 1718 (miles)
747 1671 785 1709 si
816 1669 946 1710 fidem
978 1670 1137 1713 habeat
1167 1680 1214 1709 se
1246 1669 1299 1709 iri
1330 1669 1625 1719 praepositum
1657 1668 1736 1708 tibi

451 1747 575 1797 Apud
606 1757 690 1797 me,
725 1757 775 1786 ac
806 1757 892 1786 non
924 1747 965 1786 id
997 1748 1179 1796 metuat,
1213 1729 1271 1785 n‘ss
1298 1746 1370 1785 ubi
1403 1745 1655 1795 acceperim,

452 1824 554 1863 Sese
587 1822 840 1873 relinquam,
874 1822 986 1862 velle
1019 1833 1066 1862 se
1099 1822 1219 1862 illam
1251 1822 1360 1861 mihi
1392 1821 1504 1871 dare,

450 1899 613 1938 Verum
646 1899 687 1937 id
719 1899 872 1938 vereri.

272 1976 465 2014 Annotat
507 1974 770 2014 Scholiasta:
819 1975 1023 2025 „Semper
1065 1975 1145 2014 ait
1187 1975 1371 2014 dicimus
1413 1984 1547 2023 quum
1589 1973 1659 2012 vel
1699 1972 1842 2012 invisa

272 2051 394 2090 nobis
427 2053 470 2090 et
502 2051 786 2100 audientibuS,
821 2050 890 2090 vel
917 2061 1030 2090 vana
1057 2021 1172 2090 ffla
1197 2061 1426 2091 narramus
1453 2039 1678 2090 alicuius”.
1706 2048 1841 2098 Saepe

273 2128 383 2176 apud
426 2137 526 2166 eum
568 2127 750 2166 recurrit
790 2127 1027 2168 utilissima
1068 2127 1174 2167 haec
1216 2127 1267 2166 de
1312 2127 1439 2166 verbo
1471 2126 1552 2166 ait
1582 2123 1838 2174 observatio,

273 2214 403 2251 quam
435 2214 585 2243 veram
618 2214 714 2242 esse
746 2214 858 2242 unus
890 2203 960 2243 hic
990 2203 1111 2244 locus
1143 2203 1294 2243 docere
1326 2203 1482 2252 potest.
1512 2201 1697 2251 Operam
1722 2198 1840 2239 enim
1873 2196 1878 2200 “

272 2279 403 2318 Thais
440 2280 514 2318 dat
539 2281 588 2318 ut
613 2280 925 2328 persuadeatur
951 2279 1199 2329 Phaedriae,
1229 2278 1430 2328 quamvis
1457 2277 1679 2326 egregium
1709 2275 1840 2316 Thais

274 2365 298 2392 a
329 2355 467 2394 milite
501 2357 724 2404 exspectet
757 2356 929 2405 donum,
963 2357 1113 2395 tamen
1145 2365 1192 2394 se
1225 2355 1277 2394 ab
1310 2365 1362 2394 ea
1391 2354 1516 2402 longe
1542 2353 1752 2402 longeque
1771 2350 1841 2399 ,1111

272 2431 487 2480 praeferri,
523 2431 730 2480 illumque
763 2432 994 2481 contemni,
1029 2442 1075 2470 se
1107 2431 1258 2471 amari.

334 2506 470 2544 Simul
502 2507 608 2546 haec
640 2507 770 2546 Thais
803 2508 996 2547 insinuat
1028 2510 1106 2553 (vs.
1145 2508 1226 2546 142
1260 2509 1362 2555 sq.):

1006 2583 1081 2622 sed
1114 2593 1192 2631 ego
1225 2583 1435 2631 quantum
1467 2580 1661 2629 suspicor

688 2659 751 2697 Ad
787 2659 999 2707 virginem
1031 2659 1229 2698 animum
1261 2658 1428 2697 adiecit.

276 2734 337 2771 Ad
368 2734 476 2771 hunc
506 2734 647 2772 locum
675 2735 782 2773 duas
810 2735 1020 2773 habemus
1048 2734 1314 2773 scholiastae
1341 2714 1654 2780 annotationes,
1677 2731 1837 2770 utram-

272 2820 352 2856 que
395 2810 685 2848 verissimam.
730 2810 879 2849 Altera
921 2812 1011 2849 est:
1059 2809 1314 2860 „magnifice
1335 2803 1376 2859 ¹),
1420 2810 1469 2847 ut
1509 2807 1658 2847 rivalis
1690 2806 1836 2846 odium

317 2980 336 3009 ⁸)
356 2977 578 3021 Magnifice
599 2977 653 3006 hic
671 2979 820 3013 positum
842 2980 894 3008 est
910 2987 970 3025 212
992 2980 1168 3026 ῃςξξξὺίοῐο
1187 2979 1245 3009 illo
1262 2978 1372 3009 mire.
