2034 3334
999 343 1026 384 ‘7

335 467 370 522 I,
401 468 469 509 24.
503 467 734 524 Egregium
768 468 847 510 erit
878 468 1079 510 carminis
1109 468 1348 521 exordium,
1372 467 1578 522 gravique
1594 466 1769 508 crimine

269 543 518 586 liberabitur
547 547 683 599 poeta,
718 545 755 586 si
789 545 925 599 prima
956 544 1130 600 stropha

565 658 671 710 Quis
704 659 913 703 desiderio
946 660 1001 702 sit
1031 660 1171 716 pudor
1202 662 1276 702 aut
1305 659 1458 702 modus

565 736 666 778 Tam
697 737 786 778 cari
818 736 1000 793 capitis?
1032 736 1233 793 Praecipe
1263 736 1467 793 lugubres

565 812 739 868 Cantus,
771 813 1048 870 Melpomene,
1080 814 1150 855 cui
1182 813 1390 869 liquidam
1421 812 1549 855 Pater

686 889 848 933 Vocem
885 903 982 932 cum
1014 889 1176 932 cithara
1208 889 1323 932 dedit

272 1005 503 1059 delebitur3
551 1006 792 1048 doctissime
836 1007 949 1049 enim
1001 1005 1322 1061 Peerlkampius
1370 1005 1676 1047 demonstravit
1720 1005 1766 1046 in

273 1094 427 1137 magno
459 1081 602 1124 dolore
632 1094 759 1138 ergo
789 1082 960 1124 initium
992 1093 1117 1137 saepe
1149 1093 1242 1124 esse
1274 1082 1499 1134 orationis;
1527 1093 1667 1136 neque
1694 1093 1767 1123 ne-

273 1158 364 1213 gari
394 1161 531 1213 potest
575 1160 741 1213 poetam
786 1159 868 1200 isto
919 1158 1183 1213 praecipe
1234 1156 1510 1213 lugubres
1566 1159 1767 1198 cantus

274 1232 618 1289 Melpomene
658 1233 791 1276 multa
823 1233 996 1289 quidem
1023 1236 1063 1276 et
1091 1233 1316 1289 magnifica
1341 1233 1531 1289 polliceri
1557 1233 1632 1276 sed
1660 1233 1767 1274 nihil

270 1309 379 1353 ferre
410 1310 525 1365 quod
555 1313 672 1352 tanto
705 1311 760 1352 sit
792 1310 969 1366 dignum
1003 1310 1134 1352 hiatu.

330 1385 364 1441 I,
398 1386 464 1428 31.
506 1385 650 1428 Huius
691 1387 727 1429 si
769 1387 971 1428 carminis
1015 1387 1244 1429 retinueris
1287 1386 1483 1442 strophas
1514 1386 1695 1441 primam
1729 1388 1771 1428 et

273 1461 501 1505 secundam
550 1465 591 1504 et
635 1462 845 1517 ultimam,
892 1466 1032 1504 cetera
1073 1475 1172 1504 cum
1214 1461 1509 1517 Peerlkampio
1553 1460 1769 1516 abieceris,

274 1538 389 1594 quod
434 1538 609 1582 restabit
653 1539 843 1594 lepidum
891 1540 970 1581 erit
1016 1542 1058 1582 et
1101 1538 1299 1581 facetum.
1347 1538 1399 1580 In
1442 1539 1626 1594 strophis
1659 1552 1768 1595 quas

276 1615 597 1671 Peerlkampius
637 1615 855 1657 damnavit
887 1615 1022 1658 multa
1053 1628 1146 1658 esse
1177 1616 1332 1671 inepta,
1358 1615 1534 1669 insulsa,
1560 1616 1769 1659 inutiliter

277 1693 453 1748 repetita
494 1692 592 1747 quis
634 1691 926 1747 Peerlkampio
966 1705 1052 1733 non
1096 1692 1330 1734 concedat?
1373 1690 1480 1742 Quis
1510 1692 1637 1746 enim,
1668 1695 1717 1734 ut
1747 1705 1770 1735 e

276 1768 424 1810 multis
455 1781 590 1810 unum
624 1767 807 1823 afferam,
837 1781 924 1810 non
955 1767 1136 1810 libenter
1162 1771 1302 1810 careat
1331 1769 1413 1810 isto

692 1885 902 1928 Mercator
932 1886 1121 1928 exsiccet
1154 1885 1327 1928 culullis

750 1961 864 2004 Vina
894 1961 1002 2016 Syra
1032 1965 1226 2018 reparata
1257 1962 1431 2005 merce?

339 2077 492 2122 Nonne
532 2079 640 2122 bene
680 2079 845 2123 Horatii
889 2079 1025 2122 famae
1058 2079 1332 2122 consuluisse
1364 2080 1571 2122 dicendus
1602 2082 1667 2122 est
1699 2081 1773 2135 qui

283 2157 420 2196 totum
447 2153 624 2197 Carmen
654 2155 710 2210 Π,
740 2157 792 2197 15
825 2159 1043 2211 tamquam
1075 2156 1148 2197 illo
1180 2156 1407 2211 indignum
1441 2156 1642 2198 eiecerit?
1661 2154 1774 2206 Quid

285 2231 398 2273 enim
426 2231 610 2286 ineptius
637 2233 810 2287 cogitari
835 2235 973 2287 potest
991 2245 1119 2287 quam
1136 2230 1310 2273 Romuli
1326 2230 1584 2286 Catonisque
1601 2233 1775 2274 nomina

285 2307 347 2349 sic
376 2307 488 2348 inter
518 2319 563 2349 se
592 2307 749 2362 iuncta,
781 2308 899 2350 nullo
934 2308 1017 2350 alio
1047 2308 1269 2350 interiecto
1303 2320 1387 2363 quo
1418 2308 1570 2363 ingens
1597 2307 1774 2349 chrono-

285 2383 422 2438 logiae
451 2382 605 2424 lacuna
635 2382 754 2425 velut
784 2383 1036 2439 expleatur?
1068 2383 1136 2425 Ad
1169 2383 1385 2438 stropham
1419 2383 1613 2425 ultimam

581 2489 623 2532 N
624 2503 672 2533 ec
701 2490 923 2533 fortuitum
957 2504 1156 2547 spernere
1188 2492 1388 2547 cespitem

581 2565 716 2621 Leges
747 2566 954 2621 sinebant,
987 2567 1140 2622 oppida
1170 2567 1342 2622 publico

643 2641 823 2697 Sumptu
857 2641 1052 2685 iubentes
1084 2645 1125 2684 et
1157 2642 1332 2684 deorum

702 2716 873 2773 Templa
903 2730 1014 2759 novo
1047 2717 1244 2761 decorare
1276 2731 1391 2761 saxo.

290 2827 388 2882 quis
418 2839 505 2869 non
520 2826 860 2881 Peerlkampium
878 2829 920 2868 et
935 2826 1017 2868 alia
1035 2829 1148 2869 recte
1163 2830 1391 2871 annotasse
1407 2832 1577 2871 censeat
1592 2830 1634 2871 et
1649 2829 1774 2871 haec:
