2034 3334
9 3183 11 3193 .„
0 3008 13 3155 worn—worm
0 2974 7 3004 τινι-
0 2964 3 2966 -

966 234 1023 276 29

135 397 138 400 Α
197 356 479 400 Verissimum
503 355 614 399 illud
645 358 711 398 est
742 356 923 398 Ascanio
956 355 1141 398 alterum
1173 356 1303 399 fuisse
1334 371 1487 399 nomen
1520 356 1679 400 Iulum.
1709 357 1792 400 Sed

196 427 300 484 quid
344 428 553 470 attinebat
594 427 723 469 huius
765 428 826 468 rei
868 426 937 469 hic
979 428 1244 469 mentionem
1287 426 1487 471 iniicere?
1532 427 1688 471 Versus
1731 430 1790 471 sic

198 497 408 555 expletur,
442 499 652 541 sententia
683 496 930 553 languidior
962 496 1010 539 fit
1042 511 1171 553 quam
1204 499 1439 554 oportebat.

260 569 342 612 Sed
383 582 590 625 nusquam
635 568 900 611 luculentius
942 567 1014 610 dat
1056 568 1360 611 documentum
1402 573 1525 625 poeta
1567 574 1708 612 noster
1748 585 1791 613 se

196 643 335 683 cetera
376 641 519 683 omnia
563 653 717 696 parum
766 653 956 689 curasse,
1003 639 1235 682 dummodo
1269 654 1399 696 quam
1430 642 1622 696 primum
1654 655 1791 684 novus

198 714 308 754 esset
340 710 510 754 effectus
542 724 706 762 versus,
740 724 869 767 quam
903 724 988 753 vss.
1022 710 1108 753 613
1126 724 1212 767 sq.:

776 781 880 824 Post
910 781 1023 824 hunc
1058 780 1327 839 Capetysque
1357 781 1606 839 Capysque,

377 852 462 895 Sed
493 851 635 910 Capys
667 855 764 894 ante
797 852 895 894 fuit.

195 921 380 965 Hercule
421 924 480 966 sic
511 936 662 966 versus
693 922 868 965 Latinos
898 926 1117 965 sexcentos
1148 922 1338 979 quotidie
1370 937 1619 980 componere
1650 926 1790 968 cuius-

196 994 262 1036 vis
294 998 358 1036 est
382 994 425 1046 ¹).

258 1063 345 1107 633
393 1064 584 1107 Pomona
616 1064 815 1107 omnibus
847 1063 986 1106 modis
1019 1064 1187 1107 arbores
1220 1078 1318 1107 suas
1350 1069 1471 1107 curat
1502 1065 1711 1122 colitque:

376 1135 464 1178 Nec
494 1137 650 1178 sentire
682 1136 803 1177 sitim
836 1136 999 1191 patitur
1029 1134 1284 1191 bibulaeque
1317 1149 1515 1180 recurvas

378 1206 546 1249 Radicis
576 1206 702 1248 fibras
732 1205 974 1249 labentibus
1005 1207 1160 1263 irrigat
1192 1206 1332 1249 undis.

255 1276 391 1319 Deam
432 1291 658 1333 pomorum
697 1276 773 1319 illo
813 1277 1024 1334 irrigandi
1065 1277 1207 1320 labore
1249 1278 1398 1321 eodem
1437 1278 1630 1321 functam
1662 1279 1788 1323 modo

196 1349 388 1404 suspicor
428 1362 513 1404 quo
551 1347 776 1391 hodiernos
818 1350 1013 1391 omnium
1055 1350 1253 1405 gentium
1286 1348 1558 1401 hortulanos,
1592 1365 1676 1392 non
1707 1350 1786 1393 flu-

195 1419 288 1461 vios
319 1420 519 1475 rivosque
550 1418 603 1461 ad
635 1419 805 1461 arbores
837 1419 1032 1470 duxisse,
1067 1433 1151 1475 qua
1177 1424 1320 1462 tamen
1348 1419 1399 1462 de
1425 1434 1470 1462 re
1496 1422 1683 1478 cogitare
1710 1435 1785 1464 nos

194 1491 311 1547 cogit
351 1491 626 1546 participium
659 1490 906 1541 labentibus,
940 1504 1039 1532 cum
1070 1491 1232 1546 insigni
1264 1492 1496 1534 sententiae
1529 1491 1786 1534 detrimento

192 1561 416 1603 insertum.
450 1559 526 1604 Off.
560 1560 875 1616 praecedentia:

373 1631 465 1683 Qua
495 1630 638 1684 (falce)
670 1631 796 1674 modo
828 1631 1046 1674 luxuriem
1077 1633 1234 1688 premit
1268 1637 1310 1675 et
1342 1634 1571 1689 spatiantia
1597 1636 1757 1690 passim

375 1702 578 1745 Bracchia
610 1704 863 1759 compescit,
895 1702 992 1745 fisso
1026 1703 1153 1745 modo
1186 1705 1341 1746 cortice
1373 1703 1544 1760 lignum

375 1771 529 1815 Inserit
560 1777 603 1815 et
634 1787 756 1816 sucos
788 1773 926 1816 alieno
957 1778 1146 1830 praestat
1178 1773 1376 1826 alumno,

192 1856 298 1899 quae
330 1845 471 1886 omnia
503 1843 604 1886 deae
636 1858 735 1886 cum
766 1844 1021 1887 mortalibus
1051 1848 1152 1887 sunt
1183 1847 1441 1889 communia.

252 1911 464 1957 Continuo
496 1916 713 1970 sequitur:

373 1984 458 2027 Hic
484 1998 617 2036 amor,
643 1986 723 2028 hoc
749 1986 962 2028 studium:
986 1986 1160 2029 Veneris
1187 2001 1354 2043 quoque
1381 1987 1501 2029 nulla
1526 1987 1679 2044 cupido
1704 1994 1782 2033 est.

376 2054 476 2097 Vim
507 2060 651 2098 tamen
682 2060 904 2112 agrestum
934 2061 1129 2099 metuens
1159 2059 1351 2113 pomaria
1382 2057 1544 2100 claudit

374 2125 497 2168 Intus
529 2129 571 2168 et
602 2139 794 2168 accessus
825 2127 1021 2182 prohibet
1050 2127 1295 2183 refugitque
1328 2127 1486 2171 viriles.

192 2196 385 2238 Metrum
427 2195 613 2239 fulciunt
644 2198 961 2239 coniunctiones
992 2212 1142 2253 quoque
1173 2202 1216 2240 et
1247 2203 1388 2248 tamen,
1422 2198 1493 2240 sed
1522 2198 1599 2241 illa
1629 2201 1782 2242 misere

189 2266 392 2323 languet,
427 2266 530 2309 haec
562 2268 795 2309 sententiae
827 2267 1054 2309 decursum
1087 2268 1331 2322 perturbat;
1365 2268 1475 2310 nihil
1506 2270 1621 2311 enim
1653 2270 1782 2313 habet

193 2351 276 2392 quo
317 2337 538 2379 referatur.
583 2336 874 2393 Transponere
915 2351 984 2380 eas
1016 2339 1127 2380 inter
1160 2352 1227 2389 se,
1261 2339 1418 2381 sineret
1448 2339 1574 2382 modo
1606 2354 1780 2393 versus,

193 2410 441 2463 praestaret.

253 2475 338 2520 ’711
368 2491 456 2533 sqq.
500 2477 618 2533 Iphis
657 2477 919 2520 Anaxaretae
961 2491 1105 2520 amore
1146 2481 1295 2534 captus
1339 2479 1535 2534 precibus
1577 2479 1780 2536 donisque

191 2561 286 2591 eam
317 2547 428 2590 adit:

238 2668 275 2709 1)
301 2668 424 2700 Dixerit
446 2668 562 2709 aliquis
585 2677 708 2710 semper
731 2670 763 2699 et
789 2667 901 2709 ubique
925 2667 1005 2699 illud
1030 2667 1144 2699 habere
1171 2667 1323 2700 Ovidium
1347 2670 1382 2700 ut
1406 2668 1495 2701 ludat
1518 2669 1722 2713 lasciviatque
1744 2672 1777 2704 in

194 2724 380 2763 argumento
412 2733 485 2760 suo,
516 2724 548 2753 et
580 2732 646 2753 esse
676 2722 734 2753 hoe
765 2721 846 2752 illud
870 2722 953 2763 quod
977 2721 1010 2753 in
1034 2732 1070 2753 eo
1093 2722 1157 2754 iam
1179 2722 1325 2764 aequales
1348 2722 1584 2756 observaverint
1607 2726 1639 2756 et
1662 2725 1776 2758 leniter

192 2776 331 2808 riserint.
363 2776 522 2808 Concedo:
557 2786 596 2807 ne
625 2776 659 2807 in
684 2775 797 2807 ultima
819 2775 947 2817 quidem
972 2776 1273 2819 Metamorphoseon
1296 2779 1387 2819 perte
1410 2777 1581 2820 quidquam
1604 2779 1679 2811 fecit
1702 2781 1780 2813 Ovi-

190 2830 261 2862 dius
283 2831 366 2872 quod
390 2832 523 2862 naturae
548 2830 614 2862 eius
637 2832 839 2872 repugnaret.
864 2830 923 2861 Sed
947 2833 1102 2872 quantum
1127 2831 1225 2863 distat
1248 2831 1392 2874 ineptum
1414 2831 1499 2864 istud
1519 2835 1591 2874 post
1613 2833 1697 2867 hune
1724 2859 1754 2867 ..
1772 2858 1780 2868 .

191 2886 268 2916 ante
283 2884 362 2925 suit
385 2894 403 2915 a
426 2883 619 2926 lepidissimo
644 2884 678 2915 in
703 2885 782 2915 Arte
807 2894 898 2915 versu
921 2884 979 2923 (ΙΙ,
1004 2883 1078 2924 71)=

548 2939 660 2970 Monte
684 2938 789 2969 minor
811 2937 919 2975 collis,
942 2938 1061 2980 campis
1083 2940 1152 2970 eret
1175 2938 1271 2970 altior
1295 2939 1402 2980 aequis

192 3002 285 3033 quem
308 2993 443 3034 exempli
465 3003 557 3025 causa
580 3003 616 3024 ex
642 2992 763 3033 ingenti
786 2992 882 3023 affero
905 2992 1004 3034 copis.
