2034 3334
904 355 983 395 191

245 481 409 524 Ovidii:
447 480 704 536 Auspicium
736 480 807 522 cui
839 480 910 534 (sc.
943 478 1031 521 filio
1064 478 1262 534 adoptivo
1295 481 1384 532 tuo)
1417 478 1493 520 das
1525 477 1686 534 grande

188 559 375 614 deosque
405 560 513 599 tuos.

243 633 342 676 Non
383 636 525 675 tamen
568 632 637 674 hic
669 635 787 674 tanta
817 631 1044 674 verborum
1079 634 1240 686 quanta
1271 630 1506 672 sententiae
1538 629 1686 672 simili-

186 709 300 752 tudo.
342 708 407 751 De
448 709 639 764 auspicio
681 720 781 750 vero
813 708 858 749 in
890 720 936 749 re
966 706 1138 748 militari
1170 719 1318 748 omnes
1350 706 1466 747 omni
1498 709 1687 761 tempore

184 785 366 828 Romani
397 785 509 827 idem
544 783 808 837 sentiebant;
841 784 877 826 si
909 796 1010 838 ergo
1040 783 1124 825 duo
1153 782 1343 825 eiusdem
1372 783 1522 824 aetatis
1538 786 1687 838 poetae

186 874 272 904 non
320 862 444 904 etiam
487 861 636 903 iisdem
683 861 734 903 de
776 873 825 902 eo
857 863 1041 902 utuntur
1072 859 1304 913 vocabulis,
1338 859 1412 914 nil,
1444 862 1493 901 ut
1523 860 1689 915 opinor,

185 941 315 981 restat
362 951 448 993 quo
491 937 599 979 illud
642 937 851 992 Zingerlei
882 937 1045 978 nitatur
1075 936 1295 978 iudicium.
1328 935 1383 978 Et
1415 949 1469 978 ne
1502 935 1687 978 vocabu-

186 1015 327 1057 lorum
373 1014 546 1069 quidem
579 1014 616 1055 si
650 1027 778 1068 quam
810 1013 999 1054 maxima
1029 1012 1246 1054 accederet
1279 1012 1528 1067 similitudo,
1564 1012 1687 1067 quid—

187 1104 316 1146 quam
364 1103 442 1146 ego
484 1090 695 1132 eiusmodi
735 1089 931 1144 proloqui
976 1088 1188 1131 auderem.
1231 1087 1332 1130 Tam
1374 1089 1487 1130 enim
1525 1087 1688 1130 abiecta

186 1170 356 1209 nostrae
413 1167 562 1208 aetatis
618 1165 865 1208 hominibus
922 1166 1002 1207 ista
1062 1164 1352 1206 Romanorum
1409 1177 1508 1220 erga
1555 1165 1689 1219 impe-

186 1246 346 1285 ratores
393 1242 564 1284 videtur
605 1241 803 1296 adulatio,
847 1245 932 1284 tam
977 1254 1026 1284 ea
1066 1241 1223 1283 nostris
1256 1239 1447 1282 moribus
1479 1241 1688 1282 contraria

188 1322 252 1361 est
298 1322 347 1361 ut
387 1319 439 1360 de
481 1319 584 1360 locis
628 1318 681 1359 ad
723 1330 813 1360 eam
855 1317 1168 1373 pertinentibus
1198 1321 1312 1360 recte
1342 1318 1532 1360 iudicare
1563 1330 1688 1360 nemo

187 1396 271 1436 iam
304 1395 450 1450 possit.

247 1470 371 1521 Quod
412 1471 466 1512 ad
496 1470 734 1512 locutiones
767 1471 1064 1526 imaginesque
1095 1470 1290 1525 pertinet,
1324 1470 1558 1512 rectissime
1591 1469 1686 1511 Zin—

186 1547 354 1603 gerleus
386 1547 584 1589 observat
613 1546 897 1589 Horatianum
930 1546 1021 1599 (III,
1058 1547 1125 1602 13,
1160 1547 1199 1600 l)
1232 1546 1521 1601 „splendidior
1546 1545 1686 1588 vitro’'

188 1624 314 1666 etiam
346 1623 461 1679 apud
492 1622 615 1665 Ovid.
647 1623 830 1678 (Metam.
860 1622 985 1678 XIII,
1015 1623 1037 1663 7
1046 1623 1114 1675 90)
1142 1623 1338 1677 inveniri,
1366 1622 1441 1665 sed
1468 1626 1683 1677 praeterea

186 1714 425 1757 nusquam3
469 1700 765 1743 tantummodo
807 1699 1037 1755 Virgilium
1081 1700 1202 1754 (Aen.
1234 1698 1332 1753 VII,
1369 1699 1467 1750 759)
1500 1698 1554 1741 ad
1586 1712 1684 1741 ean-

188 1778 284 1820 dem
314 1790 404 1820 rem
437 1777 756 1834 significandam
791 1777 999 1819 adiectivo
1031 1777 1253 1818 vitreus
1286 1777 1360 1818 uti.
1392 1775 1487 1831 Sed,
1521 1776 1686 1818 sirecte

187 1853 458 1909 Zingerleum
516 1853 720 1909 intelligo,
779 1866 865 1895 non
919 1853 1064 1908 magni
1108 1852 1179 1895 ille
1225 1852 1304 1894 hoc
1353 1852 1683 1894 similitudinum

187 1942 326 1985 genus
361 1929 471 1972 facit.

248 2005 559 2048 Gravissimum
592 2018 693 2048 vero
725 2006 764 2048 ei
795 2005 966 2048 videtur
998 2005 1113 2061 quod
1142 2019 1276 2061 quum
1303 2004 1510 2047 Horatius
1535 2005 1687 2061 (Epist.

186 2081 242 2137 H,
277 2083 313 2137 l,
347 2083 446 2136 156)
478 2082 752 2124 notissimum
787 2082 895 2124 illud
927 2081 1081 2124 habeat

397 2191 572 2234 Graecia
603 2193 715 2233 victa
744 2191 880 2234 ferum
916 2192 1120 2233 victorem
1154 2192 1265 2246 cepit
1297 2194 1338 2233 et
1371 2194 1481 2233 artes

397 2267 548 2310 Intulit
580 2269 735 2323 agresti
766 2267 888 2309 Latio

190 2387 317 2428 etiam
348 2387 462 2442 apud
494 2386 694 2428 Ovidium
728 2386 852 2440 (Fast.
886 2386 964 2440 III,
999 2387 1099 2439 101)
1130 2386 1318 2442 legatur:

396 2494 598 2537 Nondum
631 2495 863 2537 tradideras
896 2495 1029 2537 victas
1061 2494 1296 2537 victoribus
1327 2498 1440 2537 artes

402 2570 587 2613 Graecia.

191 2687 273 2731 Sed
307 2688 519 2744 quomodo
555 2688 636 2730 sibi
667 2688 924 2743 persuadere
955 2689 1139 2743 potuerit
1169 2690 1237 2731 vir
1268 2690 1464 2746 egregius
1491 2690 1561 2732 hic
1589 2689 1688 2732 Ovi-

194 2764 311 2806 dium
349 2764 478 2820 plagii
510 2765 707 2806 convinci
739 2765 916 2806 minime
946 2764 1148 2820 intelligo.
1182 2763 1293 2815 Quid
1325 2767 1473 2808 enim?
1506 2766 1691 2810 Graecos

194 2841 327 2883 victos
369 2853 448 2882 sua
490 2840 591 2883 artis
624 2844 902 2883 monumenta
933 2844 974 2883 et
1004 2853 1101 2883 cum
1133 2841 1219 2884 illis
1250 2842 1386 2898 ipsam
1419 2846 1551 2886 artem
1581 2848 1689 2886 tam-
