2034 3334
947 344 1027 383 127

204 467 289 508 Ubi
332 469 451 519 prius
492 469 596 509 illud
638 471 691 509 et
731 469 1017 510 abiiciendum
1050 481 1145 509 esse
1176 471 1327 520 putare
1359 470 1468 510 noli:
1502 472 1622 511 amat
1653 471 1771 511 enim

204 545 383 585 huiusce
412 545 591 585 voculae
622 546 923 595 repetitionem
948 546 1158 586 bonorum
1185 547 1447 586 scholiorum
1473 547 1667 596 scriptor.
1694 547 1772 586 Est

205 631 306 670 ergo
337 621 401 660 ad
432 621 763 660 hoc=101510v
798 619 924 672 ἕνεκα,
957 623 1000 661 et
1031 621 1094 661 ita
1124 632 1252 671 saepe
1284 622 1329 661 in
1360 622 1548 662 scholiis.

264 698 304 736 3.
341 696 557 746 „Coquina
587 698 826 736 medicinae
852 697 1106 737 famulatrix
1133 698 1242 737 est.'’
1270 698 1575 747 Recipiendarn
1602 699 1770 738 variam

203 774 434 814 lectionem
475 773 770 813 adulatrix
812 776 900 822 (pro
941 773 1296 820 famulatrix)
1340 774 1483 813 addito
1516 776 1771 823 argumento

205 849 296 889 dixi
326 860 366 899 p.
403 850 499 889 117.

265 926 304 965 7.
337 926 404 965 Ad
435 926 707 975 exspecto
740 926 869 974 quid
899 926 1048 965 velis
1074 926 1264 975 primum
1292 927 1523 965 annotatur
1550 937 1770 975 exspec-

204 1002 327 1040 tare
374 1011 470 1040 esse
517 1002 860 1040 desiderare.
908 1001 1069 1040 Deinde
1117 1002 1169 1040 ad
1216 1002 1346 1050 quid
1392 1002 1562 1041 velis:
1616 1001 1772 1051 „Deest

204 1087 226 1116 s
241 1078 376 1116 cire:
406 1087 509 1116 nam
531 1077 569 1116 si
586 1077 770 1116 dixisset
786 1087 852 1126 qu
865 1087 888 1116 o
902 1077 928 1116 d
953 1087 981 1115 v
994 1076 1103 1116 elis
1120 1077 1227 1116 nihil
1244 1078 1572 1117 desiderasset”.
1591 1078 1773 1127 Egregia

205 1154 273 1192 est
313 1153 606 1192 Westerhovii
647 1152 892 1192 emendatio
934 1162 1008 1201 pro
1051 1153 1199 1192 scire
1231 1153 1372 1202 legere
1404 1153 1591 1192 iubentis
1623 1154 1772 1192 scire

204 1239 298 1268 me.
341 1229 462 1267 Nunc
505 1229 555 1267 de
594 1228 748 1267 ceteris
779 1228 1017 1278 videamus,
1052 1239 1161 1276 quae
1193 1230 1392 1277 corrupta
1423 1229 1525 1277 quin
1557 1229 1645 1268 sint
1676 1229 1772 1277 quis

206 1305 405 1344 dubitet?
451 1305 658 1354 Equidem
705 1306 847 1344 totum
895 1305 999 1344 illud
1041 1305 1435 1344 desiderasset
1476 1306 1528 1345 ab
1561 1306 1772 1345 oscitante

205 1381 377 1420 librario
419 1391 441 1420 e
482 1381 622 1430 priore
659 1381 936 1420 annotatione
972 1381 1056 1419 huc
1086 1382 1275 1420 tractum
1307 1381 1501 1430 suspicor
1531 1392 1691 1430 proque
1723 1392 1772 1420 eo

204 1455 435 1506 legendum
466 1457 696 1495 deesset
717 1452 758 1503 ¹).
792 1457 900 1496 Tota
931 1458 1078 1495 autem
1110 1467 1197 1496 non
1227 1456 1383 1496 Donati
1414 1458 1490 1496 sed
1522 1457 1656 1506 inepti
1682 1467 1769 1496 ma-

204 1532 365 1581 gistelli
396 1534 463 1572 est
494 1533 729 1571 annotatio.

268 1609 334 1648 13.
367 1608 524 1648 Haud
550 1610 701 1648 muto
728 1608 954 1648 factum.
983 1608 1044 1647 De
1070 1608 1191 1647 varia
1216 1609 1398 1648 lectione
1425 1609 1568 1648 haud
1594 1610 1770 1648 multo

204 1684 225 1723 f
232 1685 418 1724 actum
449 1685 556 1724 haec
587 1685 871 1724 annotantur:
909 1685 1027 1734 „Hoc
1059 1686 1126 1723 est
1158 1685 1327 1735 damno,
1356 1685 1631 1735 reprehendo,
1661 1685 1771 1734 quod

205 1760 243 1799 si
274 1762 352 1810 est,
386 1761 450 1799 sic
481 1760 793 1809 intelligeretur
824 1770 910 1799 non
940 1760 1101 1799 nollem
1132 1760 1339 1800 factum.”
1367 1761 1450 1799 Hic
1473 1762 1554 1800 sic
1580 1761 1771 1810 positum

205 1847 281 1885 pro
326 1837 416 1876 vel
462 1836 565 1887 sic,
610 1837 691 1875 sic
735 1847 972 1884 quoque:
1015 1837 1164 1884 utique
1196 1837 1313 1875 enim
1345 1837 1590 1886 opinionem
1623 1847 1772 1876 eorum

205 1913 363 1951 falsam
404 1922 500 1951 esse
540 1912 734 1951 Donatus
775 1913 909 1962 docet,
949 1912 1021 1960 qui
1053 1912 1106 1950 ad
1137 1912 1278 1961 legem
1310 1913 1361 1951 de
1393 1913 1575 1961 ingratis
1606 1913 1771 1952 libertis

206 1988 250 2027 in
291 1987 549 2027 servitutem
584 1987 854 2026 retrahendis
887 1987 1018 2026 alludi
1050 1987 1119 2026 hic
1149 1989 1314 2036 putent.
1350 1988 1572 2036 Sequitur:
1609 1989 1770 2038 „Nemo

206 2064 323 2103 enim
363 2065 507 2113 potest
546 2063 711 2102 factum
753 2063 960 2101 infectum
998 2063 1157 2102 redere.
1192 2063 1273 2102 Sed
1305 2064 1606 2103 adverbialiter
1634 2064 1769 2117 dixit:

206 2141 256 2178 ut
301 2140 485 2179 dicimus
531 2139 740 2178 nollem
787 2139 1024 2188 factum,
1074 2138 1234 2178 nollem
1275 2139 1358 2178 huc
1400 2140 1611 2179 exitum.’'
1654 2140 1772 2179 Haec

206 2225 343 2263 neque
375 2215 487 2254 inter
518 2225 565 2253 se
597 2224 734 2262 neque
767 2224 865 2252 cum
896 2215 1249 2262 praecedentibus
1276 2215 1527 2254 cohaerent:
1555 2216 1772 2264 pertinent

207 2290 323 2329 enim
364 2291 417 2329 ad
453 2290 684 2329 lectionem
716 2290 858 2328 haud
890 2291 1040 2328 muto
1072 2290 1309 2338 factum;
1344 2291 1494 2329 deinde
1526 2291 1670 2330 nullus
1701 2291 1771 2330 hic

207 2367 274 2405 est
299 2366 419 2405 locus
446 2365 733 2405 coniunctioni
762 2365 920 2404 enim.
950 2365 1108 2413 Opinor
1130 2365 1233 2404 olim
1250 2365 1320 2404 hic
1341 2387 1387 2392 —
1410 2365 1451 2404 id
1468 2366 1579 2414 quod
1595 2377 1769 2405 sexcen-

206 2442 290 2480 ties
330 2442 495 2480 factum
526 2442 724 2479 videmus
758 2462 811 2466 —
844 2440 996 2479 multis
1028 2441 1171 2479 verbis
1203 2442 1435 2490 repetitum
1466 2442 1508 2480 id
1540 2442 1651 2490 quod
1682 2443 1771 2481 iam

207 2517 371 2556 dictum
413 2518 505 2555 erat
544 2516 663 2555 brevi
706 2517 833 2564 atque
866 2516 1052 2564 eleganti
1083 2516 1267 2555 scholio:
1300 2517 1454 2556 Haud
1486 2519 1637 2557 muto
1669 2518 1689 2556 f
1696 2528 1721 2556 a
1733 2528 1769 2556 c-

207 2594 336 2638 tum]
390 2591 618 2641 „Venuste,
667 2602 753 2630 non
798 2601 869 2629 me
910 2591 1152 2639 poenitet”;
1186 2592 1398 2632 excidisse
1430 2594 1577 2632 autem
1608 2593 1771 2632 lemma

207 2667 362 2707 Haud
393 2668 543 2706 muto
575 2667 787 2705 factum
815 2677 914 2705 cum
941 2666 1144 2715 longioris
1171 2667 1322 2706 scholii
1349 2668 1493 2716 initio;
1512 2670 1607 2708 tum
1625 2670 1770 2708 enim

245 2852 269 2886 ι)
288 2851 404 2881 Sciant
431 2853 487 2886 qui
514 2851 790 2880 commentarium
817 2851 937 2880 edituri
966 2852 1020 2881 vel
1040 2852 1248 2882 emendaturi
1267 2853 1339 2883 sint
1356 2853 1486 2882 nullum
1506 2860 1580 2882 esse
1600 2854 1635 2882 in
1655 2861 1692 2882 eo
1712 2853 1770 2882 fre-

210 2905 368 2939 quentius
387 2905 510 2934 vitium
531 2912 631 2939 quam
649 2904 714 2933 hoc
731 2904 969 2934 vocabulorum
989 2905 1100 2940 inepte
1119 2913 1137 2934 e
1155 2906 1279 2935 vicinia
1297 2907 1522 2942 repetitorum.
