2034 3334
914 364 996 405 119

203 491 399 546 hibitum,
430 492 489 533 ita
521 492 788 543 exornatum,
822 492 870 531 ut
898 488 949 530 ab
977 501 1026 531 eo
1054 489 1255 530 inventus
1282 487 1487 529 videatur.
1506 485 1698 528 Colorem

204 569 317 610 enim
349 568 561 623 quendam
591 568 628 610 ei
661 566 833 622 praebet
864 579 1039 619 novum,
1072 564 1351 619 ardoremque
1383 563 1533 605 ceteris
1566 562 1700 604 omni-

205 644 286 687 bus
316 645 594 700 incognitum.

263 803 452 856 Poetam,
489 803 564 857 qui
595 802 687 844 sine
719 813 768 843 ea
794 802 937 842 vivere
967 812 1107 854 neque
1134 799 1227 840 vult
1255 810 1395 853 neque
1411 800 1562 853 potest,
1578 809 1702 852 saepe

205 879 387 933 Cynthia
420 879 580 934 effugit.
614 877 820 920 Desertus
851 889 950 932 ergo
981 875 1053 917 ille
1085 875 1342 916 lamentatur
1368 873 1418 928 (Ι,
1438 875 1506 929 12,
1528 874 1581 915 13
1600 874 1699 928 sq.):

382 986 510 1029 Nunc
540 988 726 1042 primum
758 985 906 1041 longas
939 985 1055 1026 solus
1088 996 1345 1039 cognoscere
1379 985 1524 1025 noctes

443 1062 579 1119 Cogor
610 1065 651 1105 et
680 1063 772 1118 ipse
803 1062 908 1104 meis
940 1060 1118 1102 auribus
1151 1072 1244 1102 esse
1270 1059 1424 1114 gravis.

267 1180 434 1236 Longas
463 1180 775 1235 diuturnaeque
807 1179 962 1234 cogitat
987 1177 1061 1219 illa
1087 1176 1458 1232 peregrinationes,
1485 1175 1554 1217 hic
1569 1175 1703 1231 gemit

211 1258 490 1313 queriturque
522 1256 569 1312 (Ι,
602 1258 665 1310 8);

386 1365 504 1407 Tune
534 1365 667 1420 igitur
697 1363 883 1418 demens,
916 1375 994 1405 nec
1026 1366 1068 1405 te
1100 1375 1193 1404 mea
1226 1375 1325 1404 cura
1360 1361 1582 1404 moratur?

443 1441 514 1483 An
546 1440 624 1483 tibi
662 1453 758 1483 sum
789 1439 930 1496 gelida
958 1439 1086 1480 vilior
1117 1438 1278 1493 illyria,

385 1517 439 1559 Et
471 1517 549 1559 tibi
579 1518 662 1559 iam
696 1517 815 1571 tanti,
849 1518 1151 1571 quicunquest,
1181 1516 1262 1557 iste
1294 1514 1474 1569 videtur,

444 1592 502 1635 Ut
533 1594 625 1635 sine
656 1605 724 1635 me
755 1595 882 1634 vento
916 1591 1105 1647 quolibet
1136 1592 1199 1633 ire
1231 1590 1347 1633 velis.

267 1711 350 1754 Sed
396 1714 555 1766 quanto
603 1711 791 1753 exsultat
831 1710 987 1766 gaudio
1032 1709 1106 1752 ubi
1149 1708 1332 1763 Cynthia
1362 1707 1558 1763 precibus
1591 1708 1705 1748 victa

211 1787 262 1829 de
288 1788 500 1843 proposito
528 1787 698 1830 destitit.
720 1785 893 1828 Novum
910 1787 1023 1828 enim
1043 1797 1213 1827 carmen
1231 1785 1292 1827 sic
1309 1784 1532 1827 exorditur
1549 1783 1597 1838 (Ι,
1615 1782 1704 1836 8b):

389 1894 473 1937 Hic
503 1896 604 1937 erit!
636 1895 704 1936 hic
733 1896 873 1936 iurata
905 1883 1069 1936 manet!
1103 1896 1360 1948 rumpantur
1390 1893 1554 1948 iniqui!

448 1970 666 2012 Vicimus:
701 1970 897 2012 assiduas
928 1982 1015 2011 non
1046 1969 1144 2011 tulit
1176 1968 1248 2010 illa
1280 1981 1438 2023 preces.

274 2087 357 2130 Sed
384 2088 579 2142 quamvis
605 2091 789 2129 remotas
816 2086 999 2140 Cynthia
1024 2087 1160 2128 visere
1177 2086 1320 2141 cupiat
1335 2086 1541 2141 regiones,
1558 2085 1705 2127 nullus

215 2164 259 2204 in
293 2162 392 2204 orbe
423 2163 541 2205 locus
572 2162 687 2205 Baiis
715 2163 904 2205 amoenis
932 2163 1067 2217 magis
1094 2161 1344 2204 execrabilis
1361 2164 1508 2217 poe‘tae
1525 2161 1706 2203 videtur.

216 2238 282 2280 Ibi
314 2242 549 2281 morantem
581 2238 805 2292 Cynthiam
839 2238 1074 2281 obtestatur
1105 2238 1151 2291 (Ι,
1187 2238 1253 2292 11,
1287 2238 1340 2279 27
1374 2239 1501 2293 sqq.):

392 2347 456 2389 Tu
487 2347 612 2389 modo
645 2360 774 2402 quam
806 2348 993 2402 primum
1025 2350 1247 2402 corruptas
1280 2347 1424 2389 desere
1456 2346 1604 2388 Baias:

452 2421 600 2464 Multis
631 2423 712 2464 ista
743 2422 898 2464 dabant
928 2423 1070 2464 littora
1102 2422 1342 2475 discidium,

395 2497 565 2552 Littera,
599 2511 707 2552 quae
737 2498 906 2540 fuerant
938 2499 1064 2540 castis
1094 2499 1267 2539 inimica
1295 2497 1460 2552 puellis.

455 2574 496 2615 A
527 2577 700 2629 pereant
730 2573 871 2628 Baiae,
904 2574 1062 2616 crimen
1095 2574 1261 2628 amoris,
1294 2574 1451 2628 aquae!

280 2690 392 2741 Quid
425 2691 540 2746 quod
566 2691 708 2746 ipsum
734 2693 900 2746 poetam
925 2690 1183 2745 peregrinari
1210 2690 1321 2745 cogit
1338 2689 1530 2743 Cynthia.
1547 2689 1706 2732 Urbem
1771 2678 1774 2681 ’

221 2769 334 2809 enim
378 2767 449 2809 ille
489 2767 600 2822 fugit
641 2770 689 2808 ut
719 2767 846 2822 longe
877 2780 901 2808 a
931 2767 1065 2821 patria
1097 2766 1293 2808 solatium
1326 2770 1502 2821 quaerat
1532 2770 1572 2809 et
1603 2766 1709 2808 obli-

221 2843 411 2887 vionem:
445 2846 663 2898 tantopere
693 2843 895 2884 miserum
926 2841 1080 2884 afflixit
1112 2841 1317 2896 Cynthiae
1349 2842 1515 2885 duritia.
1548 2842 1631 2885 Sed
1662 2843 1707 2884 in
