2034 3334
5 638 8 643 ,
0 596 16 629 K
0 492 15 591 ἱερὴ-ιω-
15 475 18 478 ⁴
0 460 3 465 -
0 368 18 450 ,νε-«ᾗκ-
0 351 11 361 n
0 327 10 343 -ι
0 316 7 320 ·
0 270 26 309 -Ἒ

949 250 1031 294 101

193 375 256 419 als
297 377 357 418 sie
399 374 468 417 die
508 372 660 417 Gottin
705 374 884 416 stohnen
926 372 1090 416 horte''.
1134 372 1353 415 Hactenus
1384 375 1497 415 certe
1527 375 1640 415 recte
1673 371 1785 428 quod

193 445 363 488 Iunonis
394 445 577 501 suspiria
609 444 678 486 hic
711 458 878 501 quoque
911 447 1011 487 sunt
1043 443 1438 494 commemoranda,
1471 443 1524 486 cf.
1563 441 1648 487 753
1666 456 1780 499 sqq.:

373 515 429 558 Et
460 518 580 558 tanto
611 516 782 571 penitus
814 516 946 558 traxit
976 515 1159 571 suspiria
1191 518 1315 557 motu

373 586 433 629 Ut
463 587 624 642 pariter
654 589 803 642 pectus
834 587 1105 644 positamque
1136 586 1181 628 in
1212 589 1380 642 pectore
1412 585 1511 628 forti

374 656 542 714 Aegida
572 660 813 700 concuteret

193 728 304 772 unde
336 728 568 772 admodum
595 727 644 770 fit
674 727 906 771 verisimile
932 730 1079 784 postea
1106 741 1273 784 quoque
1299 727 1507 770 Iunonem
1535 729 1783 784 suspirasse.

192 799 275 843 Sed
301 799 567 855 contemptui
591 799 662 841 hic
684 798 829 841 nullus
844 798 976 842 locus.
1003 798 1205 854 Suspicor
1221 802 1366 841 autem
1384 803 1500 850 (nam
1517 797 1784 840 neminidum

193 871 443 913 successisse
480 869 654 912 videtur
684 869 941 922 emendatio)
973 868 1180 912 Ovidium
1213 868 1374 925 aliquid
1407 869 1570 911 dedisse
1601 870 1645 910 in
1677 869 1784 911 hanc

193 942 472 984 sententiam:
519 944 771 996 „conspecta
813 940 890 983 dea
931 944 1022 983 tam
1054 939 1235 997 pulchra
1266 943 1441 997 tamque
1474 939 1691 996 splendide
1723 954 1785 983 or-

194 1015 317 1062 nata,
380 1011 547 1054 Invidia
594 1012 832 1068 ingemuit3
892 1013 935 1053 at
986 1011 1062 1053 ubi
1112 1010 1303 1053 eiusdem
1356 1011 1523 1053 audivit
1576 1011 1782 1066 suspiria,

140 1089 144 1091 ’
193 1081 368 1138 paululo
412 1085 556 1124 tamen
600 1081 711 1124 facta
753 1085 817 1124 est
857 1080 1078 1124 hilarior''.
1113 1081 1393 1124 Eiusmodine
1426 1080 1675 1132 flosculum,
1709 1083 1784 1137 qui

194 1167 238 1196 se
284 1153 395 1195 mihi
439 1156 500 1206 (et
547 1153 617 1195 cui
663 1166 746 1195 non
758 1150 793 1205 ?)
842 1155 991 1208 sponte
1038 1152 1178 1203 offert,
1237 1153 1288 1195 ab
1337 1151 1491 1196 Ovidio
1537 1151 1783 1209 neglectum

193 1222 426 1280 putemus?

869 1525 1003 1568 LmER
1033 1525 1108 1568 ΙΙΙ.

254 1647 314 1691 42
346 1647 551 1700 (Martius
584 1649 737 1705 anguis
769 1646 862 1699 ille)

693 1750 732 1761 ..
764 1719 998 1761 immensos
1031 1718 1144 1761 saltu
1175 1720 1371 1761 sinuatur
1401 1720 1447 1761 in
1478 1733 1613 1762 arcus.

194 1788 305 1842 Quid
335 1789 404 1830 hic
435 1787 666 1844 legendum
699 1790 755 1831 sit
786 1790 951 1841 nescio,
985 1788 1057 1831 sed
1087 1789 1196 1831 saltu
1224 1803 1375 1832 sanum
1404 1803 1492 1832 esse
1519 1804 1602 1832 non
1630 1793 1780 1846 potest.

254 1933 311 1977 52
358 1935 610 1977 Rectissime
649 1934 881 1977 Ehwaldus
923 1935 1056 1978 edidit
1098 1937 1300 1991 „derepta
1342 1935 1456 1978 leoni
1496 1935 1666 1991 pellis'',
1709 1936 1782 1978 sed

192 2006 325 2048 miror
370 2004 553 2046 eundem
594 2018 658 2047 vs.
699 2004 756 2046 58
797 2019 930 2060 aequo
970 2006 1112 2047 animo
1155 2006 1262 2048 ferre
1307 2005 1541 2056 „fidissima
1587 2006 1780 2059 corpora'’

192 2078 334 2131 spreta
386 2073 605 2116 lenissima
657 2073 1058 2130 elegantissimaque
1107 2075 1275 2117 Heinsii
1322 2076 1565 2118 coniectura
1601 2081 1779 2129 pectora.

194 2145 316 2198 Quod
346 2144 402 2195 II,
436 2143 523 2186 644
555 2143 738 2201 legitur:

377 2212 555 2266 „Cresce
585 2215 718 2270 puer''
753 2215 863 2257 dixit
896 2215 1005 2266 „tibi
1035 2229 1079 2258 se
1111 2215 1310 2259 mortalia
1343 2229 1466 2271 saepe

378 2284 564 2340 Corpora
595 2284 835 2327 debebunt”

197 2355 334 2399 afferri
375 2369 456 2397 non
478 2356 687 2411 voportuit
729 2355 781 2397 ad
823 2355 1047 2412 vulgatam
1091 2355 1395 2398 defendendam
1427 2355 1678 2399 lectionem:
1722 2358 1784 2400 ibi

197 2428 311 2469 enim
337 2426 522 2468 refertur
548 2427 802 2469 vaticinium
831 2425 882 2468 de
909 2425 1160 2482 Aesculapio
1177 2426 1364 2467 mortalia
1382 2441 1546 2479 corpora
1562 2430 1780 2478 sanaturo,

197 2497 268 2540 sed
300 2511 399 2539 cum
431 2510 507 2539 sua
539 2497 723 2552 pernicie
755 2497 886 2539 etiam
917 2497 1070 2538 animas
1100 2500 1363 2541 revocaturo.

259 2641 317 2686 90
378 2641 521 2684 Donec
550 2641 813 2698 Agenorides
846 2643 1085 2685 coniectum
1117 2643 1171 2702 in⁴
1193 2646 1371 2698 gutture
1403 2642 1560 2686 vulnus

379 2712 522 2768 Usque
555 2725 733 2767 sequens
765 2713 932 2767 pressit.

197 2782 356 2837 Utique
386 2782 455 2824 hic
485 2781 724 2837 recipienda
755 2780 880 2824 lectio
907 2786 1089 2835 quttura,
1125 2795 1253 2838 quam
1286 2782 1520 2841 Bentleyus
1546 2787 1780 2841 proposuit.

195 2852 378 2894 Etiamsi
420 2866 518 2894 cum
560 2850 766 2894 Ehwaldo
812 2850 924 2894 illud
964 2852 1008 2893 in
1050 2866 1149 2894 cum
1181 2853 1309 2895 verbo
1339 2855 1487 2907 pressit
1514 2856 1780 2911 iungendum

197 2925 330 2972 esset,
374 2925 518 2964 tamen
561 2922 803 2964 accusativo
846 2935 952 2978 opus
995 2926 1125 2977 esset3
1170 2922 1242 2965 sed
1273 2937 1371 2965 cum
1403 2924 1478 2967 illo
1509 2926 1634 2982 iungi
1666 2930 1782 2969 vetat

197 2990 503 3045 vocabulorum
534 2991 767 3048 dispositio.
