2034 3334
945 365 1000 407 93

220 493 323 536 dum
370 493 475 535 locis
523 505 652 548 quam
698 490 828 534 verbo
869 490 1085 533 nudare
1116 488 1230 546 apud
1261 488 1420 532 Phaed.
1453 487 1555 544 prol.
1590 487 1646 529 47
1681 489 1723 529 et

222 568 325 612 Hor.
373 568 458 612 Sat.
499 568 556 623 Π,
601 569 639 623 5,
681 569 735 610 47
781 567 928 611 eodem
962 566 1050 610 fere
1080 579 1210 609 sensu
1241 566 1393 622 posito,
1423 566 1517 607 iure
1549 566 1725 606 annotat

221 645 436 688 Hertzius.
469 643 557 687 Cur
588 657 688 700 ergo
721 644 856 687 eidem
891 643 1206 686 Phaedrianum
1243 642 1338 697 (ΙΙΙ,
1374 642 1442 697 10,
1476 641 1568 695 17);

461 752 706 810 Stuproque
738 753 853 810 turpi
885 753 1022 809 pollui
1053 752 1210 794 famam
1242 751 1395 793 domus

223 878 278 908 ex
308 863 544 907 Horatiano
577 862 668 918 (IV,
701 863 739 918 5,
773 862 867 917 21):

461 971 604 1015 Nullis
636 971 843 1028 polluitur
873 974 989 1014 casta
1021 971 1175 1013 domus
1207 971 1380 1026 stupris,

226 1095 477 1139 expressum
511 1094 604 1125 esse
634 1080 852 1138 probabile
882 1080 1078 1124 videatur
1109 1081 1285 1123 minime
1316 1079 1519 1136 intelligo.

286 1159 438 1216 Neque
468 1158 745 1201 Manilius
785 1157 1021 1214 quidquam
1054 1157 1107 1199 ab
1139 1156 1318 1199 Horatio
1350 1157 1544 1213 sumpsit,
1578 1169 1732 1213 neque,

230 1236 345 1292 quod
376 1237 421 1278 in
454 1236 533 1278 hac
565 1248 695 1278 causa
725 1234 859 1277 multo
891 1235 1063 1277 maioris
1092 1234 1262 1276 videtur
1287 1234 1505 1288 momenti,
1532 1232 1732 1275 Pinda—

229 1325 325 1355 rus
380 1311 690 1354 Thebanus.
746 1310 790 1353 Is
839 1311 951 1353 enim
1001 1323 1056 1353 ex
1102 1310 1253 1352 alienis
1299 1310 1453 1366 pannis
1499 1309 1730 1352 admodum

231 1388 484 1432 venustulos
526 1388 838 1431 consarcinavit
879 1387 1114 1430 versiculos
1146 1386 1305 1442 quibus
1335 1386 1513 1429 Iliadem
1544 1387 1589 1428 in
1621 1385 1734 1429 Lati-

230 1479 329 1509 nam
361 1465 572 1522 redigeret
602 1466 826 1521 epitomen.
861 1465 952 1506 Aut
985 1477 1086 1520 ergo
1119 1463 1326 1506 Horatius
1357 1477 1508 1520 parum
1541 1465 1579 1507 ei
1610 1465 1735 1507 inno-

231 1544 316 1586 tuit
345 1543 522 1598 (vixisse
553 1545 697 1584 autem
731 1541 903 1584 videtur
935 1542 1173 1598 imperante
1204 1541 1329 1583 etiam
1362 1544 1489 1596 gente
1519 1540 1645 1595 Iulia)
1664 1545 1738 1583 aut

235 1632 385 1675 parum
417 1618 589 1675 placuit.

294 1695 347 1737 In
387 1695 623 1751 Priapeo
664 1695 732 1750 73,
765 1696 790 1737 3
822 1694 980 1750 legitur
1010 1694 1226 1738 inutile
1257 1694 1496 1751 lignum,
1530 1695 1603 1737 sed
1637 1695 1734 1750 quis

237 1771 316 1813 hoc
347 1784 402 1814 ex
433 1770 610 1814 Horatio
647 1770 744 1825 (Sat.
776 1770 810 1826 I,
843 1772 882 1826 8,
917 1772 979 1825 1):

475 1879 587 1922 Olim
619 1884 796 1923 truncus
827 1893 943 1923 eram
974 1880 1174 1936 ficulnus,
1206 1881 1358 1923 inutile
1388 1881 1555 1937 lignum

242 1995 513 2052 desumptum
540 2009 632 2040 esse
657 2010 733 2054 pro
759 2001 872 2040 certo
899 1997 1160 2040 contendat?
1187 1997 1372 2054 Lignum
1391 1999 1505 2042 enim
1524 2012 1546 2041 e
1564 2012 1649 2055 quo
1667 1999 1736 2042 dei

241 2072 391 2114 rustici
430 2071 478 2114 fit
516 2073 655 2129 imago
683 2074 895 2117 inutile
927 2074 1139 2131 appellare
1170 2076 1363 2118 cuiusvis
1395 2079 1482 2128 est3
1515 2089 1614 2118 nam
1649 2088 1672 2118 e
1691 2079 1740 2118 st

242 2161 441 2191 revera
484 2149 646 2192 inutile.
689 2149 735 2192 Si
764 2151 1051 2194 instrumento
1082 2153 1243 2194 rustico
1276 2156 1421 2208 aptum
1454 2152 1618 2208 fuisset,
1650 2166 1736 2195 non

244 2225 377 2266 animi
407 2237 535 2267 causa
565 2237 620 2267 ex
650 2238 699 2268 eo
730 2225 932 2282 Priapum
964 2227 1134 2270 fecisset
1166 2228 1277 2270 horti
1304 2228 1519 2271 dominus.

304 2300 535 2343 Curtius
580 2301 695 2344 haud
742 2302 881 2358 dubie,
926 2304 1068 2347 iudice
1113 2303 1303 2360 Hertzio,
1350 2318 1483 2360 quum
1538 2305 1741 2348 scriberet

244 2376 337 2432 (111,
370 2378 409 2432 5,
442 2377 505 2430 8);

422 2486 482 2529 Hi
513 2487 780 2541 (adulatores)
805 2491 897 2531 tum
923 2489 1089 2532 coelum
1115 2489 1178 2531 illi
1195 2491 1235 2544 (i.
1253 2502 1286 2532 e.
1306 2489 1567 2544 Alexandro)
1580 2491 1741 2546 aperie-

364 2562 479 2618 bant,
510 2562 828 2619 Herculemque
857 2567 899 2607 et
928 2564 1097 2608 Patrem
1128 2565 1332 2608 Liberum
1364 2570 1406 2608 et
1436 2579 1533 2609 cum
1567 2566 1742 2611 Polluce

366 2638 582 2682 Castorem
612 2652 724 2682 novo
755 2641 924 2682 numini
955 2654 1150 2684 cessuros
1180 2641 1394 2685 iactabant

246 2753 343 2793 ante
375 2751 520 2793 oculos
551 2749 702 2793 habuit
733 2749 1019 2793 Horatianum
1058 2750 1129 2807 (II,
1164 2751 1200 2800 1,
1234 2752 1297 2806 5):

426 2857 637 2902 Romulus
669 2861 710 2902 et
740 2857 867 2902 Liber
897 2862 1015 2915 pater
1047 2863 1089 2902 et
1119 2872 1218 2903 cum
1250 2859 1423 2905 Castore
1454 2862 1625 2906 Pollux.
