2034 3334
1002 392 1085 431 227

259 523 307 552 se
333 513 493 553 sentire
519 524 650 562 quam
677 515 792 554 vitae
819 516 933 564 pleni
959 516 1048 555 sint
1074 527 1225 555 omnes
1242 517 1429 556 Terentii
1446 529 1610 559 versus.
1630 521 1822 560 Annotat

261 589 399 628 enim:
437 591 605 638 „cetera
631 591 732 629 sunt
759 591 802 629 in
829 593 954 639 gestu
982 592 1226 639 quaerentis
1254 593 1354 640 quid
1380 594 1493 632 dicat
1520 595 1570 633 de
1597 595 1820 644 Pamphilo

259 674 338 703 nec
369 664 671 704 invenientis.''

318 739 399 778 Hic
440 750 511 778 me
543 741 697 789 aliquis
729 741 791 780 sic
823 741 1094 790 interpellare
1125 743 1283 790 possit:
1321 743 1466 791 „Heus
1497 745 1557 794 tu,
1592 745 1642 783 de
1674 745 1821 785 Sosiae

258 825 441 863 persona
472 815 664 855 dicturus
692 827 798 866 eras,
828 817 903 855 sed
930 817 1163 855 identidem
1191 818 1336 867 etiam,
1366 818 1403 856 si
1430 829 1536 866 quos
1564 820 1607 858 in
1635 821 1822 860 Simonis

258 890 401 928 verbis
448 891 764 939 deprehendere
802 891 880 930 tibi
921 892 1080 931 videris
1122 893 1299 943 lepores,
1333 894 1430 932 illos
1461 895 1583 933 nobis
1615 884 1826 935 indicasfi

259 965 357 1004 Feci
398 966 490 1016 hoc,
533 967 682 1016 fateor,
726 968 801 1006 sed
832 967 935 1006 facti
967 978 1052 1007 non
1083 969 1285 1016 poenitet.
1319 969 1412 1008 Non
1445 970 1561 1008 enim
1592 972 1684 1008 tam
1716 971 1822 1010 bene

258 1041 480 1090 lepideque
511 1052 685 1080 narrare
711 1043 924 1090 potuisset
951 1043 1081 1092 Simo,
1111 1043 1194 1082 nisi
1221 1045 1314 1082 tam
1340 1044 1500 1083 bonum
1526 1047 1680 1083 nactus
1708 1048 1824 1085 esset

258 1118 511 1167 auditorem.
557 1118 663 1167 Quid
704 1119 814 1166 quod
856 1118 1026 1167 singula
1067 1130 1146 1158 sua
1178 1120 1308 1158 verba
1340 1121 1455 1159 illius
1486 1121 1679 1160 moribus
1711 1123 1822 1170 inge-

257 1194 412 1241 nioque
444 1194 754 1233 accommodat.

318 1269 386 1308 89.
422 1269 490 1309 Sic
521 1279 655 1308 senex
686 1269 846 1318 pergit:
1405 1322 1407 1325 ι

1058 1344 1164 1383 item
1197 1345 1279 1384 alio
1312 1346 1379 1384 die

438 1419 726 1468 Quaerebam:
762 1419 1077 1468 comperiebam
1109 1420 1169 1458 nil
1202 1421 1255 1459 ad
1286 1421 1563 1470 Pamphilum

436 1495 671 1544 Quicquam
703 1495 899 1534 attinere.

257 1571 338 1610 Hic
355 1581 522 1619 quoque
540 1581 629 1620 ego,
649 1571 848 1619 quamvis
865 1571 1027 1609 mirum
1044 1571 1251 1621 videatur,
1271 1573 1487 1612 narrantis
1504 1566 1608 1623 ἦθος
1624 1584 1821 1622 agnosco.

257 1647 310 1685 Et
350 1648 498 1685 tamen
535 1657 589 1686 ne
621 1647 862 1685 Scholiasta
894 1646 1078 1695 quidem,
1114 1647 1466 1686 accuratissimus
1498 1647 1568 1686 1110
1600 1659 1821 1688 ornamen-

256 1723 412 1771 torum,
457 1732 566 1769 quae
607 1731 749 1760 sermo
792 1721 979 1760 Terentii
1016 1722 1156 1770 habet,
1191 1722 1451 1772 observator,
1486 1723 1718 1771 quidquam
1749 1734 1820 1762 me

257 1798 392 1836 docet.
451 1798 493 1835 Is
550 1797 666 1836 enim
719 1798 921 1836 annotat:
968 1796 1123 1835 Nihil
1172 1797 1234 1835 ad
1281 1797 1634 1845 Pamphilum
1680 1799 1819 1846 quic-

257 1875 431 1922 quam]
485 1871 725 1921 „nape'lnovz
773 1883 877 1911 nam
923 1872 1112 1910 abundat
1154 1872 1476 1922 quidquam,
1520 1883 1622 1911 nam
1664 1883 1820 1911 nemo

257 1949 382 1996 quis
394 1959 420 1996 q
432 1959 459 1986 u
472 1958 554 1986 am
581 1958 666 1986 non
688 1948 884 1986 dicitur.”
903 1947 1116 1986 Haeccine
1134 1957 1159 1985 a
1175 1947 1340 1986 Donato
1357 1948 1547 1995 profecta
1564 1948 1788 1986 credamus
1800 1949 1820 1986 ⁶?

257 2024 351 2063 Non
393 2034 483 2071 ego.
526 2023 611 2061 Vix
651 2022 720 2061 hic
757 2022 892 2061 oculis
923 2022 1033 2060 meis
1065 2021 1194 2060 fidem
1227 2022 1375 2062 habeo.
1409 2023 1530 2062 Itane
1562 2025 1695 2062 vero?
1727 2024 1820 2061 Non

257 2099 412 2138 dicitur
443 2108 599 2137 nemo
632 2098 960 2146 quisquam?
994 2097 1101 2146 Quid
1133 2107 1232 2145 ergo
1264 2097 1369 2136 Eun.
1398 2108 1462 2136 vs.
1494 2099 1605 2136 1032
1634 2098 1820 2146 legitur?

257 2175 444 2223 Nempe:

435 2249 467 2288 O
499 2249 746 2298 populares!
781 2247 926 2295 ecquis
957 2257 1028 2285 me
1059 2247 1184 2285 hodie
1215 2247 1325 2285 vivit
1356 2247 1642 2287 fortunatior?

435 2325 582 2373 Nemo,
616 2323 770 2372 hercle,
803 2322 1032 2370 quisquam
1054 2317 1093 2367 ¹).

257 2399 311 2438 Et
351 2400 420 2438 fac
456 2400 544 2437 iam
576 2408 797 2446 nunquam
830 2399 957 2435 antea
988 2397 1151 2435 dictum
1183 2396 1287 2435 illud
1317 2396 1451 2435 fuisse
1483 2407 1639 2436 nemo
1681 2398 1819 2445 quis-

257 2485 439 2524 quam,
469 2483 609 2512 nonne
635 2474 783 2512 liceret
809 2472 1006 2510 Terentio
1029 2482 1127 2510 eam
1142 2471 1448 2511 vocabulorum
1466 2473 1821 2521 compositionem

297 2627 318 2660 ¹)
343 2625 438 2654 Unus
461 2625 516 2653 hic
534 2625 626 2653 locus
646 2624 740 2660 satie,
759 2624 797 2652 ut
815 2623 939 2659 opinor,
958 2623 1165 2651 demonstrat
1183 2629 1249 2650 non
1269 2622 1379 2657 ipsum
1400 2621 1569 2651 Donatum
1589 2631 1629 2652 ea
1648 2623 1822 2658 scripsisse

259 2684 344 2712 quae
371 2677 469 2706 modo
498 2677 694 2705 citabamus.
723 2675 918 2710 corruptam
947 2682 967 2702 a
988 2674 1203 2709 compilatore
1223 2674 1474 2703 annotationem
1495 2682 1620 2709 censeo,
1640 2683 1723 2709 quae
1742 2675 1822 2703 olim

259 2728 487 2758 huiuscemodi
522 2727 632 2756 fuerit:
672 2727 803 2761 „eodem
838 2726 935 2754 modo
970 2733 1084 2754 nemo
1117 2725 1337 2759 quisquam
1367 2725 1513 2754 dicitur.'’
1539 2725 1625 2754 Nam
1654 2727 1822 2755 Donatum

260 2780 384 2815 aliquid
411 2779 561 2808 docuisse
577 2778 662 2813 quod
682 2778 818 2807 veritati
839 2777 981 2806 adversa
1000 2778 1108 2806 fronte
1127 2778 1326 2812 repugnaret
1344 2777 1428 2805 mihi
1447 2785 1515 2806 non
1532 2778 1758 2813 persuadetur.
1778 2778 1825 2807 Of.

260 2833 346 2868 quod
375 2833 409 2861 in
437 2831 563 2860 scholio
592 2831 719 2859 sincero
746 2830 940 2865 integroque
967 2830 1087 2864 legitur
1106 2830 1147 2857 ad
1167 2829 1298 2858 Phorm.
1318 2829 1341 2865 1,
1359 2831 1386 2865 2,
1405 2831 1454 2859 30:
1475 2830 1625 2859 Noster
1644 2831 1744 2859 mali
1762 2831 1823 2860 nil
1885 2844 1891 2850 ·

259 2883 488 2918 quicquam]
510 2881 683 2917 „quartum
699 2879 862 2920 παρέλκων,
886 2881 925 2908 ut
943 2880 977 2908 in
997 2880 1143 2914 Hecyra:
1163 2886 1254 2908 nam
1273 2885 1388 2908 nemo
1407 2879 1575 2908 illorum
1596 2880 1823 2918 quisquam,

260 2937 384 2972 scito,
402 2936 449 2964 ad
474 2938 514 2964 te
537 2935 680 2964 venit.'’
