2034 3334
943 365 1022 433 ⁸77

770 571 915 612 Acrus
945 571 983 609 V
1010 571 1154 611 SanA
1186 572 1224 611 7.

268 715 505 764 Postquam
551 715 660 754 satis
707 714 856 753 derisit
895 713 1075 762 Pythias
1119 713 1416 753 adversarium
1456 725 1482 753 a
1524 725 1572 753 se
1614 715 1776 754 astutia

209 793 461 843 superatum
486 791 664 830 domum
692 790 792 839 abit,
821 790 864 828 et
890 790 1034 828 stante
1062 789 1195 828 etiam
1222 789 1294 828 illo
1316 792 1416 829 ante
1433 790 1594 829 ostium
1612 790 1775 830 Thraso

210 867 463 916 Gnathoque
505 867 761 914 adveniunt;
800 865 871 904 ille
903 865 1003 914 quid
1035 865 1117 904 sibi
1147 865 1254 904 velit
1286 876 1311 904 a
1343 865 1567 905 Gnathone
1598 867 1774 915 rogatus

119 980 124 991 ,
193 943 439 992 respondet
470 945 548 988 (vs.
586 942 737 988 1026):

326 1019 470 1067 Egone
481 1019 502 1056 ’.Ρ
518 1019 567 1057 ut
583 1017 734 1056 Thaidi
750 1027 821 1056 me
839 1017 993 1056 dedam
1015 1018 1059 1056 et
1074 1016 1232 1056 faciam
1249 1017 1359 1065 quod
1376 1017 1532 1056 iubeat.
1554 1017 1660 1067 Quid
1678 1018 1776 1057 est?

267 1094 387 1134 Haec
418 1093 535 1133 enim
565 1092 776 1132 Thrasoni
807 1092 938 1132 verba
963 1093 1037 1131 dat
1062 1092 1390 1132 Westerhovius
1417 1093 1574 1143 omnia,
1603 1094 1647 1132 et
1672 1093 1776 1132 illud

209 1170 382 1219 quidem
420 1169 556 1219 Quid
588 1170 674 1208 est
706 1168 972 1207 Thrasonem
1004 1168 1219 1208 dicentem
1249 1168 1365 1218 facit,
1399 1169 1471 1207 ubi
1503 1168 1776 1208 Gnathonem

184 1246 326 1285 -videt
359 1245 671 1293 admirantem;
704 1245 799 1283 tum
833 1244 1106 1283 Gnathonem
1116 1256 1128 1283 ·:

328 1321 406 1370 Qui
437 1321 583 1360 minus
614 1330 745 1369 quam
777 1320 984 1359 Hercules
1015 1320 1196 1359 servivit
1229 1321 1499 1369 Omphalae?

211 1398 254 1436 et
286 1397 579 1435 Thrasonem:

328 1472 580 1521 exemplum
611 1471 764 1521 placet.

209 1549 433 1588 Postremo
466 1548 739 1587 Gnathonem
771 1558 999 1587 aversum:

325 1624 506 1663 Utinam
537 1624 615 1681 tibi
647 1624 935 1673 commitigari
966 1625 1139 1664 videam
1171 1625 1363 1664 sandalio
1397 1627 1545 1675 caput!

268 1700 475 1749 Equidem
502 1700 553 1738 de
581 1699 612 1748 Q
625 1700 717 1738 uid
740 1710 794 1738 es
807 1701 825 1738 t
846 1699 1147 1739 Westerhovio
1165 1702 1400 1750 assentior;
1419 1702 1495 1740 sed
1511 1702 1654 1740 totum
1670 1702 1772 1740 hoc:

327 1776 469 1824 Egone
481 1777 502 1815 ⁶?
517 1776 577 1815 Ut
594 1775 745 1814 Thaidi
762 1786 833 1814 me
850 1775 1004 1815 dedam
1022 1777 1065 1815 et
1081 1776 1238 1815 faciam
1256 1777 1366 1825 quod
1383 1777 1539 1816 iubeat.
1556 1777 1662 1826 Quid
1674 1778 1741 1816 est
1752 1778 1773 1815 ‘?

242 1899 246 1905 ὴ
329 1851 407 1901 Qui
437 1852 583 1890 minus
614 1862 762 1900 quam*
779 1851 988 1890 Hercules
1019 1852 1200 1891 servivit
1232 1852 1499 1901 Omphalae?

269 1927 478 1966 Thrasoni
500 1927 689 1966 dandum
707 1937 873 1965 censeo.
892 1927 998 1966 Vide
1017 1924 1316 1977 Scholiastam,
1337 1928 1408 1976 qui
1421 1928 1584 1967 confert
1596 1938 1660 1967 vs,
1675 1929 1698 1967 7
1705 1929 1773 1978 83,

210 2002 282 2041 ubi
323 2002 430 2041 item
471 2001 598 2040 miles
643 2001 693 2040 de
734 2012 781 2040 se
813 2012 974 2050 suoque
1005 2002 1141 2041 facto:
1179 2002 1321 2051 „idem
1353 2003 1434 2042 hoc
1465 2003 1553 2042 iarn
1585 2004 1775 2052 Pyrrhus

210 2077 468 2116 factitavit.”
496 2077 606 2115 Tum
633 2077 906 2115 Gnathonem
934 2077 1049 2116 clara
1074 2088 1179 2117 voce
1206 2078 1420 2117 dicentem
1446 2078 1579 2117 facio:
1607 2089 1775 2127 „exem-

210 2153 331 2201 plum
362 2153 543 2202 placet,’'
577 2152 815 2191 summissa
847 2153 994 2191 autem
1027 2163 1336 2201 aversumque:

388 2228 568 2267 Utinam
599 2227 678 2266 tibi
710 2228 1000 2276 commitigari
1030 2228 1202 2268 videam
1234 2230 1425 2268 sandalio
1458 2231 1597 2278 caput.

274 2303 421 2343 Subito
479 2313 504 2342 a
550 2303 710 2342 Thaide
769 2303 882 2342 fores
930 2305 1105 2352 crepant
1149 2304 1399 2353 prosilitque
1447 2304 1647 2344 Chaerea.
1696 2305 1777 2344 Hic
1835 2310 1839 2314 ”

217 2378 380 2418 Thraso
418 2389 485 2418 vs,
524 2379 674 2425 1029):

628 2454 764 2493 Perii:
797 2455 1009 2502 quid-hoc
1040 2457 1231 2494 autemst
1261 2456 1399 2495 mali?

214 2529 471 2568 Rectissime
515 2529 777 2568 Scholiasta:
824 2530 1043 2579 „Eunuchi
1084 2531 1233 2570 habitu
1269 2531 1343 2570 sed
1374 2531 1488 2570 virili
1521 2521 1790 2571 confidentia

214 2604 381 2652 prosilit
409 2603 607 2643 Chaerea
638 2606 681 2642 et
711 2604 897 2643 militem
928 2605 1048 2643 velut
1079 2606 1179 2645 novi
1209 2606 1357 2645 rivalis
1388 2608 1522 2645 terret
1557 2609 1775 2656 aspectu.”
