2034 3334
962 240 1046 286 10¹7

205 365 388 409 lectione
414 370 650 422 cunctaeque
676 369 770 422 (pro
798 365 1088 422 trepidumque)
1117 379 1248 421 quam
1274 379 1410 422 neque
1426 379 1505 422 ego
1524 364 1798 408 defenderim.

207 435 291 480 Sed
321 438 537 493 sequitur:

388 507 481 551 Iam
512 507 754 563 trepidum,
787 508 876 550 iam
908 507 1038 551 verba
1069 509 1213 550 minus
1244 506 1432 550 violenta
1462 506 1710 563 loquentem

388 578 480 621 Iam
511 593 556 621 se
588 578 884 629 damnantem,
917 579 1005 620 iam
1037 592 1080 621 se
1113 592 1305 634 peccasse
1335 578 1553 620 fatentem.

207 648 350 705 Ipsam
377 663 452 705 per
479 663 522 691 se
548 651 847 705 repetitionem
873 649 1073 703 trepidum
1091 674 1146 681 ——
1164 649 1245 690 iam
1270 649 1469 703 trepidum
1489 662 1572 691 non
1588 649 1798 705 improbo,

206 718 280 762 sed
311 733 441 775 quam
471 721 627 762 misere
658 721 726 762 vis
757 720 903 762 iterati
934 719 1014 760 iam
1044 720 1169 775 perit,
1202 720 1285 761 nisi
1317 733 1340 761 a
1371 720 1511 775 primo
1543 719 1624 760 iam
1650 720 1802 775 incipit

205 788 368 845 aliquid
412 790 526 845 quod
557 790 688 843 plane
730 804 869 831 novum
900 788 981 831 sit!
1014 789 1129 847 Ergo
1160 789 1351 832 nondum
1383 789 1534 832 dubito
1566 791 1669 846 quin
1700 804 1801 832 cum

206 859 447 916 Scheppero
472 860 704 917 leg-endum
728 862 784 903 sit
800 860 1053 916 fremituque
1078 860 1249 903 aliudve
1275 862 1319 902 in
1337 860 1513 903 eandem
1531 862 1800 903 sententiam.

882 1225 1019 1268 LIBER
1049 1225 1120 1268 IV.

271 1377 328 1421 53
392 1378 486 1421 Hoc
517 1377 678 1434 placet,
710 1379 833 1428 hanc,
868 1379 1070 1433 quoniam
1102 1377 1297 1434 vulgaris
1329 1377 1475 1420 fabula
1505 1392 1589 1420 non
1620 1381 1709 1428 est,

390 1448 566 1491 Talibus
598 1463 692 1491 orsa
723 1448 883 1501 modis,
916 1448 1014 1491 lana
1045 1462 1122 1491 sua
1153 1448 1224 1491 fila
1256 1452 1470 1505 sequente.

211 1519 282 1562 Sic
323 1519 549 1571 Heinsius,
592 1534 662 1562 me
701 1519 842 1562 iudice
886 1523 1021 1571 recte,
1066 1522 1178 1562 certe
1221 1519 1323 1562 ferri
1363 1522 1514 1562 neutra
1544 1518 1803 1561 traditorum

210 1589 447 1633 lectionum
488 1594 651 1646 potest:
695 1591 766 1631 hoc
801 1590 1060 1646 anaphoram
1093 1590 1288 1646 praebet,
1323 1604 1428 1645 quae
1460 1604 1545 1632 non
1576 1593 1639 1632 est
1672 1589 1803 1631 huius

206 1660 313 1711 loci,
356 1662 440 1702 nisi
480 1661 589 1703 forte
630 1660 836 1717 fingimus
873 1662 933 1703 sic
965 1661 1115 1703 referri
1147 1660 1421 1717 Minyeidum
1453 1660 1802 1711 acclamationes,

209 1731 321 1786 quod
362 1731 593 1774 absurdum
625 1736 711 1783 est,
750 1733 786 1773 si
817 1732 914 1773 haec
944 1731 1159 1788 legimus,
1192 1735 1288 1787 post
1320 1736 1377 1773 est
1407 1732 1617 1774 sententia
1649 1734 1713 1773 est
1743 1731 1804 1772 in-

208 1801 402 1851 cidenda,
451 1802 524 1844 sed
566 1806 661 1844 tum
702 1816 880 1858 sequens
922 1816 1072 1845 versus
1116 1801 1258 1858 aliqua
1301 1803 1598 1844 coniunctione
1630 1802 1799 1857 (igitur,

210 1875 330 1928 ergo)
362 1872 626 1928 praecedenti
656 1876 721 1916 est
749 1873 1048 1916 annectendus.

270 2037 326 2079 89
369 2037 546 2093 Semper
588 2038 705 2080 haesi
737 2039 782 2080 in
815 2039 898 2080 isto
930 2037 988 2079 ibi
1022 2027 1139 2079 arbo‘r
1170 2053 1300 2079 morus
1332 2042 1440 2088 crat,
1474 2040 1601 2093 atque
1632 2039 1803 2094 ingrata

208 2108 380 2151 videtur
427 2110 626 2163 repetitio
674 2109 840 2160 arboris,
891 2109 1024 2150 arbor.
1073 2109 1269 2151 Fortasse
1313 2108 1455 2150 locum
1497 2110 1542 2149 in
1582 2109 1803 2163 integrum

208 2180 400 2220 restituit
444 2178 676 2220 Ehwaldus
709 2180 768 2221 sic
798 2179 1163 2235 interpungendo:
1198 2180 1484 2232 (constituunt
1515 2178 1727 2234 Pyramus
1759 2181 1803 2220 et

214 2248 370 2291 Thisbe
402 2253 469 2301 ut)

394 2317 660 2362 Conveniant
691 2318 743 2361 ad
776 2319 900 2361 busta
932 2319 1036 2362 Nini
1066 2319 1311 2375 lateantque
1344 2319 1422 2361 sub
1455 2318 1607 2361 umbra

393 2389 594 2430 Arboris:
628 2389 750 2431 arbor
782 2388 843 2431 ibi
875 2390 1014 2432 niveis
1045 2389 1261 2431 uberrima
1292 2390 1432 2444 pomis

393 2458 555 2510 (Ardua
586 2472 732 2501 morus
765 2461 872 2511 erat)
904 2458 1049 2515 gelido
1083 2461 1345 2501 contermina
1376 2459 1496 2501 fonti.

213 2527 338 2572 Certe
369 2529 600 2571 admodum
632 2528 824 2585 lepidum
857 2528 988 2580 illud,
1024 2529 1176 2572 malim
1208 2533 1350 2572 tamen
1378 2532 1474 2585 post
1500 2544 1630 2571 morus
1656 2542 1801 2585 paren-

213 2599 354 2641 thesin
384 2598 591 2641 claudere.

277 2763 363 2806 122
390 2777 478 2819 sqq.
1022 2764 1176 2806 vitiato
1208 2763 1352 2806 fistula
1382 2764 1560 2820 plumbo

395 2833 614 2875 Scinditur
645 2835 688 2875 et
719 2833 839 2878 tenui
871 2832 1076 2875 stridente
1108 2833 1314 2876 foramine
1346 2833 1496 2890 longas

395 2902 646 2945 Eiaculatur
677 2916 821 2958 aquas.

217 2972 338 3015 Unde
368 2977 468 3015 nata
499 2974 555 3015 sit
586 2974 862 3028 antiquarum
894 2972 1132 3015 editionum
1163 2972 1314 3016 lectio:
