2034 3334
981 253 1040 297 22

213 375 473 434 Lagentium
514 376 739 420 commodo
772 350 995 420 consulens
1026 375 1245 427 versibus,
1278 377 1353 433 qui
1383 377 1468 434 ipsi
1499 390 1576 434 per
1606 390 1651 421 se
1683 374 1811 422 intel·

209 447 292 506 ligi
323 462 407 491 non
440 446 563 491 facile
593 449 779 504 possint,
814 448 1128 491 enarrationem
1160 460 1290 505 quam
1321 447 1624 493 brevissimam
1654 446 1810 492 addam

211 518 406 563 Iocorum
437 533 459 563 e
491 519 648 576 quibus
680 520 846 576 sumpti
878 522 993 562 sunt.

272 661 392 714 XIII,
427 662 516 705 450
548 661 791 719 (Polyxena
821 660 1023 705 laudatur
1054 665 1320 718 tamquam):

424 732 565 777 Fortis
597 737 640 776 et
671 731 822 775 infelix
854 736 898 775 et
929 730 1028 789 plus
1061 745 1191 789 quam
1222 732 1381 777 femina
1411 733 1550 790 virgo.

212 804 324 858 Quid
357 805 439 847 sibi
471 803 580 847 velit
610 807 734 860 poeta
766 807 983 860 utcunque
1013 802 1325 861 intelligimus:
1369 804 1523 862 „virgo
1555 802 1634 847 illa
1663 803 1811 848 fortio-

210 890 303 918 rem
333 889 464 932 quam
496 889 573 932 pro
606 875 764 918 femina
796 888 840 917 se
871 873 1133 931 praestitit.''
1165 873 1248 917 Sed
1279 875 1389 918 mire
1419 873 1626 931 quuitur.

275 945 363 990 466
381 960 442 1003 sq.
476 945 654 999 (Eadem
686 944 910 1004 Polyxena
941 944 1137 988 sacrificii
1167 946 1389 989 ministros
1419 949 1548 999 orat):

425 1016 491 1060 Ite
523 1016 694 1074 procul,
728 1018 766 1059 si
796 1018 913 1060 iusta
942 1019 1069 1073 peto,
1104 1019 1307 1073 tactuque
1339 1015 1488 1060 viriles

430 1086 632 1145 Virgineo
663 1091 883 1131 removete
914 1101 1082 1130 manus.

215 1157 491 1202 Proeliantur
537 1159 607 1201 hic
655 1160 771 1201 inter
819 1172 863 1201 se
909 1157 1138 1210 vocabula,
1187 1173 1271 1202 non
1318 1158 1465 1202 ordine
1511 1157 1812 1215 disponuntur.

213 1229 455 1272 Dicendum
487 1229 574 1272 fere
606 1233 720 1272 erat:
757 1228 935 1279 „viriles
962 1242 1116 1271 manus
1142 1243 1317 1286 corpore
1343 1230 1539 1287 virgineo
1565 1227 1813 1273 removete”

213 1299 283 1343 vel
317 1299 477 1351 „nolite
508 1299 709 1342 virilibus
741 1300 939 1343 manibus
972 1301 1221 1356 virgineum
1252 1314 1406 1357 eorpus
1438 1299 1659 1357 tangere''.
1699 1299 1814 1344 Nam

214 1373 311 1428 quis
342 1385 534 1427 unquam
566 1370 694 1414 verba
725 1385 833 1427 quae
863 1374 964 1413 sunt
995 1375 1124 1413 tactus
1155 1371 1358 1424 vir-qinom
1388 1372 1448 1414 sie
1480 1370 1673 1414 adhibite
1701 1369 1816 1416 vidit

218 1447 268 1485 ut
299 1443 354 1484 iis
386 1443 431 1484 τὸ
459 1441 653 1496 virqinem
686 1446 849 1494 tanqere
879 1439 1222 1498 significaretur?

278 1511 364 1555 552
396 1511 594 1565 (Hecuba
623 1512 799 1555 insidias
829 1514 960 1555 struit
990 1511 1312 1570 Polymestori),

427 1582 789 1639 Colloquiumque
819 1584 951 1639 petit:
984 1596 1085 1626 nam
1117 1597 1162 1625 se
1191 1586 1430 1626 monstrare
1462 1582 1662 1626 relictum

429 1652 548 1696 Velle
578 1653 716 1696 latens
747 1652 836 1704 illi,
869 1652 981 1709 quod
1013 1658 1112 1696 nato
1144 1653 1361 1705 redderet,
1393 1667 1563 1697 aurum.

217 1723 538 1767 Subobseurum
579 1728 622 1767 et
662 1725 737 1768 vix
780 1723 975 1767 ferendae
1011 1723 1194 1767 duritiae
1227 1729 1292 1767 est
1322 1723 1440 1767 istud
1471 1724 1653 1767 relictum
1684 1724 1815 1768 lame

217 1809 371 1837 aarum.

278 1864 366 1907 600
383 1878 472 1921 sqq.
515 1865 699 1916 (Aurora
741 1878 765 1907 a
807 1863 907 1907 Iove
949 1866 1060 1922 petit
1103 1869 1153 1908 ut
1184 1865 1460 1909 Memnonem
1494 1870 1719 1911 mortuum
1749 1868 1815 1911 in-

215 1936 330 1992 signi
362 1934 507 1991 aliquo
538 1935 692 1978 afficiat
723 1935 881 1978 honore
914 1940 958 1979 et
990 1937 1051 1979 sie
1081 1950 1210 1979 suum
1242 1936 1430 1980 dolorem
1462 1936 1635 1992 leniat):

427 2005 622 2062 Iuppiter
652 2005 871 2049 adnuerat.
904 2004 1016 2050 Cum
1048 2007 1292 2051 Memnonis
1324 2007 1482 2051 arduus
1515 2007 1602 2052 alto

427 2074 599 2119 Corruit
630 2078 732 2134 igne
765 2091 897 2134 rogus
931 2079 1131 2135 nigrique
1162 2077 1384 2121 volumina
1415 2079 1528 2122 fumi

426 2146 611 2190 Infecere
643 2147 782 2199 diem,
817 2147 957 2191 veluti
988 2163 1088 2192 oum
1120 2149 1300 2192 flumina
1330 2153 1452 2193 natas

427 2218 642 2261 Exhalant
673 2218 873 2271 nebulas,
906 2234 983 2263 nec
1009 2219 1074 2263 sol
1106 2220 1355 2264 admittitur
1385 2221 1508 2265 infra.

216 2286 489 2345 Comparatio
516 2291 597 2331 ista
624 2289 749 2345 plane
775 2304 1041 2346 supervacua
1068 2295 1155 2334 est:
1183 2296 1434 2335 narraturus
1459 2293 1574 2335 enim
1601 2295 1668 2336 est
1690 2294 1815 2349 poeta

219 2359 431 2415 quomodo
473 2359 643 2413 favilla,
689 2375 796 2417 quae
828 2362 878 2405 de
911 2362 1156 2405 Memnonis
1188 2377 1292 2420 rogo
1325 2365 1491 2421 surgit,
1523 2365 1568 2406 in
1599 2376 1726 2406 avem
1754 2363 1816 2406 sit

217 2444 427 2473 conversa.
469 2430 593 2474 Certe
626 2445 779 2487 parum
811 2437 876 2475 est
907 2433 1065 2475 diserta
1097 2447 1234 2489 neque
1266 2433 1407 2476 ullum
1438 2434 1539 2477 huie
1570 2433 1662 2477 Ioco
1694 2432 1815 2477 affert

216 2500 364 2542 decus:
394 2503 532 2543 omnis
559 2504 674 2544 enim
702 2503 847 2545 fumus
874 2503 952 2546 hoe
978 2503 1106 2546 habet
1130 2508 1180 2546 ut
1207 2503 1361 2547 similis
1389 2505 1446 2547 sit
1460 2506 1601 2548 cuivis
1617 2502 1812 2547 nebulae.

217 2570 272 2612 Et
313 2573 429 2613 omni
472 2578 585 2614 caret
629 2587 754 2616 sensu
797 2588 879 2616 vox
922 2588 961 2630 q.
996 2588 1031 2617 e.
1076 2578 1207 2617 natas.
1242 2574 1401 2617 'Potum
1432 2574 1550 2617 istud
1581 2574 1708 2616 veluti
1740 2603 1813 2619 ..-

219 2641 341 2697 infra
384 2644 472 2683 scin
516 2657 598 2697 quo
634 2643 757 2686 modo
789 2648 940 2687 natum
971 2643 1056 2687 sit?
1089 2645 1251 2688 Eodem
1281 2645 1408 2688 modo
1442 2659 1526 2702 quo
1560 2649 1650 2687 tam
1681 2642 1813 2687 multi

218 2725 368 2753 versus
411 2712 523 2768 apud
564 2713 819 2756 Horatium:
857 2729 1029 2758 versum
1061 2715 1336 2759 inchoaverat
1368 2719 1517 2772 poeta,
1550 2714 1812 2771 supplendus

215 2781 289 2823 ille
332 2787 435 2832 erat,
480 2783 832 2838 supplementum
876 2785 1014 2828 denuo
1058 2800 1222 2829 novum
1263 2800 1436 2829 versum
1467 2787 1632 2842 peperit
1662 2784 1810 2837 (Vide:

220 2851 270 2893 de
303 2851 481 2893 Horatio
515 2853 643 2895 Poeta
676 2869 716 2909 p.
753 2854 808 2896 33
827 2861 950 2911 sqq.).

282 2921 369 2963 720
402 2922 582 2973 (Aeneas
615 2926 791 2979 eiusque
823 2927 1043 2977 comites):

431 2991 631 3035 Proxima
661 2995 903 3037 Phaeacum
933 2994 1131 3038 felicibus
1162 2996 1301 3038 obsita
1330 2996 1470 3051 pomis
