2034 3334
1094 370 1148 413 50

370 499 595 542 auxilium.
625 496 690 540 De
720 496 859 540 Niobe
889 509 1044 553 poenas
1073 497 1257 552 sumpsit
1282 495 1449 552 Apollo.
1476 494 1600 551 (Non,
1626 494 1780 552 hercle,
1797 495 1869 538 hic

370 575 498 618 habet
529 574 646 631 quod
674 574 881 630 glorietur
912 573 1041 616 deus:
1075 573 1185 615 nihil
1217 573 1331 615 enim
1364 585 1557 628 unquam
1589 571 1691 615 fecit
1719 571 1870 615 crude·
1907 579 1910 584 '

370 652 455 694 lius
483 652 796 705 immaniusve).
827 649 999 704 Tityum
1032 650 1148 705 vicit,
1178 649 1338 692 Achilli
1367 648 1493 692 letale
1522 648 1670 692 intulit
1694 648 1870 707 vulnus.

372 728 457 771 Sed
503 727 610 784 quid
656 728 760 771 haec
805 728 950 770 omnia
990 726 1044 770 ad
1087 716 1238 769 urbem
1278 712 1459 769 Romam
1501 726 1681 782 eiusque
1709 724 1871 769 ferias?

372 804 565 847 Hoccine
604 803 808 860 ignoras?
839 802 961 845 Nihil
992 806 1135 846 tamen
1165 802 1384 846 intellectu
1414 803 1594 846 facilius.
1626 801 1872 859 Explieabit

371 884 515 937 poeta:
564 880 686 936 „Nisi
725 882 772 922 in
813 883 1003 936 tempore
1047 879 1270 944 cecidisset
1300 879 1504 936 Achilles,
1536 892 1623 922 non
1655 882 1872 936 superstes

303 983 305 989 π
371 958 525 1001 fuisset
568 957 774 1001 Troianae
818 957 928 1000 cladi
968 957 1149 1000 Aeneas.
1191 956 1382 999 Achilles
1411 957 1526 1000 enim
1556 955 1669 999 ferro
1701 959 1743 999 et
1772 957 1873 1012 igne

311 1042 315 1059 ³
372 1037 581 1078 vastasset
623 1035 778 1090 omnia,
818 1033 1076 1090 pepercisset
1107 1033 1282 1088 nemini,
1314 1046 1414 1075 cum
1445 1035 1580 1076 matre
1610 1033 1738 1075 etiam
1769 1043 1874 1089 pue-

373 1125 471 1154 rum
502 1111 694 1154 nondum
727 1115 876 1154 natum
906 1109 1229 1153 interfecisset.’'
1262 1110 1335 1152 An
1367 1123 1467 1166 ergo
1497 1109 1561 1152 illi
1593 1110 1670 1166 qui
1699 1110 1745 1152 in
1761 1120 1873 1165 equo

373 1187 554 1231 Troiano
594 1188 815 1231 latuerunt
855 1188 1017 1244 quique
1048 1187 1100 1230 ab
1131 1187 1218 1230 illis
1248 1188 1294 1229 in
1325 1187 1476 1230 urbem
1508 1190 1612 1231 sunt
1640 1186 1875 1230 introducti

373 1265 542 1309 Achille
597 1265 774 1309 fuerunt
829 1264 1158 1308 clementiores?
1204 1264 1408 1319 Achilles,
1453 1267 1502 1307 ut
1548 1265 1711 1320 opinor,
1757 1277 1782 1306 a
1827 1275 1874 1307 se

372 1343 598 1399 impetrare
637 1355 725 1385 non
767 1342 978 1398 potuisset
1018 1345 1067 1384 ut
1107 1341 1341 1395 Priamum,
1384 1354 1513 1396 quem
1555 1341 1656 1383 olim
1687 1340 1873 1397 hospitio

374 1420 623 1475 excepisset,
669 1419 715 1460 in
760 1419 972 1474 sanguine
1017 1417 1095 1460 filii
1142 1421 1353 1460 mactaret„
1399 1418 1458 1460 At
1497 1418 1636 1473 potuit
1678 1317 2034 1472 Pyrrhusi‘mj

374 1495 501 1538 filius.
547 1494 746 1550 Denique
791 1494 944 1538 ideone
985 1494 1156 1537 Aeneas
1198 1497 1414 1550 superstes
1443 1493 1527 1536 fuit
1561 1494 1677 1550 quod
1709 1507 1798 1536 non
1831 1484 1901 1536 vi*

376 1572 452 1616 sed
499 1572 597 1615 dolo
644 1571 749 1615 urbs
795 1574 916 1627 capta
957 1571 1052 1614 est?
1095 1570 1147 1613 Id
1187 1572 1302 1614 enim
1345 1571 1501 1614 diserte
1533 1570 1721 1614 declarat
1750 1573 1874 1627 poeta

376 1650 444 1692 his
475 1649 643 1692 verbis:

674 1740 755 1783 Ille
784 1753 871 1783 non
904 1740 1101 1783 inclusus
1132 1752 1242 1795 equo
1273 1739 1493 1783 Minervae

674 1816 802 1860 Sacra
833 1817 1009 1859 mentito
1041 1816 1151 1859 male
1182 1815 1354 1858 feriatos

672 1893 802 1936 Troas
834 1897 878 1936 et
906 1894 1059 1935 laetam
1092 1891 1255 1935 Priami
1285 1892 1451 1935 choreis

823 1969 1005 2012 Falleret
1039 1969 1195 2026 aulam,

676 2046 759 2090 Sed
789 2047 930 2103 palam
962 2046 1097 2102 captis
1129 2046 1285 2101 gravis,
1317 2045 1402 2088 heu
1429 2045 1560 2101 nefas,
1585 2045 1671 2088 heu

675 2123 853 2166 Nescios
882 2122 962 2165 fari
992 2135 1149 2178 pueros
1181 2122 1357 2165 Achivis

676 2200 830 2243 Ureret
858 2199 1055 2254 flammis,
1086 2199 1214 2242 etiam
1244 2199 1446 2242 latentem

827 2275 978 2319 Matris
1008 2276 1054 2318 in
1086 2275 1197 2318 alvo.

442 2387 501 2430 At
547 2387 652 2443 quid
698 2387 848 2430 attinet
889 2398 974 2441 quo
1015 2384 1142 2427 modo
1184 2388 1306 2441 capta
1338 2385 1394 2427 sit
1425 2384 1562 2427 urbs?
1597 2384 1731 2426 Post
1762 2384 1877 2426 enim

383 2463 533 2506 urbem
565 2466 730 2519 captam
762 2463 908 2505 miseri
936 2460 1083 2504 Troiae
1114 2461 1278 2503 incolae
1310 2461 1429 2503 caedi
1459 2464 1501 2504 et
1530 2459 1712 2503 interfici
1739 2459 1878 2516 coepti

384 2543 496 2582 sunt.
528 2539 587 2581 At
616 2539 724 2581 illud
754 2540 899 2595 ipsum
933 2537 1172 2592 „Achillem
1203 2537 1352 2579 cadere
1386 2549 1495 2592 opus
1529 2539 1618 2578 erat
1649 2538 1696 2578 ut
1727 2534 1873 2578 salvus

385 2628 478 2658 esse
532 2620 672 2670 posset
717 2613 911 2658 Aeneas‘'
960 2613 1175 2670 quomodo
1223 2614 1465 2656 enuntiavit
1509 2611 1664 2668 poeta?
1712 2612 1876 2654 Audia-

387 2704 485 2733 mus
515 2692 682 2746 ipsum:

683 2791 741 2834 Ni
770 2794 857 2835 tuis
886 2791 1027 2835 flexus
1058 2791 1326 2847 Venerisque
1353 2793 1498 2847 gratae

689 2868 877 2911 Vocibus
908 2869 1056 2911 divum
1086 2870 1206 2924 pater
1242 2868 1467 2910 annuisset

1912 1340 1939 1399 ,¹st
1945 1360 1995 1427 Γ),

1905 1470 1932 1506 λ’
1940 1470 2034 1511 fluam:
