2034 3334
1033 369 1116 411 176

323 498 365 537 et
411 494 484 537 alii
530 507 682 538 versus
715 494 958 551 complures
989 498 1032 538 et
1061 495 1105 538 hi
1138 507 1163 538 e
1192 496 1435 540 narratione
1463 496 1516 540 de
1546 496 1747 542 Procride
1776 499 1820 542 et

323 569 519 626 Cephalo,
552 570 711 626 quibus
743 571 907 614 Auram
941 570 1152 628 Cephalus
1183 571 1439 628 alloquitur:

501 712 934 723 ...........
965 683 1013 723 tu
1045 680 1152 724 mihi
1181 693 1338 737 magna
1369 681 1564 738 voluptas

500 789 931 800 ...........
961 760 1011 799 tu
1043 769 1112 800 me
1143 756 1371 814 reficisque
1405 757 1612 814 fovesque

498 832 563 875 Tu
593 833 699 876 facis
731 836 781 876 ut
811 833 955 888 silvas,
987 836 1037 876 ut
1067 846 1207 876 amem
1237 833 1329 876 loca
1359 833 1450 877 sola
1482 847 1663 892 meoque
1747 838 1749 841 ’

499 909 683 967 Spiritus
713 911 795 954 istc
826 913 930 954 tuus
961 923 1130 967 semper
1160 914 1355 967 captatur
1384 910 1439 954 ab
1471 923 1554 955 ore.

321 1043 585 1086 quamquam
616 1029 686 1072 hic
717 1042 772 1073 no
802 1043 940 1072 unum
975 1030 1150 1086 quidem
1183 1033 1248 1073 cst
1273 1029 1454 1073 verbum
1482 1029 1599 1087 quod
1613 1031 1660 1073 in
1676 1030 1822 1087 elegia,

321 1106 373 1150 de
421 1120 507 1163 qua
547 1107 728 1163 agimus,
767 1106 946 1162 legatur.
978 1106 1061 1149 Sed
1093 1107 1297 1162 quoniam
1332 1106 1391 1150 do
1417 1107 1655 1150 imitatione
1684 1105 1822 1150 Hora-

322 1183 449 1237 tiana,
492 1195 603 1238 quae
633 1182 748 1238 apud
781 1181 903 1224 Ovid.
934 1183 979 1224 in
1010 1182 1120 1225 Trist
1149 1182 1226 1234 IV,
1261 1183 1315 1225 10
1347 1186 1558 1238 cernatur,
1589 1182 1821 1226 admodum

321 1258 566 1302 dubitanter
610 1258 803 1315 loquitur
844 1258 1094 1315 Zingerleus
1136 1258 1217 1312 (bis
1254 1260 1370 1302 enim
1406 1258 1660 1303 Germanico
1689 1258 1821 1302 verbo

326 1334 583 1389 „scheinen”
629 1335 781 1388 utitur)
823 1335 929 1378 alios
971 1336 1228 1391 aspiciamus
1271 1333 1414 1378 Ovidii
1456 1335 1584 1391 locos,
1616 1336 1693 1392 qui
1723 1334 1822 1378 Zin-

322 1412 464 1468 gerleo
515 1411 660 1455 verbis
706 1425 761 1455 ex
808 1411 976 1455 Horatii
1022 1413 1211 1455 carmine
1258 1411 1334 1468 IV,
1382 1413 1408 1455 3
1455 1413 1639 1469 sumptis
1685 1412 1822 1456 ornati

322 1488 534 1531 videntur.

379 1564 586 1608 Horatius
617 1577 717 1621 ergo
750 1565 854 1607 haec
890 1564 1018 1607 habet

557 1674 711 1717 Totum
742 1674 934 1717 muneris
966 1673 1046 1716 hoc
1079 1674 1195 1728 tuist,

620 1750 744 1802 Quod
776 1754 990 1794 monstror
1021 1751 1152 1807 digito
1188 1752 1554 1806 praetereuntium

557 1827 775 1871 Romanae
806 1827 961 1870 fidicen
992 1827 1134 1881 lyrae;

619 1904 742 1956 Quod
775 1906 890 1961 spiro
922 1909 964 1948 et
993 1904 1151 1961 placeo,
1184 1906 1220 1947 si
1250 1904 1408 1960 placeo,
1439 1907 1617 1948 tuumst.

384 2022 472 2077 „Ea
503 2021 674 2065 omnia”
707 2021 955 2078 Zingerleus
987 2022 1046 2064 ait
1080 2022 1219 2078 „apud
1252 2021 1457 2064 Ovidium
1488 2023 1718 2064 recurrunt
1744 2033 1821 2078 per

319 2100 397 2144 hos
429 2099 538 2142 duos
570 2099 709 2142 divisa
739 2099 878 2142 locos:

379 2177 499 2219 Trist.
532 2176 566 2231 Ι,
598 2176 637 2231 6,
670 2176 719 2218 6:

497 2285 554 2329 Te
585 2299 680 2328 mea
711 2285 931 2341 supposita
962 2285 1096 2328 veluti
1127 2283 1247 2327 trabe
1277 2283 1387 2326 fulta
1417 2284 1606 2326 ruinast:

559 2362 604 2405 Si
636 2362 740 2418 quid
772 2361 913 2404 adhuc
942 2374 1020 2418 ego
1053 2374 1163 2416 sum,
1194 2361 1387 2403 muneris
1421 2371 1546 2402 omne
1578 2360 1688 2402 tuist

321 2482 362 2521 ct
393 2492 416 2522 e
447 2479 569 2522 Pont.
602 2479 678 2535 IV,
717 2479 784 2534 16,
815 2479 899 2520 28:

558 2588 809 2631 Pindaricae
840 2587 994 2630 fidicen
1027 2591 1074 2630 tu
1107 2599 1290 2643 quoque,
1321 2585 1445 2641 Rufe,
1480 2585 1612 2639 lyrae.

381 2703 575 2759 Difficile,
603 2706 754 2760 hercle,
783 2708 847 2748 est
872 2703 1021 2760 L'atine
1038 2703 1240 2747 scribenti
1256 2716 1305 2746 ea
1322 2704 1481 2746 evitare
1498 2701 1706 2745 vocabula
1722 2701 1818 2757 qui-

322 2780 403 2822 bus
431 2781 539 2823 alius
569 2782 742 2836 quidam
771 2794 878 2824 usus
905 2782 990 2823 iam
1012 2781 1080 2835 sit,
1097 2779 1314 2822 difficilius
1332 2780 1458 2822 etiam
1477 2791 1627 2821 versus
1642 2776 1816 2820 Latinos

322 2856 534 2899 scribenti.
564 2857 646 2899 Hic
663 2870 764 2900 vero
782 2859 819 2900 si
836 2870 965 2913 quam
983 2858 1172 2899 maxime
1188 2857 1391 2912 cupiisset
1408 2854 1588 2897 Ovidius
1605 2852 1817 2896 abstinere
