<?xml version="1.0" encoding="UTF-8"?>
<!DOCTYPE html PUBLIC "-//W3C//DTD XHTML 1.0 Transitional//EN"
    "http://www.w3.org/TR/xhtml1/DTD/xhtml1-transitional.dtd">
<html xmlns="http://www.w3.org/1999/xhtml" xml:lang="en" lang="en">
 <head>
  <title>
</title>
<meta http-equiv="Content-Type" content="text/html;charset=utf-8" />
  <meta name='ocr-system' content='tesseract 3.04.00' />
  <meta name='ocr-capabilities' content='ocr_page ocr_carea ocr_par ocr_line ocrx_word'/>
</head>
<body>
  <div class='ocr_page' id='page_1' title='image "./dehoratiopota00hartuoft_0011.png"; bbox 0 0 2034 3334; ppageno 0'>
   <div class='ocr_carea' id='block_1_1' title="bbox 0 1564 193 1629">
    <p class='ocr_par' dir='ltr' id='par_1_1' title="bbox 0 1564 193 1629">
     <span class='ocr_line' id='line_1_1' title="bbox 0 1564 193 1629; baseline 0.021 -12"><span class='ocrx_word' id='word_1_1' title='bbox 0 1564 73 1626; x_wconf 55' lang='grc' dir='ltr'><strong>ἰζ</strong></span> <span class='ocrx_word' id='word_1_2' title='bbox 89 1589 119 1629; x_wconf 66' lang='grc' dir='ltr'><strong>ε,</strong></span> <span class='ocrx_word' id='word_1_3' title='bbox 134 1574 193 1621; x_wconf 60' lang='lat'><strong>5⁸6</strong></span> 
     </span>
    </p>
   </div>
   <div class='ocr_carea' id='block_1_2' title="bbox 1007 390 1033 431">
    <p class='ocr_par' dir='ltr' id='par_1_2' title="bbox 1007 390 1033 431">
     <span class='ocr_line' id='line_1_2' title="bbox 1007 390 1033 431; baseline 0 0"><span class='ocrx_word' id='word_1_4' title='bbox 1007 390 1033 431; x_wconf 85' lang='lat'><strong>3</strong></span> 
     </span>
    </p>
   </div>
   <div class='ocr_carea' id='block_1_3' title="bbox 269 512 1768 1332">
    <p class='ocr_par' dir='ltr' id='par_1_3' title="bbox 269 512 1768 1332">
     <span class='ocr_line' id='line_1_3' title="bbox 328 512 1766 570; baseline 0 -14"><span class='ocrx_word' id='word_1_5' title='bbox 328 513 576 570; x_wconf 86' lang='lat' dir='ltr'><strong>Importuna</strong></span> <span class='ocrx_word' id='word_1_6' title='bbox 607 517 672 556; x_wconf 89' lang='lat' dir='ltr'><strong>est</strong></span> <span class='ocrx_word' id='word_1_7' title='bbox 702 514 869 557; x_wconf 88' lang='lat' dir='ltr'><strong>heredis</strong></span> <span class='ocrx_word' id='word_1_8' title='bbox 901 515 1074 557; x_wconf 88' lang='lat' dir='ltr'><strong>mentio.</strong></span> <span class='ocrx_word' id='word_1_9' title='bbox 1102 512 1323 570; x_wconf 85' lang='lat' dir='ltr'><strong>Quidquid</strong></span> <span class='ocrx_word' id='word_1_10' title='bbox 1351 514 1464 557; x_wconf 89' lang='lat' dir='ltr'><strong>enim</strong></span> <span class='ocrx_word' id='word_1_11' title='bbox 1492 514 1664 569; x_wconf 89' lang='lat' dir='ltr'><strong>amittis,</strong></span> <span class='ocrx_word' id='word_1_12' title='bbox 1690 514 1766 557; x_wconf 91' lang='lat' dir='ltr'><strong>eti-</strong></span> 
     </span>
     <span class='ocr_line' id='line_1_4' title="bbox 273 590 1766 646; baseline 0 -14"><span class='ocrx_word' id='word_1_13' title='bbox 273 592 380 633; x_wconf 88' lang='lat' dir='ltr'><strong>amsi</strong></span> <span class='ocrx_word' id='word_1_14' title='bbox 425 591 669 633; x_wconf 89' lang='lat' dir='ltr'><strong>tristissimo</strong></span> <span class='ocrx_word' id='word_1_15' title='bbox 714 590 822 633; x_wconf 89' lang='lat' dir='ltr'><strong>illud</strong></span> <span class='ocrx_word' id='word_1_16' title='bbox 863 593 1006 646; x_wconf 88' lang='lat' dir='ltr'><strong>pereat</strong></span> <span class='ocrx_word' id='word_1_17' title='bbox 1049 590 1188 645; x_wconf 92' lang='lat' dir='ltr'><strong>modo,</strong></span> <span class='ocrx_word' id='word_1_18' title='bbox 1228 590 1396 633; x_wconf 87' lang='lat' dir='ltr'><strong>heredis</strong></span> <span class='ocrx_word' id='word_1_19' title='bbox 1433 603 1588 633; x_wconf 88' lang='lat' dir='ltr'><strong>manus</strong></span> <span class='ocrx_word' id='word_1_20' title='bbox 1619 590 1766 633; x_wconf 83' lang='lat' dir='ltr'><strong>avidas</strong></span> 
     </span>
     <span class='ocr_line' id='line_1_5' title="bbox 271 666 1764 722; baseline 0.001 -14"><span class='ocrx_word' id='word_1_21' title='bbox 271 666 426 722; x_wconf 86' lang='lat' dir='ltr'><strong>effugit.</strong></span> <span class='ocrx_word' id='word_1_22' title='bbox 469 666 514 709; x_wconf 86' lang='lat' dir='ltr'><strong>Si</strong></span> <span class='ocrx_word' id='word_1_23' title='bbox 554 666 728 709; x_wconf 88' lang='lat' dir='ltr'><strong>futurus</strong></span> <span class='ocrx_word' id='word_1_24' title='bbox 759 667 927 709; x_wconf 91' lang='lat' dir='ltr'><strong>heredis</strong></span> <span class='ocrx_word' id='word_1_25' title='bbox 959 666 1080 709; x_wconf 90' lang='lat' dir='ltr'><strong>dolor</strong></span> <span class='ocrx_word' id='word_1_26' title='bbox 1113 679 1280 722; x_wconf 86' lang='lat' dir='ltr'><strong>semper</strong></span> <span class='ocrx_word' id='word_1_27' title='bbox 1311 669 1375 709; x_wconf 91' lang='lat' dir='ltr'><strong>est</strong></span> <span class='ocrx_word' id='word_1_28' title='bbox 1409 679 1540 709; x_wconf 87' lang='lat' dir='ltr'><strong>causa</strong></span> <span class='ocrx_word' id='word_1_29' title='bbox 1567 666 1764 721; x_wconf 87' lang='lat' dir='ltr'><strong>laetitiae,</strong></span> 
     </span>
     <span class='ocr_line' id='line_1_6' title="bbox 269 742 1767 798; baseline 0 -13"><span class='ocrx_word' id='word_1_30' title='bbox 269 742 457 798; x_wconf 81' lang='lat' dir='ltr'><strong>gaudeas</strong></span> <span class='ocrx_word' id='word_1_31' title='bbox 497 745 661 798; x_wconf 81' lang='lat' dir='ltr'>oportet</span> <span class='ocrx_word' id='word_1_32' title='bbox 702 744 739 785; x_wconf 89' lang='lat' dir='ltr'><strong>si</strong></span> <span class='ocrx_word' id='word_1_33' title='bbox 779 742 881 785; x_wconf 88' lang='lat' dir='ltr'><strong>ludo</strong></span> <span class='ocrx_word' id='word_1_34' title='bbox 917 755 1116 798; x_wconf 90' lang='lat' dir='ltr'><strong>magnam</strong></span> <span class='ocrx_word' id='word_1_35' title='bbox 1147 743 1374 798; x_wconf 89' lang='lat' dir='ltr'><strong>pecuniam</strong></span> <span class='ocrx_word' id='word_1_36' title='bbox 1405 743 1597 785; x_wconf 88' lang='lat' dir='ltr'><strong>amiseris</strong></span> <span class='ocrx_word' id='word_1_37' title='bbox 1629 742 1767 785; x_wconf 82' lang='lat' dir='ltr'><strong>aliave</strong></span> 
     </span>
     <span class='ocr_line' id='line_1_7' title="bbox 269 818 1766 875; baseline 0.001 -15"><span class='ocrx_word' id='word_1_38' title='bbox 269 819 462 874; x_wconf 83' lang='lat' dir='ltr'><strong>nequitia</strong></span> <span class='ocrx_word' id='word_1_39' title='bbox 506 818 769 875; x_wconf 89' lang='lat' dir='ltr'><strong>profuderis;</strong></span> <span class='ocrx_word' id='word_1_40' title='bbox 814 819 972 875; x_wconf 82' lang='lat' dir='ltr'><strong>gratias</strong></span> <span class='ocrx_word' id='word_1_41' title='bbox 1019 818 1176 861; x_wconf 83' lang='lat' dir='ltr'><strong>habeas</strong></span> <span class='ocrx_word' id='word_1_42' title='bbox 1221 818 1459 861; x_wconf 83' lang='lat' dir='ltr'><strong>latronibus</strong></span> <span class='ocrx_word' id='word_1_43' title='bbox 1504 819 1578 874; x_wconf 93' lang='lat' dir='ltr'><strong>qui</strong></span> <span class='ocrx_word' id='word_1_44' title='bbox 1619 818 1766 861; x_wconf 84' lang='lat' dir='ltr'><strong>villam</strong></span> 
     </span>
     <span class='ocr_line' id='line_1_8' title="bbox 270 895 1767 951; baseline 0.001 -14"><span class='ocrx_word' id='word_1_45' title='bbox 270 898 387 938; x_wconf 87' lang='lat' dir='ltr'><strong>tuam</strong></span> <span class='ocrx_word' id='word_1_46' title='bbox 421 895 755 950; x_wconf 89' lang='lat' dir='ltr'><strong>compilaverint,</strong></span> <span class='ocrx_word' id='word_1_47' title='bbox 786 895 1066 950; x_wconf 83' lang='lat' dir='ltr'><strong>incenderint,</strong></span> <span class='ocrx_word' id='word_1_48' title='bbox 1099 895 1188 938; x_wconf 90' lang='lat' dir='ltr'><strong>solo</strong></span> <span class='ocrx_word' id='word_1_49' title='bbox 1216 896 1462 951; x_wconf 82' lang='lat' dir='ltr'><strong>aequarint3</strong></span> <span class='ocrx_word' id='word_1_50' title='bbox 1480 896 1593 937; x_wconf 90' lang='lat' dir='ltr'><strong>inter</strong></span> <span class='ocrx_word' id='word_1_51' title='bbox 1608 896 1767 938; x_wconf 88' lang='lat' dir='ltr'><strong>amicos</strong></span> 
     </span>
     <span class='ocr_line' id='line_1_9' title="bbox 272 971 1768 1027; baseline 0.001 -14"><span class='ocrx_word' id='word_1_52' title='bbox 272 974 369 1014; x_wconf 89' lang='lat' dir='ltr'><strong>tuos</strong></span> <span class='ocrx_word' id='word_1_53' title='bbox 399 984 599 1014; x_wconf 90' lang='lat' dir='ltr'><strong>numeres</strong></span> <span class='ocrx_word' id='word_1_54' title='bbox 631 975 862 1026; x_wconf 84' lang='lat' dir='ltr'><strong>tyrannum</strong></span> <span class='ocrx_word' id='word_1_55' title='bbox 893 971 962 1014; x_wconf 88' lang='lat' dir='ltr'><strong>vel</strong></span> <span class='ocrx_word' id='word_1_56' title='bbox 993 972 1276 1027; x_wconf 87' lang='lat' dir='ltr'><strong>demagogum</strong></span> <span class='ocrx_word' id='word_1_57' title='bbox 1309 972 1384 1027; x_wconf 90' lang='lat' dir='ltr'><strong>qui</strong></span> <span class='ocrx_word' id='word_1_58' title='bbox 1414 974 1456 1014; x_wconf 89' lang='lat' dir='ltr'><strong>te</strong></span> <span class='ocrx_word' id='word_1_59' title='bbox 1488 972 1687 1014; x_wconf 89' lang='lat' dir='ltr'><strong>maiorem</strong></span> <span class='ocrx_word' id='word_1_60' title='bbox 1706 973 1768 1015; x_wconf 88' lang='lat' dir='ltr'><strong>rei</strong></span> 
     </span>
     <span class='ocr_line' id='line_1_10' title="bbox 270 1046 1765 1104; baseline 0.002 -16"><span class='ocrx_word' id='word_1_61' title='bbox 270 1046 489 1090; x_wconf 84' lang='lat' dir='ltr'><strong>familiaris</strong></span> <span class='ocrx_word' id='word_1_62' title='bbox 521 1051 619 1090; x_wconf 88' lang='lat' dir='ltr'><strong>tuae</strong></span> <span class='ocrx_word' id='word_1_63' title='bbox 649 1051 810 1103; x_wconf 86' lang='lat' dir='ltr'><strong>partem</strong></span> <span class='ocrx_word' id='word_1_64' title='bbox 842 1048 1062 1104; x_wconf 86' lang='lat' dir='ltr'><strong>vectigalis</strong></span> <span class='ocrx_word' id='word_1_65' title='bbox 1090 1049 1264 1091; x_wconf 89' lang='lat' dir='ltr'><strong>nomine</strong></span> <span class='ocrx_word' id='word_1_66' title='bbox 1280 1049 1326 1090; x_wconf 93' lang='lat' dir='ltr'><strong>in</strong></span> <span class='ocrx_word' id='word_1_67' title='bbox 1343 1049 1554 1091; x_wconf 88' lang='lat' dir='ltr'><strong>aerarium</strong></span> <span class='ocrx_word' id='word_1_68' title='bbox 1573 1048 1765 1091; x_wconf 88' lang='lat' dir='ltr'><strong>conferre</strong></span> 
     </span>
     <span class='ocr_line' id='line_1_11' title="bbox 272 1123 1766 1181; baseline 0.001 -16"><span class='ocrx_word' id='word_1_69' title='bbox 272 1124 466 1180; x_wconf 71' lang='lat' dir='ltr'><strong>coegerit.</strong></span> <span class='ocrx_word' id='word_1_70' title='bbox 497 1123 720 1167; x_wconf 80' lang='lat' dir='ltr'><strong>Praeclara</strong></span> <span class='ocrx_word' id='word_1_71' title='bbox 749 1136 850 1166; x_wconf 83' lang='lat' dir='ltr'><strong>vero</strong></span> <span class='ocrx_word' id='word_1_72' title='bbox 881 1127 945 1166; x_wconf 88' lang='lat' dir='ltr'><strong>est</strong></span> <span class='ocrx_word' id='word_1_73' title='bbox 976 1125 1197 1179; x_wconf 89' lang='lat' dir='ltr'><strong>sententia,</strong></span> <span class='ocrx_word' id='word_1_74' title='bbox 1232 1137 1361 1180; x_wconf 91' lang='lat' dir='ltr'><strong>quam</strong></span> <span class='ocrx_word' id='word_1_75' title='bbox 1389 1127 1620 1181; x_wconf 86' lang='lat' dir='ltr'><strong>praeeunte</strong></span> <span class='ocrx_word' id='word_1_76' title='bbox 1636 1124 1766 1167; x_wconf 91' lang='lat' dir='ltr'><strong>Wad-</strong></span> 
     </span>
     <span class='ocr_line' id='line_1_12' title="bbox 273 1199 1766 1257; baseline 0.002 -16"><span class='ocrx_word' id='word_1_77' title='bbox 273 1199 383 1242; x_wconf 91' lang='lat' dir='ltr'><strong>delio</strong></span> <span class='ocrx_word' id='word_1_78' title='bbox 430 1202 472 1242; x_wconf 88' lang='lat' dir='ltr'><strong>et</strong></span> <span class='ocrx_word' id='word_1_79' title='bbox 518 1200 748 1242; x_wconf 88' lang='lat' dir='ltr'><strong>adiuvante</strong></span> <span class='ocrx_word' id='word_1_80' title='bbox 793 1200 1065 1255; x_wconf 89' lang='lat' dir='ltr'><strong>aliquatenus</strong></span> <span class='ocrx_word' id='word_1_81' title='bbox 1119 1200 1327 1244; x_wconf 88' lang='lat' dir='ltr'><strong>librorum</strong></span> <span class='ocrx_word' id='word_1_82' title='bbox 1375 1202 1766 1257; x_wconf 86' lang='lat' dir='ltr'><strong>manuscriptorum</strong></span> 
     </span>
     <span class='ocr_line' id='line_1_13' title="bbox 275 1275 1308 1332; baseline 0.002 -15"><span class='ocrx_word' id='word_1_83' title='bbox 275 1276 524 1318; x_wconf 89' lang='lat' dir='ltr'><strong>auctoritate</strong></span> <span class='ocrx_word' id='word_1_84' title='bbox 555 1275 635 1318; x_wconf 92' lang='lat' dir='ltr'><strong>hoc</strong></span> <span class='ocrx_word' id='word_1_85' title='bbox 665 1275 758 1317; x_wconf 94' lang='grc'>1000</span> <span class='ocrx_word' id='word_1_86' title='bbox 789 1277 934 1331; x_wconf 87' lang='lat' dir='ltr'><strong>posuit</strong></span> <span class='ocrx_word' id='word_1_87' title='bbox 965 1275 1308 1332; x_wconf 85' lang='lat' dir='ltr'><strong>Peerlkampius:</strong></span> 
     </span>
    </p>
   </div>
   <div class='ocr_carea' id='block_1_4' title="bbox 448 1383 1588 1512">
    <p class='ocr_par' dir='ltr' id='par_1_4' title="bbox 448 1383 1588 1512">
     <span class='ocr_line' id='line_1_14' title="bbox 448 1383 1588 1442; baseline 0.002 -16"><span class='ocrx_word' id='word_1_88' title='bbox 448 1383 610 1427; x_wconf 85' lang='lat' dir='ltr'><strong>Cuncta</strong></span> <span class='ocrx_word' id='word_1_89' title='bbox 639 1397 793 1428; x_wconf 88' lang='lat' dir='ltr'><strong>manus</strong></span> <span class='ocrx_word' id='word_1_90' title='bbox 826 1385 972 1427; x_wconf 88' lang='lat' dir='ltr'><strong>avidas</strong></span> <span class='ocrx_word' id='word_1_91' title='bbox 1003 1385 1200 1442; x_wconf 83' lang='lat' dir='ltr'><strong>fugiunt3</strong></span> <span class='ocrx_word' id='word_1_92' title='bbox 1233 1385 1422 1429; x_wconf 88' lang='lat' dir='ltr'><strong>haerebit</strong></span> <span class='ocrx_word' id='word_1_93' title='bbox 1452 1387 1588 1429; x_wconf 88' lang='lat' dir='ltr'><strong>amico</strong></span> 
     </span>
     <span class='ocr_line' id='line_1_15' title="bbox 742 1459 1249 1512; baseline 0.006 -10"><span class='ocrx_word' id='word_1_94' title='bbox 742 1459 865 1512; x_wconf 82' lang='lat' dir='ltr'><strong>Quod</strong></span> <span class='ocrx_word' id='word_1_95' title='bbox 897 1461 1063 1505; x_wconf 86' lang='lat' dir='ltr'><strong>dederis</strong></span> <span class='ocrx_word' id='word_1_96' title='bbox 1095 1463 1249 1505; x_wconf 84' lang='lat' dir='ltr'><strong>animo.</strong></span> 
     </span>
    </p>
   </div>
   <div class='ocr_carea' id='block_1_5' title="bbox 270 1569 1766 1855">
    <p class='ocr_par' dir='ltr' id='par_1_5' title="bbox 270 1569 1766 1855">
     <span class='ocr_line' id='line_1_16' title="bbox 270 1569 1766 1627; baseline 0.002 -16"><span class='ocrx_word' id='word_1_97' title='bbox 270 1570 295 1610; x_wconf 92' lang='lat' dir='ltr'><strong>i.</strong></span> <span class='ocrx_word' id='word_1_98' title='bbox 329 1581 362 1611; x_wconf 85' lang='lat' dir='ltr'><strong>e.</strong></span> <span class='ocrx_word' id='word_1_99' title='bbox 405 1583 559 1627; x_wconf 57' lang='lat' dir='ltr'><strong>agarus</strong></span> <span class='ocrx_word' id='word_1_100' title='bbox 594 1569 878 1625; x_wconf 89' lang='lat' dir='ltr'><strong>sordidusque</strong></span> <span class='ocrx_word' id='word_1_101' title='bbox 909 1583 1075 1627; x_wconf 85' lang='lat' dir='ltr'><strong>semper</strong></span> <span class='ocrx_word' id='word_1_102' title='bbox 1106 1574 1223 1627; x_wconf 82' lang='lat' dir='ltr'><strong>eget3</strong></span> <span class='ocrx_word' id='word_1_103' title='bbox 1256 1572 1301 1614; x_wconf 89' lang='lat' dir='ltr'><strong>id</strong></span> <span class='ocrx_word' id='word_1_104' title='bbox 1333 1571 1505 1614; x_wconf 91' lang='lat' dir='ltr'><strong>demum</strong></span> <span class='ocrx_word' id='word_1_105' title='bbox 1538 1574 1662 1614; x_wconf 91' lang='lat' dir='ltr'><strong>tuum</strong></span> <span class='ocrx_word' id='word_1_106' title='bbox 1694 1585 1766 1627; x_wconf 90' lang='lat' dir='ltr'><strong>ap-</strong></span> 
     </span>
     <span class='ocr_line' id='line_1_17' title="bbox 271 1646 1764 1704; baseline 0.002 -16"><span class='ocrx_word' id='word_1_107' title='bbox 271 1646 428 1701; x_wconf 90' lang='lat' dir='ltr'><strong>pellare</strong></span> <span class='ocrx_word' id='word_1_108' title='bbox 457 1650 578 1702; x_wconf 88' lang='lat' dir='ltr'><strong>potes</strong></span> <span class='ocrx_word' id='word_1_109' title='bbox 611 1646 725 1702; x_wconf 92' lang='lat' dir='ltr'><strong>quod</strong></span> <span class='ocrx_word' id='word_1_110' title='bbox 755 1648 882 1702; x_wconf 88' lang='lat' dir='ltr'><strong>genio</strong></span> <span class='ocrx_word' id='word_1_111' title='bbox 913 1650 988 1689; x_wconf 92' lang='lat' dir='ltr'><strong>tuo</strong></span> <span class='ocrx_word' id='word_1_112' title='bbox 1019 1647 1274 1700; x_wconf 84' lang='lat' dir='ltr'><strong>indulseris3</strong></span> <span class='ocrx_word' id='word_1_113' title='bbox 1303 1649 1340 1690; x_wconf 91' lang='lat' dir='ltr'><strong>si</strong></span> <span class='ocrx_word' id='word_1_114' title='bbox 1365 1648 1409 1690; x_wconf 91' lang='lat' dir='ltr'><strong>in</strong></span> <span class='ocrx_word' id='word_1_115' title='bbox 1427 1649 1593 1704; x_wconf 87' lang='lat' dir='ltr'><strong>magnis</strong></span> <span class='ocrx_word' id='word_1_116' title='bbox 1611 1647 1764 1704; x_wconf 89' lang='lat' dir='ltr'><strong>opibus</strong></span> 
     </span>
     <span class='ocr_line' id='line_1_18' title="bbox 271 1722 1765 1779; baseline 0.002 -15"><span class='ocrx_word' id='word_1_117' title='bbox 271 1725 394 1765; x_wconf 90' lang='lat' dir='ltr'><strong>tuum</strong></span> <span class='ocrx_word' id='word_1_118' title='bbox 443 1722 641 1765; x_wconf 70' lang='lat' dir='ltr'><strong>detrudas</strong></span> <span class='ocrx_word' id='word_1_119' title='bbox 686 1723 873 1778; x_wconf 87' lang='lat' dir='ltr'><strong>genium,</strong></span> <span class='ocrx_word' id='word_1_120' title='bbox 920 1727 994 1766; x_wconf 86' lang='lat' dir='ltr'><strong>tua</strong></span> <span class='ocrx_word' id='word_1_121' title='bbox 1033 1724 1186 1779; x_wconf 87' lang='lat' dir='ltr'><strong>perdis,</strong></span> <span class='ocrx_word' id='word_1_122' title='bbox 1217 1724 1355 1766; x_wconf 88' lang='lat' dir='ltr'><strong>aliena</strong></span> <span class='ocrx_word' id='word_1_123' title='bbox 1386 1737 1542 1767; x_wconf 88' lang='lat' dir='ltr'><strong>servas.</strong></span> <span class='ocrx_word' id='word_1_124' title='bbox 1574 1723 1670 1767; x_wconf 89' lang='lat' dir='ltr'><strong>Hoc</strong></span> <span class='ocrx_word' id='word_1_125' title='bbox 1701 1728 1765 1767; x_wconf 90' lang='lat' dir='ltr'><strong>est</strong></span> 
     </span>
     <span class='ocr_line' id='line_1_19' title="bbox 270 1798 1761 1855; baseline 0.002 -15"><span class='ocrx_word' id='word_1_126' title='bbox 270 1798 385 1853; x_wconf 91' lang='lat' dir='ltr'><strong>quod</strong></span> <span class='ocrx_word' id='word_1_127' title='bbox 431 1798 543 1853; x_wconf 88' lang='lat' dir='ltr'><strong>alibi,</strong></span> <span class='ocrx_word' id='word_1_128' title='bbox 589 1802 701 1841; x_wconf 92' lang='lat' dir='ltr'><strong>recte</strong></span> <span class='ocrx_word' id='word_1_129' title='bbox 743 1799 930 1842; x_wconf 87' lang='lat' dir='ltr'><strong>adhibita</strong></span> <span class='ocrx_word' id='word_1_130' title='bbox 960 1800 1127 1843; x_wconf 90' lang='lat' dir='ltr'><strong>heredis</strong></span> <span class='ocrx_word' id='word_1_131' title='bbox 1159 1801 1387 1855; x_wconf 88' lang='lat' dir='ltr'><strong>mentione,</strong></span> <span class='ocrx_word' id='word_1_132' title='bbox 1421 1800 1523 1843; x_wconf 87' lang='lat' dir='ltr'><strong>dicit</strong></span> <span class='ocrx_word' id='word_1_133' title='bbox 1553 1800 1761 1844; x_wconf 80' lang='lat' dir='ltr'><strong>Horatius</strong></span> 
     </span>
    </p>
   </div>
   <div class='ocr_carea' id='block_1_6' title="bbox 270 1874 662 1931">
    <p class='ocr_par' dir='ltr' id='par_1_6' title="bbox 270 1874 662 1931">
     <span class='ocr_line' id='line_1_20' title="bbox 270 1874 662 1931; baseline 0.003 -16"><span class='ocrx_word' id='word_1_134' title='bbox 270 1874 341 1929; x_wconf 91' lang='lat' dir='ltr'><strong>(II,</strong></span> <span class='ocrx_word' id='word_1_135' title='bbox 374 1875 440 1929; x_wconf 87' lang='lat'><strong>14,</strong></span> <span class='ocrx_word' id='word_1_136' title='bbox 472 1876 527 1916; x_wconf 84' lang='lat'><strong>25</strong></span> <span class='ocrx_word' id='word_1_137' title='bbox 560 1876 662 1931; x_wconf 88' lang='lat' dir='ltr'><strong>sq.):</strong></span> 
     </span>
    </p>
   </div>
   <div class='ocr_carea' id='block_1_7' title="bbox 624 1948 1415 2095">
    <p class='ocr_par' dir='ltr' id='par_1_7' title="bbox 624 1948 1415 2095">
     <span class='ocr_line' id='line_1_21' title="bbox 624 1948 1415 2032; baseline 0.001 -15"><span class='ocrx_word' id='word_1_138' title='bbox 624 1975 836 2018; x_wconf 89' lang='lat' dir='ltr'><strong>Absumet</strong></span> <span class='ocrx_word' id='word_1_139' title='bbox 866 1975 989 2018; x_wconf 89' lang='lat' dir='ltr'><strong>heres</strong></span> <span class='ocrx_word' id='word_1_140' title='bbox 1022 1975 1217 2018; x_wconf 82' lang='lat' dir='ltr'><strong>Caecuba</strong></span> <span class='ocrx_word' id='word_1_141' title='bbox 1249 1948 1415 2032; x_wconf 83' lang='lat' dir='ltr'><strong>dignior</strong></span> 
     </span>
     <span class='ocr_line' id='line_1_22' title="bbox 629 2050 1245 2095; baseline -0.002 -1"><span class='ocrx_word' id='word_1_142' title='bbox 629 2050 804 2094; x_wconf 86' lang='lat' dir='ltr'><strong>Servata</strong></span> <span class='ocrx_word' id='word_1_143' title='bbox 834 2055 1007 2094; x_wconf 89' lang='lat' dir='ltr'><strong>centum</strong></span> <span class='ocrx_word' id='word_1_144' title='bbox 1041 2052 1245 2095; x_wconf 86' lang='lat' dir='ltr'><strong>clavibus.</strong></span> 
     </span>
    </p>
   </div>
   <div class='ocr_carea' id='block_1_8' title="bbox 274 2157 1641 2445">
    <p class='ocr_par' dir='ltr' id='par_1_8' title="bbox 274 2157 1641 2445">
     <span class='ocr_line' id='line_1_23' title="bbox 274 2157 1379 2212; baseline 0.005 -13"><span class='ocrx_word' id='word_1_145' title='bbox 274 2157 505 2212; x_wconf 89' lang='lat'><strong>1,6,1—4.</strong></span> <span class='ocrx_word' id='word_1_146' title='bbox 566 2159 770 2202; x_wconf 84' lang='lat' dir='ltr'><strong>Scriberis</strong></span> <span class='ocrx_word' id='word_1_147' title='bbox 802 2159 932 2202; x_wconf 89' lang='lat' dir='ltr'><strong>Vario</strong></span> <span class='ocrx_word' id='word_1_148' title='bbox 963 2160 1086 2203; x_wconf 83' lang='lat' dir='ltr'><strong>fortis</strong></span> <span class='ocrx_word' id='word_1_149' title='bbox 1121 2164 1162 2203; x_wconf 92' lang='lat' dir='ltr'><strong>et</strong></span> <span class='ocrx_word' id='word_1_150' title='bbox 1192 2162 1379 2204; x_wconf 90' lang='lat' dir='ltr'><strong>hostium</strong></span> 
     </span>
     <span class='ocr_line' id='line_1_24' title="bbox 567 2235 1305 2292; baseline 0.004 -15"><span class='ocrx_word' id='word_1_151' title='bbox 567 2235 724 2291; x_wconf 84' lang='lat' dir='ltr'><strong>Victor,</strong></span> <span class='ocrx_word' id='word_1_152' title='bbox 753 2236 938 2280; x_wconf 88' lang='lat' dir='ltr'><strong>Maeonii</strong></span> <span class='ocrx_word' id='word_1_153' title='bbox 970 2239 1172 2280; x_wconf 88' lang='lat' dir='ltr'><strong>carminis</strong></span> <span class='ocrx_word' id='word_1_154' title='bbox 1204 2238 1305 2292; x_wconf 90' lang='lat' dir='ltr'><strong>aliti,</strong></span> 
     </span>
     <span class='ocr_line' id='line_1_25' title="bbox 569 2310 1641 2369; baseline 0.002 -15"><span class='ocrx_word' id='word_1_155' title='bbox 569 2310 704 2361; x_wconf 80' lang='lat' dir='ltr'><strong>Quam</strong></span> <span class='ocrx_word' id='word_1_156' title='bbox 729 2325 817 2355; x_wconf 89' lang='lat' dir='ltr'><strong>rem</strong></span> <span class='ocrx_word' id='word_1_157' title='bbox 847 2326 1032 2368; x_wconf 92' lang='lat' dir='ltr'><strong>cumque</strong></span> <span class='ocrx_word' id='word_1_158' title='bbox 1058 2313 1179 2356; x_wconf 84' lang='lat' dir='ltr'><strong>ferox</strong></span> <span class='ocrx_word' id='word_1_159' title='bbox 1206 2313 1390 2357; x_wconf 85' lang='lat' dir='ltr'><strong>navibus</strong></span> <span class='ocrx_word' id='word_1_160' title='bbox 1418 2316 1493 2356; x_wconf 88' lang='lat' dir='ltr'><strong>aut</strong></span> <span class='ocrx_word' id='word_1_161' title='bbox 1519 2315 1641 2369; x_wconf 90' lang='lat' dir='ltr'><strong>equis</strong></span> 
     </span>
     <span class='ocr_line' id='line_1_26' title="bbox 684 2387 1240 2445; baseline 0.004 -16"><span class='ocrx_word' id='word_1_162' title='bbox 684 2387 807 2430; x_wconf 86' lang='lat' dir='ltr'><strong>Miles</strong></span> <span class='ocrx_word' id='word_1_163' title='bbox 838 2391 880 2431; x_wconf 92' lang='lat' dir='ltr'><strong>te</strong></span> <span class='ocrx_word' id='word_1_164' title='bbox 912 2389 1019 2431; x_wconf 89' lang='lat' dir='ltr'><strong>duce</strong></span> <span class='ocrx_word' id='word_1_165' title='bbox 1050 2390 1240 2445; x_wconf 88' lang='lat' dir='ltr'><strong>gesserit.</strong></span> 
     </span>
    </p>
   </div>
   <div class='ocr_carea' id='block_1_9' title="bbox 271 2494 1766 2933">
    <p class='ocr_par' dir='ltr' id='par_1_9' title="bbox 271 2494 1766 2933">
     <span class='ocr_line' id='line_1_27' title="bbox 331 2494 1766 2554; baseline 0.003 -18"><span class='ocrx_word' id='word_1_166' title='bbox 331 2494 470 2537; x_wconf 87' lang='lat' dir='ltr'><strong>Nimis</strong></span> <span class='ocrx_word' id='word_1_167' title='bbox 498 2508 652 2550; x_wconf 86' lang='lat' dir='ltr'><strong>magna</strong></span> <span class='ocrx_word' id='word_1_168' title='bbox 679 2495 730 2538; x_wconf 91' lang='lat' dir='ltr'><strong>de</strong></span> <span class='ocrx_word' id='word_1_169' title='bbox 756 2497 969 2553; x_wconf 88' lang='lat' dir='ltr'><strong>Agrippae</strong></span> <span class='ocrx_word' id='word_1_170' title='bbox 995 2497 1198 2540; x_wconf 91' lang='lat' dir='ltr'><strong>laudibus</strong></span> <span class='ocrx_word' id='word_1_171' title='bbox 1223 2511 1321 2553; x_wconf 90' lang='lat' dir='ltr'><strong>pars</strong></span> <span class='ocrx_word' id='word_1_172' title='bbox 1350 2498 1534 2553; x_wconf 83' lang='lat' dir='ltr'><strong>decedet,</strong></span> <span class='ocrx_word' id='word_1_173' title='bbox 1551 2512 1572 2541; x_wconf 90' lang='lat' dir='ltr'><strong>s</strong></span> <span class='ocrx_word' id='word_1_174' title='bbox 1588 2499 1766 2554; x_wconf 89' lang='lat' dir='ltr'><strong>iprae-</strong></span> 
     </span>
     <span class='ocr_line' id='line_1_28' title="bbox 275 2572 1766 2628; baseline 0.003 -15"><span class='ocrx_word' id='word_1_175' title='bbox 275 2584 296 2613; x_wconf 90' lang='lat' dir='ltr'><strong>s</strong></span> <span class='ocrx_word' id='word_1_176' title='bbox 307 2584 330 2613; x_wconf 91' lang='lat' dir='ltr'><strong>e</strong></span> <span class='ocrx_word' id='word_1_177' title='bbox 341 2585 363 2613; x_wconf 90' lang='lat' dir='ltr'><strong>r</strong></span> <span class='ocrx_word' id='word_1_178' title='bbox 374 2576 390 2613; x_wconf 89' lang='lat' dir='ltr'><strong>t</strong></span> <span class='ocrx_word' id='word_1_179' title='bbox 401 2573 417 2613; x_wconf 88' lang='lat' dir='ltr'><strong>i</strong></span> <span class='ocrx_word' id='word_1_180' title='bbox 429 2585 470 2613; x_wconf 91' lang='lat' dir='ltr'><strong>m</strong></span> <span class='ocrx_word' id='word_1_181' title='bbox 505 2584 614 2627; x_wconf 88' lang='lat' dir='ltr'><strong>quae</strong></span> <span class='ocrx_word' id='word_1_182' title='bbox 645 2585 685 2613; x_wconf 91' lang='lat' dir='ltr'><strong>m</strong></span> <span class='ocrx_word' id='word_1_183' title='bbox 700 2572 715 2613; x_wconf 91' lang='lat' dir='ltr'><strong>i</strong></span> <span class='ocrx_word' id='word_1_184' title='bbox 727 2572 829 2615; x_wconf 89' lang='lat' dir='ltr'><strong>lite</strong></span> <span class='ocrx_word' id='word_1_185' title='bbox 842 2586 862 2615; x_wconf 89' lang='lat' dir='ltr'><strong>s</strong></span> <span class='ocrx_word' id='word_1_186' title='bbox 893 2575 1105 2628; x_wconf 89' lang='lat' dir='ltr'><strong>gesserint</strong></span> <span class='ocrx_word' id='word_1_187' title='bbox 1131 2587 1155 2615; x_wconf 90' lang='lat' dir='ltr'><strong>a</strong></span> <span class='ocrx_word' id='word_1_188' title='bbox 1171 2573 1302 2615; x_wconf 88' lang='lat' dir='ltr'><strong>Vario</strong></span> <span class='ocrx_word' id='word_1_189' title='bbox 1326 2574 1575 2617; x_wconf 77' lang='lat' dir='ltr'><strong>scribentur.</strong></span> <span class='ocrx_word' id='word_1_190' title='bbox 1593 2574 1676 2617; x_wconf 85' lang='lat' dir='ltr'><strong>Sed</strong></span> <span class='ocrx_word' id='word_1_191' title='bbox 1692 2589 1766 2617; x_wconf 87' lang='lat' dir='ltr'><strong>au-</strong></span> 
     </span>
     <span class='ocr_line' id='line_1_29' title="bbox 272 2646 1761 2708; baseline 0.003 -19"><span class='ocrx_word' id='word_1_192' title='bbox 272 2646 487 2703; x_wconf 90' lang='lat' dir='ltr'><strong>gebuntur</strong></span> <span class='ocrx_word' id='word_1_193' title='bbox 519 2647 616 2689; x_wconf 89' lang='lat' dir='ltr'><strong>illae</strong></span> <span class='ocrx_word' id='word_1_194' title='bbox 651 2648 687 2689; x_wconf 91' lang='lat' dir='ltr'><strong>si</strong></span> <span class='ocrx_word' id='word_1_195' title='bbox 718 2648 763 2689; x_wconf 87' lang='lat' dir='ltr'><strong>in</strong></span> <span class='ocrx_word' id='word_1_196' title='bbox 800 2660 849 2690; x_wconf 93' lang='lat' dir='ltr'><strong>eo</strong></span> <span class='ocrx_word' id='word_1_197' title='bbox 864 2650 1054 2690; x_wconf 87' lang='lat' dir='ltr'><strong>carmine</strong></span> <span class='ocrx_word' id='word_1_198' title='bbox 1071 2662 1159 2702; x_wconf 72' lang='lat' dir='ltr'><strong>non</strong></span> <span class='ocrx_word' id='word_1_199' title='bbox 1176 2649 1314 2699; x_wconf 78' lang='lat' dir='ltr'><strong>solum</strong></span> <span class='ocrx_word' id='word_1_200' title='bbox 1329 2653 1547 2706; x_wconf 84' lang='lat' dir='ltr'><strong>tamquam</strong></span> <span class='ocrx_word' id='word_1_201' title='bbox 1565 2652 1761 2708; x_wconf 80' lang='lat' dir='ltr'><strong>egregius</strong></span> 
     </span>
     <span class='ocr_line' id='line_1_30' title="bbox 272 2720 1764 2785; baseline 0.002 -21"><span class='ocrx_word' id='word_1_202' title='bbox 272 2722 375 2785; x_wconf 67' lang='lat' dir='ltr'><strong>dux,</strong></span> <span class='ocrx_word' id='word_1_203' title='bbox 406 2723 492 2771; x_wconf 50' lang='lat' dir='ltr'><strong>sed„</strong></span> <span class='ocrx_word' id='word_1_204' title='bbox 512 2723 637 2765; x_wconf 87' lang='lat' dir='ltr'><strong>etiam</strong></span> <span class='ocrx_word' id='word_1_205' title='bbox 669 2725 887 2778; x_wconf 87' lang='lat' dir='ltr'><strong>tamquam</strong></span> <span class='ocrx_word' id='word_1_206' title='bbox 907 2724 1247 2782; x_wconf 39' lang='lat' dir='ltr'><strong>strenuus-miles</strong></span> <span class='ocrx_word' id='word_1_207' title='bbox 1265 2720 1764 2782; x_wconf 68' lang='lat' dir='ltr'><strong>celebrabittingrippa.</strong></span> 
     </span>
     <span class='ocr_line' id='line_1_31' title="bbox 271 2797 1759 2855; baseline 0.003 -16"><span class='ocrx_word' id='word_1_208' title='bbox 271 2797 452 2854; x_wconf 86' lang='lat' dir='ltr'><strong>Egregie</strong></span> <span class='ocrx_word' id='word_1_209' title='bbox 482 2798 561 2840; x_wconf 91' lang='lat' dir='ltr'><strong>hoc</strong></span> <span class='ocrx_word' id='word_1_210' title='bbox 593 2799 726 2840; x_wconf 89' lang='lat' dir='ltr'><strong>sensit</strong></span> <span class='ocrx_word' id='word_1_211' title='bbox 756 2797 1089 2854; x_wconf 84' lang='lat' dir='ltr'><strong>Peerlkampius,</strong></span> <span class='ocrx_word' id='word_1_212' title='bbox 1114 2800 1185 2841; x_wconf 90' lang='lat' dir='ltr'><strong>cui</strong></span> <span class='ocrx_word' id='word_1_213' title='bbox 1210 2799 1536 2855; x_wconf 88' lang='lat' dir='ltr'><strong>pulcherrimam</strong></span> <span class='ocrx_word' id='word_1_214' title='bbox 1554 2801 1759 2844; x_wconf 90' lang='lat' dir='ltr'><strong>debemus</strong></span> 
     </span>
     <span class='ocr_line' id='line_1_32' title="bbox 272 2873 1763 2933; baseline 0.004 -18"><span class='ocrx_word' id='word_1_215' title='bbox 272 2873 495 2915; x_wconf 85' lang='lat' dir='ltr'><strong>lectionem</strong></span> <span class='ocrx_word' id='word_1_216' title='bbox 535 2875 789 2929; x_wconf 87' lang='lat' dir='ltr'><strong>gesseris</strong></span> <span class='ocrx_word' id='word_1_217' title='bbox 828 2887 905 2930; x_wconf 90' lang='lat' dir='ltr'><strong>pro</strong></span> <span class='ocrx_word' id='word_1_218' title='bbox 944 2876 1201 2931; x_wconf 86' lang='lat' dir='ltr'><strong>gesserit.</strong></span> <span class='ocrx_word' id='word_1_219' title='bbox 1243 2875 1393 2931; x_wconf 89' lang='lat' dir='ltr'><strong>Neque</strong></span> <span class='ocrx_word' id='word_1_220' title='bbox 1426 2877 1664 2933; x_wconf 90' lang='lat' dir='ltr'><strong>quidquam</strong></span> <span class='ocrx_word' id='word_1_221' title='bbox 1698 2881 1763 2920; x_wconf 89' lang='lat' dir='ltr'><strong>est</strong></span> 
     </span>
    </p>
   </div>
  </div>
 </body>
</html>
