2034 3334
999 377 1081 417 188

252 501 485 541 descendit.
530 501 579 541 In
619 501 879 542 Phormione
920 502 1015 542 sed
1047 502 1178 552 quid
1209 503 1267 543 tu
1298 513 1356 543 es
1386 503 1588 544 tristis
1617 504 1823 555 praelatis

253 577 419 617 scilicet
464 577 794 618 allocutionibus
840 580 884 618 et
925 580 1224 629 separatarum
1268 580 1312 619 et
1342 579 1651 629 permistarum
1681 590 1822 632 perso-

253 664 420 704 narum,
454 664 508 694 ne
539 653 681 694 ieiune
712 654 765 694 ad
797 656 1105 704 argumentum
1135 654 1328 706 veniens,
1361 666 1447 696 non
1478 666 1605 706 agere
1631 655 1824 706 fabulam

253 731 328 771 sed
370 741 544 771 narrare
585 730 845 771 videretur.’'
889 730 1152 782 Corruptane
1193 731 1299 772 haec
1337 742 1391 772 an
1421 731 1706 782 praelatis
1734 732 1824 774 fere

254 809 322 847 est
352 807 864 857 praecedentibus?

314 883 379 923 Ad
411 893 476 923 vs.
511 883 589 924 26:
653 883 807 934 Habet,
841 884 916 924 sed
948 883 1099 924 firmae
1131 884 1213 924 hae
1246 894 1395 925 vereor
1425 885 1472 925 ut
1505 884 1595 925 sint
1618 885 1795 936 nuptiae

254 959 508 999 annotatur:
570 960 894 1010 „animadverte
940 960 1190 1000 Terentium
1237 961 1280 1000 in
1327 961 1490 1012 nuptiis
1534 961 1616 1002 hoc
1661 959 1826 1006 dictum

254 1045 441 1086 servare,
490 1036 638 1075 utrum
684 1034 834 1076 firmas
881 1046 936 1076 an
982 1035 1178 1076 infirmas
1225 1036 1341 1077 dicat
1386 1037 1603 1087 nuptias.”
1646 1036 1826 1087 Egregie

254 1111 585 1151 Westerhovius
616 1122 692 1162 pro
724 1112 937 1152 dictum
969 1112 1152 1152 coniecit
1182 1112 1421 1152 dubium.

315 1188 385 1228 40.
522 1188 713 1228 Amabat
743 1190 793 1228 ut
823 1199 923 1228 cum
955 1188 1148 1228 maxime
1180 1189 1275 1228 tum
1307 1188 1573 1239 Pamphilus.

257 1266 377 1306 Sch.:
425 1267 509 1315 „ut
549 1266 741 1316 positum
782 1276 858 1316 pro
890 1265 1366 1315 quemadmodum.
1399 1265 1453 1305 Et
1482 1265 1728 1306 maxime
1759 1264 1828 1308 his

255 1353 436 1383 numero
468 1331 764 1383 subauditur.’'
797 1343 939 1383 Immo
970 1353 1072 1384 vero
1104 1342 1329 1383 amabat
1358 1343 1424 1383 bis
1455 1343 1725 1384 subauditur.

317 1420 519 1469 Sequitur
550 1420 661 1470 apud
693 1420 890 1469 poetam:

436 1496 577 1547 Quum
608 1497 742 1546 pater,
776 1507 959 1536 uxorem
990 1498 1040 1537 ut
1070 1497 1210 1547 ducat,
1245 1507 1366 1537 orare
1397 1496 1574 1547 occipit:

436 1573 490 1613 Et
521 1573 639 1623 haec,
674 1573 924 1613 communia
955 1573 1151 1613 omnium
1183 1583 1293 1622 quae
1324 1574 1427 1613 sunt
1451 1574 1638 1624 patrum,

437 1650 540 1689 Sese
571 1659 722 1689 senem
755 1659 851 1689 esse
883 1649 1045 1689 dicere:
1079 1649 1203 1689 illum
1235 1650 1383 1689 autem
1409 1649 1609 1689 unicum:

435 1725 706 1766 Praesidium
737 1726 848 1766 velle
879 1736 927 1766 se
958 1726 1172 1766 senectuti
1203 1736 1320 1765 suae.

259 1802 422 1842 Schol.:
499 1812 702 1852 „omnem
773 1812 950 1842 causam
1018 1801 1304 1842 adolescentis
1370 1812 1505 1841 senex
1571 1801 1827 1852 amputavit,

257 1889 332 1928 pro
379 1888 457 1918 suo
503 1878 630 1918 senili
677 1878 903 1918 commodo
951 1888 1130 1927 rogans:
1178 1878 1392 1928 potuisset
1433 1878 1550 1917 enim
1581 1877 1831 1919 adolescens

258 1954 421 1994 dicere:
479 1965 611 2004 quam
666 1965 742 2004 pro
797 1965 869 1994 me
917 1965 1066 1995 curam
1112 1954 1239 2004 geris,
1287 1954 1399 1994 hanc
1444 1964 1593 2004 precor
1636 1963 1713 2004 pro
1757 1963 1831 1994 me

258 2031 489 2080 deponas.’'
532 2031 692 2080 Utique
730 2030 916 2071 alterum
947 2041 1043 2080 pro
1074 2041 1155 2070 me
1188 2030 1488 2070 abiiciendum.
1523 2029 1682 2070 Curam
1712 2029 1830 2069 enim

259 2120 353 2159 pro
406 2108 596 2157 aliquo
649 2117 867 2157 gerere,
911 2117 996 2146 non
1038 2117 1139 2146 vero
1182 2105 1277 2156 pro
1319 2106 1510 2155 aliquo
1552 2106 1831 2156 deponere

259 2195 504 2235 possumus.
538 2185 592 2223 Et
622 2194 698 2233 pro
730 2182 1124 2223 adolescentis
1155 2182 1249 2231 lege
1281 2181 1651 2222 adolescenti.

320 2261 515 2300 Senem
558 2270 683 2299 sese
726 2259 938 2305 dicere]
986 2258 1116 2308 „illud
1146 2259 1294 2307 posset
1325 2268 1451 2307 agere
1483 2258 1654 2297 amator
1683 2258 1833 2297 contra

261 2337 496 2377 utilitatem
523 2346 672 2375 suam:
703 2336 778 2375 sed
805 2345 891 2375 non
916 2335 1086 2384 poterat
1101 2333 1216 2373 filius
1233 2335 1382 2374 contra
1399 2333 1635 2373 utilitatem
1651 2332 1831 2383 patriae?

261 2414 342 2453 Pro
374 2413 518 2452 illud
549 2413 643 2462 lege
674 2412 834 2452 aliud
866 2414 939 2458 (sc.
973 2421 1105 2459 quam
1137 2410 1248 2458 quod
1279 2410 1402 2459 pater
1433 2409 1591 2455 vellet).
1622 2455 1625 2458 ¹

322 2489 512 2539 Quatuor
558 2499 671 2528 nunc
717 2487 917 2537 deinceps
963 2487 1016 2526 ad
1057 2487 1169 2526 hanc
1199 2495 1375 2525 scenam
1408 2485 1572 2525 scholia
1603 2484 1830 2535 annotabo,

262 2566 312 2605 de
345 2565 499 2614 quibus
531 2564 846 2614 desperandum
876 2563 1096 2603 videatur:

323 2642 392 2680 47.
441 2641 683 2680 Pudorin
731 2650 872 2679 anne
920 2639 1121 2685 amori]
1175 2638 1342 2687 „latens
1388 2636 1683 2677 excusationis
1721 2636 1833 2677 ratio

263 2717 479 2766 explicata
526 2717 634 2756 est.”
679 2716 810 2766 (Quae
850 2716 1134 2765 praecedunt:
1180 2714 1268 2764 „sic
1310 2713 1498 2753 ostendit
1529 2713 1574 2752 in
1605 2714 1833 2762 utramque

263 2795 430 2842 partem
473 2795 521 2831 ut
563 2794 734 2832 tantum
777 2793 819 2831 in
856 2792 1001 2831 animo
1033 2791 1204 2831 honesti
1236 2790 1521 2830 adolescentis
1551 2789 1686 2838 pudor
1716 2799 1831 2829 amo-

264 2880 354 2907 rem
401 2869 569 2907 vincere
612 2869 858 2908 debuisset'’
901 2869 1016 2907 recte
1058 2877 1084 2906 a
1124 2865 1425 2906 Westerhovio
1457 2865 1686 2905 emendata
1716 2864 1830 2913 sunt,

266 2947 453 2983 tamen
485 2955 559 2993 pro
594 2946 814 2984 tantum
848 2943 1127 2988 conficiente).
1803 2938 1806 2939 ⁷
