2034 3334
1032 397 1087 437 78

825 588 970 628 Aeros
1002 588 1039 628 V
1072 589 1216 630 Scmu
1248 590 1288 631 8.

327 713 529 753 Exsultat
561 713 751 754 Chaerea
782 715 936 766 gaudio
950 727 959 765 ·‚
992 715 1266 766 Pamphilam
1292 727 1420 758 suam
1446 718 1587 759 civem
1613 719 1839 765 inventam

267 791 311 828 et
351 799 377 829 a
406 791 528 839 patre
559 790 642 829 sibi
672 800 879 840 sponsam
910 791 1169 832 Parmenoni
1199 794 1359 844 narrat,
1392 794 1539 834 fratris
1569 796 1710 836 totam
1741 804 1839 836 esse

267 865 498 915 Thaidem;
540 866 690 906 laudat
730 867 1045 908 Parmenonem
1081 869 1154 917 qui
1185 869 1384 920 suaserit,
1417 880 1465 910 se
1496 870 1570 920 qui
1600 881 1733 912 ausus
1763 870 1836 923 sit3

266 941 486 981 fortunam
527 953 637 991 quae
669 943 895 993 adiuverit,
928 945 1098 994 patrem
1130 945 1203 994 qui
1233 947 1327 986 tam
1357 945 1488 987 fuerit
1517 946 1670 988 facilis.
1701 946 1836 989 Paulo

264 1020 363 1067 post
379 1019 590 1058 Phaedria
606 1019 782 1070 accedit,
801 1029 884 1068 quo
901 1020 1034 1060 frater
1050 1021 1123 1060 ubi
1139 1022 1198 1061 sit
1208 1023 1399 1073 rogante,
1415 1022 1606 1063 Chaerea
1615 1022 1837 1064 exclamat

265 1097 343 1140 (vs.
376 1095 502 1141 1050)
533 1096 731 1145 „praesto
756 1095 976 1172 ‘hwetf'
994 1107 1104 1146 quae
1119 1098 1252 1138 verba
1268 1099 1453 1139 eundem
1470 1099 1631 1140 habent
1646 1099 1835 1141 colorem

264 1171 393 1219 atque
434 1171 538 1216 illud
579 1182 736 1212 nemo
778 1173 938 1213 homo
979 1175 1024 1212 et
1064 1183 1222 1222 nemo
1253 1175 1566 1227 quisquam,
1598 1175 1711 1225 quod
1740 1176 1835 1216 tam

262 1248 463 1297 frequens
510 1250 621 1298 apud
668 1250 931 1291 Terentium.
979 1251 1114 1291 Audit
1159 1253 1266 1292 haec
1307 1239 1454 1294 omnia
1494 1253 1672 1306 Thraso,
1713 1254 1836 1296 audit

262 1326 484 1373 praeterea
515 1336 541 1364 a
567 1325 757 1366 Chaerea
782 1326 991 1366 Thaidem
1018 1327 1196 1378 laudari,
1225 1338 1273 1368 se
1299 1329 1415 1368 foras
1442 1331 1518 1369 aut
1543 1330 1719 1380 pulsum
1743 1330 1832 1371 iam

262 1402 338 1439 aut
377 1401 552 1450 pulsum
595 1401 647 1441 iri
678 1402 902 1451 intelligit;
936 1403 1133 1443 obsecrat
1165 1404 1438 1445 Gnathonem
1469 1407 1519 1446 ut
1549 1405 1719 1456 aliquod
1748 1406 1833 1447 sibi

261 1476 538 1517 miseriarum
580 1478 780 1518 levamen
822 1478 1027 1529 inveniat,
1072 1481 1116 1518 et
1160 1481 1224 1529 „si
1256 1481 1478 1521 effeceris’'
1510 1482 1573 1522 ait
1603 1485 1670 1529 (vs
1703 1483 1831 1530 1055)

264 1554 339 1601 „ut
370 1553 573 1593 haeream
606 1554 650 1593 in
682 1556 803 1603 parte
835 1554 980 1603 aliqua
1010 1556 1187 1595 tandem
1220 1557 1332 1606 apud
1364 1557 1573 1598 Thaidem

379 1629 567 1678 Quodvis
599 1630 759 1670 donum
791 1630 1034 1679 praemium
1065 1642 1091 1670 a
1121 1642 1193 1671 me
1225 1635 1384 1683 optato,
1418 1633 1460 1673 id
1492 1635 1691 1684 optatum

1381 1710 1536 1757 [feres”
1570 1714 1648 1757 (vs.
1686 1711 1828 1759 1057).

257 1782 399 1821 Perite
455 1784 635 1822 annotat
691 1784 954 1824 Scholiasta:
1016 1785 1241 1835 „donum
1297 1787 1347 1825 ut
1398 1797 1424 1825 a
1469 1786 1588 1836 largo
1635 1787 1824 1838 homine,

256 1859 567 1906 praemium
595 1861 643 1898 ut
670 1870 695 1898 a
715 1860 934 1909 praeclaro
951 1861 1181 1910 facinore,”
1200 1863 1399 1911 recteque
1416 1862 1622 1902 admonet
1637 1862 1827 1914 ‚mssitare

258 1944 353 1972 esse
386 1935 619 1987 optandi
652 1935 844 1975 verbum.
1051 1929 1231 2054 ff:
1266 1901 1393 1968 brem,
1417 1954 1456 1971 a
1481 1938 1872 1996 muas-{amir

1033 2024 1059 2053 a

314 2012 447 2051 Audit
488 2023 637 2052 eorum
679 2023 926 2053 sermonem
967 2014 1030 2052 Ph
1113 2014 1178 2054 ria
1209 2016 1252 2054 et
1283 2015 1346 2054 sic
1369 1981 1560 2055 rivalem
1591 2015 1825 2065 alloquitur

257 2092 334 2134 (vs,
373 2090 481 2128 1061
517 2092 619 2138 sq.):

893 2166 956 2206 Tu
988 2167 1173 2206 fortasse
1205 2178 1314 2216 quae
1346 2168 1461 2208 facta
1490 2168 1561 2208 hic
1591 2167 1707 2208 sient

730 2243 893 2282 Nescis.

257 2317 374 2365 „Hoc
416 2320 555 2357 totum
598 2318 778 2367 superbe
815 2329 865 2358 ac
896 2319 1123 2359 minaciter
1154 2321 1294 2369 inquit
1325 2320 1616 2370 adolescens,''
1650 2321 1822 2371 egregia

254 2395 321 2431 est
354 2394 619 2433 scholiastae
651 2395 885 2434 annotatio.

312 2468 393 2506 Ubi
426 2470 552 2508 miles
589 2471 738 2518 „Scio”
772 2471 893 2520 dixit,
927 2472 990 2511 sic
1022 2473 1162 2521 pergit
1193 2473 1426 2512 Phaedria:

668 2546 779 2595 Quor
812 2557 910 2596 ergo
944 2548 987 2587 in
1024 2549 1092 2587 his
1123 2551 1167 2587 te
1199 2550 1420 2598 conspicor
1450 2550 1728 2605 regionibus?

254 2620 496 2668 Respondet
540 2623 688 2661 miles:
736 2623 892 2671 „Vobis
934 2624 1114 2664 fretus.”
1157 2625 1218 2664 De
1260 2626 1472 2665 industria
1511 2621 1819 2676 soloecismum

245 2696 376 2743 frctus
409 2698 536 2735 militi
570 2699 719 2736 datum
753 2701 900 2737 censet
937 2700 1190 2739 Scholiasta.
1224 2701 1272 2740 V.
1307 2702 1359 2740 ad
1391 2712 1454 2740 vs.
1488 2702 1588 2741 432.
1611 2697 1638 2747 ¹)

286 2881 307 2913 ¹)
327 2880 481 2909 Eiusdem
502 2882 631 2915 generis
652 2884 704 2910 est
721 2883 895 2911 annotatio
913 2884 952 2913 ad
973 2884 1104 2913 Phorm.
1120 2884 1162 2920 11,
1177 2885 1203 2920 1,
1220 2885 1267 2914 18:
1279 2884 1815 2921 „Habendaecompedes:v1tiosam

247 2932 447 2961 locutionem
484 2940 520 2960 se

523 2933 598 2961 rvili
637 2941 797 2968 personae
832 2935 922 2962 dedit
957 2935 1139 2965 Terentius.
1175 2937 1261 2965 Nam
1299 2937 1368 2965 inte
1431 2944 1464 2965 m
1498 2937 1598 2972 esset,
1633 2937 1662 2965 si
1691 2936 1814 2966 diceret

247 2984 458 3012 habendas
479 2986 722 3018 compedes.'‘
784 2976 893 3065 Just&
911 2977 1029 3020 Mu!-
1073 2971 1265 3022 abanan
1293 2943 1745 3030 ffiwmw
1765 2962 1911 3021 W.

1362 3031 1594 3083 uades.
