2034 3334
1064 414 1121 454 84

309 541 399 590 ipse
446 539 557 588 quod
599 540 672 579 det
711 539 868 589 lenoni,
912 540 1034 580 cuius
1066 550 1118 580 ea
1148 541 1227 590 est,
1261 549 1347 580 non
1378 540 1530 589 habet;
1564 541 1694 590 atque
1725 539 1798 582 ille
1827 550 1877 582 se

309 617 585 656 venditurum
632 626 731 655 eam
777 617 906 664 atque
947 616 992 655 in
1033 615 1184 655 Asiam
1227 616 1466 657 missurum
1506 616 1750 657 minitatur.
1781 615 1879 657 Non

308 693 438 732 audet
463 692 597 730 miser
624 691 971 731 adolescentulus
997 702 1091 731 rem
1121 691 1244 732 fratri
1272 692 1576 732 amantissimo
1603 691 1878 739 commiiztere

307 768 376 808 vel
407 768 519 818 patri
550 768 764 818 adoptivo,
798 767 1140 808 clementissimo
1171 769 1277 819 seni,
1310 768 1450 819 fateri,
1478 778 1617 818 neque
1642 768 1883 819 quidquam

307 854 534 894 superesse
577 844 694 883 videt
734 854 866 893 quam
907 846 956 884 ut
995 845 1183 894 patriam
1219 844 1391 884 deserat
1421 843 1627 894 illamque
1657 845 1876 894 sequatur.

308 920 598 969 Reprehendit
629 931 730 960 eum
762 921 874 961 hanc
904 920 957 961 ob
984 930 1163 961 causam
1188 920 1334 972 frater,
1361 920 1541 961 tandem
1566 920 1619 961 de
1645 921 1740 961 eius
1763 921 1878 964 solli·

309 997 497 1036 citudine
530 997 685 1037 certior
715 996 870 1049 factus,
904 997 973 1037 his
1005 997 1173 1037 verbis:

517 1073 586 1113 Ah
617 1073 850 1113 stultitiast
880 1074 1028 1124 istaec,
1061 1083 1147 1114 non
1177 1074 1335 1124 pudor:
1369 1075 1463 1114 tam
1496 1074 1549 1114 ob
1580 1073 1804 1124 parvolam
1883 1076 1886 1083 “

368 1149 478 1188 Rem
509 1159 644 1198 paene
677 1160 699 1189 e
731 1151 892 1199 patria!

309 1226 502 1266 Annotat
558 1225 820 1266 Scholiasta:
873 1227 1131 1277 „Menander
1175 1227 1287 1267 mori
1334 1226 1458 1266 illum
1504 1226 1695 1267 voluisse
1739 1225 1876 1278 fingit,

273 1221 536 1354 'Terentius
581 1303 773 1353 fugere.”
820 1304 914 1344 Non
961 1306 1040 1355 est,
1089 1306 1138 1344 ut
1178 1304 1340 1355 opinor,
1384 1314 1491 1354 opus
1521 1304 1675 1344 multis
1705 1303 1877 1344 demon·

308 1380 447 1418 strare
477 1379 621 1419 verbis
652 1382 813 1429 quanto
845 1381 1006 1420 rectius
1037 1380 1264 1420 Terentius
1295 1390 1427 1430 quam
1458 1379 1689 1420 Menander
1713 1379 1876 1420 fecerit.

309 1454 482 1494 Leniter
522 1456 659 1495 ridere
700 1467 934 1506 possumus
965 1457 1285 1497 adolescentem
1318 1467 1452 1506 usquc
1483 1466 1652 1507 quaque
1681 1457 1878 1497 amatam

303 1530 493 1579 puellam
534 1533 808 1580 secuturum;
854 1533 929 1572 sed
971 1533 1043 1582 qui
1085 1535 1273 1573 mortem
1314 1532 1397 1572 sibi
1436 1532 1703 1572 consciscere
1735 1531 1875 1572 decre-

307 1605 430 1655 verit,
479 1606 615 1646 immo
656 1617 791 1656 paene
834 1608 923 1647 iam
965 1609 1234 1658 consciverit,
1278 1607 1480 1657 quamvis
1521 1607 1665 1647 levem
1696 1607 1749 1648 ob
1781 1617 1876 1648 cau·

306 1691 415 1731 sam,
450 1681 565 1721 illius
596 1683 769 1722 tristem
801 1683 1011 1723 deflemus
1042 1686 1220 1723 sortem.

367 1755 504 1806 Quam
536 1759 705 1807 egregie
738 1759 979 1799 Scholiasta
1010 1759 1251 1799 observarit
1281 1769 1419 1808 neque
1451 1759 1638 1799 militem
1664 1760 1710 1799 in
1736 1759 1875 1801 Eunu-

307 1831 386 1871 cho
413 1843 551 1882 neque
578 1833 622 1872 in
643 1834 850 1883 Adelphis
876 1834 1086 1875 Demeam
1113 1837 1339 1884 tamquam
1366 1835 1492 1884 plane
1518 1835 1678 1875 stultos
1703 1835 1877 1886 depingi

307 1909 394 1947 iam
422 1910 612 1949 vidimus
639 1914 692 1959 (p.
721 1912 1050 1968 35),-4simulque
1078 1912 1320 1951 Scholiasta
1345 1912 1555 1961 magistro
1577 1911 1876 1952 intelleximus

307 1995 382 2023 cur
412 1985 474 2024 illi
504 1986 768 2037 prudentiae,
803 1987 903 2027 huic
934 1988 1148 2027 acuminis
1179 1987 1496 2037 aliquantulum
1527 1987 1693 2027 dederit
1722 1986 1874 2028 Teren-

306 2061 406 2100 tius.
455 2061 576 2100 Idem
608 2064 677 2102 est
708 2064 1001 2103 annotationis
1033 2064 1087 2103 ad
1118 2064 1197 2104 Ad.
1232 2064 1315 2104 541
1351 2063 1594 2103 consilium.
1624 2062 1747 2103 Ficta
1777 2062 1875 2112 syri

307 2137 421 2175 servi
453 2139 698 2178 narratione
730 2141 877 2179 motus
907 2140 1071 2180 Demea
1101 2150 1237 2180 senex
1268 2140 1321 2179 ad
1355 2139 1505 2179 villam
1536 2149 1663 2180 suam
1689 2139 1758 2179 est
1782 2147 1874 2188 pro·

307 2212 458 2262 fectus,
494 2204 580 2253 ill'ic
611 2213 749 2254 filium
781 2226 910 2254 suum
943 2226 1039 2255 esse
1067 2216 1256 2266 credens,
1286 2215 1418 2255 simul
1444 2215 1489 2254 in
1515 2215 1669 2255 itinere
1693 2214 1874 2255 fratrem

307 2289 594 2335 quaesiturus
628 2292 687 2330 At
718 2301 822 2330 mox
854 2291 965 2330 redit
996 2291 1271 2331 exclamans:

427 2364 488 2403 Ne
530 2376 607 2414 ego
648 2366 778 2406 homo
816 2367 988 2406 infelix:
1022 2367 1212 2416 primum
1243 2366 1423 2406 fratrem
1455 2375 1670 2415 nusquam
1701 2364 1874 2405 invenio

1579 2440 1813 2491 [gentiumz
1859 2487 1866 2499 Ι

429 2516 655 2556 Praeterea
686 2520 846 2568 autem,
876 2519 979 2558 dum
1006 2519 1130 2558 illum
1157 2528 1328 2567 quaem,
1357 2528 1382 2557 a
1410 2517 1512 2556 villa
1527 2515 1874 2556 mercennarium

428 2591 546 2630 Vidi:
581 2593 617 2631 is
649 2592 785 2631 filium
819 2596 948 2643 negat
979 2604 1074 2633 esse
1106 2594 1215 2633 ruri:
1249 2604 1327 2632 nec
1358 2593 1459 2641 quid
1491 2602 1619 2641 agam
1649 2592 1752 2631 scio.

368 2667 608 2715 Adscripsit
640 2671 786 2707 autem
820 2670 1061 2709 Scholiasta
1091 2669 1219 2709 haec:
1252 2669 1605 2718 „sapientissime
1632 2666 1870 2716 Terentius

308 2742 389 2779 etsi
437 2744 635 2789 proxima
681 2745 785 2783 villa
831 2747 909 2795 est,
959 2725 1236 2785 necessari09
1243 2754 1394 2784 senem
1435 2744 1488 2783 ad
1530 2744 1717 2792 reliquos
1748 2745 1872 2782 actus

309 2817 477 2855 fabulae
510 2819 647 2857 noluit
679 2820 730 2857 ab
763 2820 866 2859 urbe
894 2821 1123 2871 discedere,
1151 2830 1359 2870 personae
1385 2819 1535 2858 senilis
1560 2829 1742 2859 memor.
1759 2818 1871 2858 Nam

308 2896 349 2929 et
398 2893 578 2930 arduum
621 2894 772 2943 fuerat,
817 2896 919 2934 dum
962 2897 1083 2946 redit,
1118 2898 1161 2935 et
1193 2895 1432 2945 cruciabile,
1466 2905 1519 2933 ne
1550 2894 1746 2943 fatigatio
1778 2894 1870 2933 eius

308 2968 350 3006 in
378 2968 643 3015 tragoediam
671 2971 887 3009 transiret.
918 2971 1048 3010 Recte
1076 2972 1207 3020 igitur
1232 2970 1398 3009 invenit
1424 2980 1450 3008 a
1466 2970 1731 3009 mercenario
1747 2970 1809 3010 illi
1825 2970 1870 3009 in
