2034 3334
998 396 1026 438 6

315 525 397 568 Vel
438 537 575 568 unum
616 523 726 566 illud
767 534 1000 565 acervos
1042 522 1106 569 sic
1135 521 1251 564 nude
1280 521 1469 577 positum
1499 519 1753 562 sententiam

257 602 454 646 claudam
483 600 621 644 reddit
649 604 691 643 et
718 599 999 656 subineptam.
1026 598 1260 655 Egregium
1278 610 1379 640 vero
1396 600 1462 640 est
1477 595 1591 652 quod
1607 596 1757 652 reponi

258 679 385 723 iussit
414 677 760 733 Peerlkampius:

701 814 885 858 regnum
914 801 1136 857 proprium
1168 803 1297 856 atque
1327 803 1469 843 tutum

555 877 763 921 Deferens
794 878 884 932 uni,
918 876 1114 919 diadema
1143 879 1186 919 et
1217 876 1312 918 auri

558 953 764 1011 Quisquis
795 955 991 1010 ingentes
1024 953 1148 996 oculo
1179 954 1373 996 irretorto

675 1030 845 1087 Spectat
876 1042 1062 1073 acervos.

319 1166 375 1222 Π,
409 1167 446 1209 5.
497 1166 700 1209 Amicum
747 1177 892 1208 amore
938 1163 1153 1220 puellulae
1199 1165 1454 1206 immaturae
1500 1164 1670 1218 captum
1717 1163 1760 1203 et

263 1243 344 1286 alia
376 1246 418 1286 et
449 1243 554 1285 haec
584 1242 784 1285 admonet
813 1240 1043 1284 Horatius:

921 1365 1037 1408 Tolle
1067 1364 1313 1422 cupidinem

560 1444 745 1487 Immitis
776 1455 910 1486 uvae:
942 1443 1029 1485 iam
1059 1441 1139 1484 tibi
1169 1441 1324 1484 lividos

620 1518 868 1576 Distinguet
899 1522 1136 1562 autumnus
1166 1530 1358 1560 racemos

678 1595 902 1652 Purpureo
933 1595 1079 1637 varius
1112 1594 1262 1637 colore.

325 1722 482 1766 Nonne
529 1723 777 1779 quicunque
822 1723 869 1764 in
916 1724 1106 1777 tempore
1146 1733 1309 1763 memor
1342 1722 1407 1763 est
1437 1720 1651 1763 notissimi
1679 1719 1763 1762 loci

268 1798 480 1856 Ovidiani,
513 1813 642 1856 quem
674 1802 716 1843 et
744 1798 1069 1854 Peerlkampius
1100 1797 1244 1840 affert:

794 1927 843 1967 ut
874 1924 1004 1967 variis
1036 1923 1144 1966 solet
1172 1936 1258 1966 uva
1288 1923 1467 1966 racemis

474 1999 644 2044 Ducere
673 2013 940 2057 purpureum
971 1999 1163 2042 nondum
1197 2002 1366 2042 matura
1397 1999 1578 2042 colorem

268 2125 447 2169 verbum
490 2126 817 2182 distinguet
856 2126 943 2170 fere
984 2126 1242 2168 contrarium
1276 2126 1368 2168 eius
1400 2125 1640 2182 significare
1671 2139 1766 2170 sen-

268 2203 320 2244 tit
347 2202 462 2258 quod
487 2202 557 2244 hic
583 2203 830 2258 requiritur,
856 2203 1068 2258 uniceque
1083 2202 1331 2244 'sententiae
1357 2205 1503 2257 aptum
1529 2215 1623 2245 esse
1649 2202 1765 2258 quod

269 2277 590 2333 Peerlkampius
606 2279 804 2321 coniecit:
830 2277 1121 2320 distendet
1147 2280 1455 2320 autumnus
1482 2278 1763 2321 racemos?

330 2352 541 2397 Omnibus
583 2354 670 2396 illis
701 2354 807 2397 locis
839 2367 948 2410 quos
979 2354 1204 2409 hucusque
1225 2354 1360 2396 ¹attuli
1391 2355 1494 2397 satis
1529 2358 1593 2397 est
1623 2353 1766 2397 Peerl-

269 2429 429 2484 kampii
474 2431 770 2472 annotationes
812 2430 1028 2486 perlegere
1069 2433 1118 2472 ut
1165 2443 1333 2472 summa
1374 2431 1585 2473 movearis
1631 2429 1764 2472 admi-

271 2505 444 2547 ratione.
485 2504 637 2561 Neque
678 2509 821 2548 tamen
863 2506 909 2547 in
955 2505 1221 2548 coniectandi
1266 2506 1582 2562 verborumque
1624 2518 1767 2549 emen-

274 2580 509 2623 dandorum
540 2595 719 2625 munere
746 2583 947 2638 primaria
973 2581 1347 2638 Peerlkampianae
1373 2584 1652 2638 praestantiae
1667 2596 1766 2639 pars

274 2658 471 2699 cernitur.
503 2657 600 2713 Ipse
630 2659 743 2701 enim
776 2660 946 2715 saepius
978 2659 1161 2702 declarat
1193 2659 1327 2701 multo
1358 2660 1493 2714 magis
1525 2672 1570 2702 se
1596 2672 1766 2715 operam

275 2733 440 2776 dedisse
474 2734 838 2789 deprehendendis
869 2735 1078 2790 versibus,
1106 2736 1304 2791 strophis,
1320 2735 1581 2778 carminibus
1599 2737 1769 2791 spuriis.

278 2807 372 2858 Qua
417 2810 462 2850 in
507 2814 625 2864 parte
673 2814 833 2865 quanta
879 2812 934 2853 sit
975 2813 1170 2854 versatus
1200 2811 1347 2853 iudicii
1378 2810 1587 2866 elegantia
1617 2812 1766 2866 paucis

278 2885 487 2940 exemplis
518 2885 663 2927 lecton'
696 2887 740 2928 in
772 2889 957 2930 mentem
988 2886 1209 2930 revocabo.
