2034 3334
1019 359 1102 398 120

273 493 320 522 se
362 493 415 522 ne
458 482 646 532 cogitare
688 483 862 532 quidem
895 485 988 523 tam
1019 482 1202 523 firmiter
1235 484 1425 525 declarat
1455 487 1504 525 ut
1535 484 1642 525 nihil
1674 484 1763 525 iam
1793 484 1846 526 de

273 569 322 598 eo
349 558 610 608 sperandum
637 559 847 598 videatur.
876 559 1039 599 Verum
1066 570 1151 600 non
1178 559 1241 599 ita
1267 570 1337 600 res
1363 571 1411 601 se
1437 561 1578 601 habet.
1608 561 1704 601 Sint
1728 561 1846 603 enim

273 636 473 684 corrupta
530 634 706 685 scholia,
766 635 855 674 sint
901 635 1042 675 lacera
1087 636 1341 687 mutilaque,
1389 637 1466 677 vix
1512 638 1663 677 tamen
1707 636 1846 679 ullum

272 720 421 750 eorum
469 710 575 750 adeo
623 711 908 760 depravatum
950 713 1019 751 est
1059 712 1162 761 quin
1204 713 1354 752 tamen
1395 713 1613 753 sententia
1653 713 1748 754 eius
1787 714 1848 754 sit

270 787 379 826 satis
426 787 663 836 perspicua,
707 787 1015 836 scriptorisque
1056 798 1112 827 ex
1153 798 1204 827 eo
1247 788 1415 829 eluceat
1457 789 1699 831 consilium.
1742 789 1847 830 Mihi

271 865 386 903 certe
417 863 566 903 sedulo
598 862 743 902 labore
770 863 930 903 iterum
956 863 1201 913 iterumque
1228 864 1303 904 illa
1328 865 1599 914 pervolventi
1624 875 1847 916 nunquam

271 939 449 979 dubium
490 938 574 979 fuit
614 940 763 979 utrum
803 940 1022 979 scenicam
1063 940 1253 990 legerem
1295 942 1622 981 annotationem
1662 951 1719 981 an
1754 941 1846 982 rhe-

269 1014 464 1065 toricam,
509 1015 857 1065 grammaticam,
891 1015 1259 1065 philosophicam:
1292 1017 1563 1057 scenicarum
1597 1018 1747 1072 autem
1777 1017 1846 1059 ob-

270 1091 568 1131 servationum
622 1114 676 1120 —
727 1091 798 1141 ‘his
849 1092 967 1131 enim
1008 1093 1267 1142 praesertim
1308 1102 1485 1143 operam
1526 1093 1624 1134 dedi
1662 1116 1715 1123 -—
1758 1093 1848 1135 fere

270 1169 435 1208 nullam
467 1169 555 1208 vidi
587 1169 800 1208 eiusmodi
830 1169 938 1208 vitio
968 1169 1239 1209 laborantem
1270 1170 1320 1209 ut
1350 1169 1451 1218 quid
1482 1169 1566 1210 sibi
1595 1169 1729 1210 vellet
1758 1170 1847 1211 iam

270 1255 356 1284 non
382 1245 682 1294 intelligerem.
713 1244 820 1295 Quid
848 1245 959 1294 quod
981 1245 1247 1285 scholiorum
1271 1255 1495 1294 nunquam
1512 1245 1759 1295 praeclarus
1775 1245 1848 1287 ille

271 1322 456 1362 exsistet
503 1322 651 1371 editor,
701 1321 773 1371 qui
820 1322 962 1371 ipsam
1009 1322 1132 1361 nobis
1175 1322 1364 1362 auctoris
1405 1333 1587 1362 manum
1628 1321 1846 1362 exhibeat.

223 1382 225 1385 ⁸
271 1398 403 1447 Finge
446 1398 562 1437 enim
602 1420 655 1426 -—
700 1398 901 1447 quamvis
942 1398 1190 1438 incredibile
1230 1399 1290 1438 sit
1323 1421 1376 1427 —
1410 1399 1587 1439 tandem
1619 1398 1849 1448 aliquando

271 1485 320 1514 eo
352 1475 610 1523 perventum
642 1475 691 1514 ut
723 1485 779 1514 ex
811 1473 1146 1524 diligentissima
1178 1474 1374 1514 codicum
1405 1474 1729 1524 comparatione
1755 1474 1848 1524 ipse

271 1549 532 1599 archetypus
573 1550 632 1589 sit
673 1550 916 1600 restitutUS‚
959 1549 1073 1600 finge
1115 1560 1171 1590 ex
1207 1550 1280 1591 illo
1311 1551 1459 1591 omnia
1489 1551 1695 1600 exempta
1724 1550 1845 1600 vitia,

271 1636 381 1675 quae
413 1626 643 1666 scribentis
675 1626 894 1676 imperitia
925 1627 1206 1677 commiserit,
1235 1627 1361 1675 idque
1389 1626 1634 1666 certissima
1659 1626 1847 1676 quadam

270 1704 312 1742 et
359 1703 623 1752 geometrica
664 1703 852 1742 ratione:
896 1702 1129 1752 pristinum
1171 1703 1426 1743 habebimus
1468 1702 1845 1752 commentarium,

269 1780 413 1829 ipsum
454 1779 673 1820 Donatum
717 1802 769 1808 -—
813 1780 877 1819 sic
910 1780 1027 1819 enim
1059 1780 1287 1820 brevitatis
1319 1790 1450 1819 causa
1480 1778 1590 1819 mihi
1620 1779 1847 1820 nominare

271 1856 537 1905 optimorum
577 1855 842 1895 scholiorum
885 1857 1107 1895 auctorem
1138 1856 1268 1896 liceat
1287 1878 1339 1884 —
1357 1866 1444 1896 non
1474 1855 1744 1896 habebimus.
1776 1855 1846 1896 An

270 1932 408 1972 credis
444 1932 569 1971 illum
611 1931 757 1971 virum
787 1942 890 1972 vere
922 1932 1110 1982 doctum,
1145 1932 1402 1982 elegantem,
1436 1932 1544 1972 artis
1574 1932 1772 1973 scenicae
1801 1933 1848 1973 et

268 2009 494 2048 literarum
535 2009 791 2048 Latinarum
833 2009 1179 2058 Graecarumque
1220 2009 1549 2060 peritissimum,
1592 2010 1686 2050 tam
1720 2009 1848 2050 balbo

270 2095 343 2124 ore
369 2085 576 2135 locutum,
606 2086 699 2124 tam
727 2086 889 2135 agresti
915 2096 1046 2125 usum
1073 2096 1286 2137 sermone,
1314 2087 1364 2125 ut
1385 2086 1554 2135 quando
1571 2085 1845 2137 indicativus,

270 2161 439 2209 quando
466 2161 768 2201 coniunctivus
795 2162 1018 2211 ponendus
1046 2163 1163 2201 esset
1188 2173 1326 2211 neque
1343 2162 1474 2202 sciret
1490 2171 1629 2210 neque
1644 2162 1847 2202 curaret?

268 2236 322 2276 Et
349 2238 416 2276 est
443 2237 523 2276 hoc
551 2237 814 2277 scholiorum
841 2238 999 2277 vitium
1027 2238 1266 2277 multorum
1288 2238 1438 2277 instar.
1458 2235 1731 2277 Confidenter
1745 2247 1847 2287 ergo

269 2313 321 2352 de
353 2313 616 2352 scholiorum
643 2314 777 2353 variis
804 2314 1074 2363 argumentis
1101 2314 1272 2353 locutus
1298 2323 1398 2352 sum
1426 2314 1470 2352 et
1486 2313 1637 2362 loquar
1651 2313 1845 2363 posthac.

268 2389 358 2427 Aut
390 2389 507 2427 enim
539 2399 711 2439 semper
743 2390 795 2429 de
827 2390 913 2429 illis
945 2390 1027 2430 erit
1059 2390 1275 2430 silendum
1307 2391 1383 2429 aut
1415 2389 1504 2428 iam
1534 2389 1746 2429 utendum
1776 2389 1844 2439 iis,

268 2475 377 2512 quae
410 2475 523 2503 nunc
556 2465 779 2516 habemus,
814 2466 1019 2506 subsidiis
1046 2465 1446 2514 instrumentisque.
1475 2465 1587 2505 Nam
1613 2465 1846 2506 desultorio

266 2540 411 2579 labore
439 2541 671 2580 conflatam
698 2542 990 2582 Westerhovii
1017 2542 1251 2582 editionem
1279 2541 1485 2591 aliasque,
1515 2551 1538 2580 e
1564 2541 1720 2590 quibus
1735 2540 1846 2581 mihi

268 2618 560 2664 cognoscenda
609 2618 784 2658 fuerunt
829 2619 1026 2668 scholia,
1054 2618 1251 2657 lubenter
1293 2617 1499 2665 concedo;
1542 2617 1655 2666 quod
1695 2618 1846 2657 tamen

267 2692 380 2730 inter
411 2692 490 2730 has
524 2693 705 2732 interest
734 2694 926 2743 spatium
954 2695 1083 2743 atque
1110 2693 1344 2733 editionem
1372 2692 1572 2732 omnibus
1599 2692 1845 2732 absolutam

267 2768 461 2807 numeris
480 2791 531 2796 —
553 2771 727 2809 exstare
755 2771 870 2809 enim
899 2771 943 2810 in
969 2772 1144 2819 tempus
1164 2779 1392 2809 sumamus
1412 2791 1463 2796 —
1483 2768 1634 2807 multis
1650 2767 1845 2817 partibus

269 2844 443 2883 brevius
475 2848 543 2884 est
575 2855 705 2893 quam
738 2846 849 2894 quod
882 2846 993 2885 hanc
1026 2846 1078 2884 ab
1112 2846 1205 2894 ipso
1243 2844 1408 2885 dirimit
1439 2843 1618 2883 Donato.

329 2921 409 2961 Sed
442 2931 526 2960 non
559 2931 709 2961 vereor
736 2932 789 2961 ne
817 2922 860 2961 in
886 2922 967 2962 hac
994 2931 1126 2961 causa
1152 2921 1316 2962 multos
1342 2920 1527 2960 habeam
1553 2917 1838 2959 adversarios.
