2034 3334
1019 272 1079 317 66

1057 394 1167 437 cinis
1195 394 1288 452 ipse
1319 392 1481 453 sepulti

487 464 538 507 In
568 478 707 523 genus
740 463 818 508 hoc
849 467 1031 522 pugnat.

307 535 481 579 Poterat
510 535 590 578 hoc
621 538 848 578 contentus
880 548 992 587 esse3
1026 534 1207 578 adiecit:

710 604 882 649 tumulo
914 618 1082 662 quoque
1115 605 1327 649 sensimus
1359 605 1542 649 hostem.

306 676 393 720 Nec
424 677 503 720 hoc
534 678 758 719 contentus
791 675 971 719 adiecit:

489 747 696 791 Aeacidae
729 747 910 790 fecunda
941 745 1049 790 fui.’'

306 818 533 872 Quantivis
564 818 694 875 pretii
723 817 826 861 haec
858 821 901 861 et
931 818 1158 861 verissima
1189 831 1280 861 esse
1307 818 1403 875 quis
1426 815 1665 863 infitietur?
1694 817 1846 863 Nonne

245 891 458 934 suasoriae
486 894 586 933 sunt
611 888 689 932 illa
715 888 951 946 colloquia,
978 902 1086 945 quae
1111 902 1258 932 secum
1285 888 1446 932 habent
1472 887 1648 940 Medea,
1674 886 1846 948 Scylla,

245 960 420 1019 Byblis,
453 960 635 1019 Myrrha
667 959 949 1004 deliberantes
979 964 1128 1003 utrum
1162 961 1301 1003 amori
1332 974 1410 1004 suo
1441 961 1640 1004 resistant
1665 973 1720 1004 an
1746 973 1848 1018 prae

243 1031 322 1075 illo
352 1036 506 1075 cuncta
536 1030 621 1074 alia
651 1030 778 1073 nihili
810 1028 995 1074 faciant?
1038 1030 1160 1074 Unde
1192 1029 1349 1074 melius
1379 1033 1705 1089 accuratiusque
1736 1043 1846 1088 quae

244 1102 374 1145 fuerit
405 1103 714 1145 controversiae
744 1103 790 1144 in
821 1101 964 1144 schola
995 1101 1179 1144 rhetoris
1210 1101 1381 1145 habitae
1411 1105 1565 1145 natura
1590 1114 1845 1160 cognoscere

244 1186 472 1229 possumus
513 1186 645 1229 quam
688 1187 740 1215 ex
772 1172 1006 1215 Armorum
1038 1170 1229 1215 Iudicio?
1266 1173 1405 1216 Paene
1437 1172 1675 1230 perfectum
1705 1185 1752 1216 se
1780 1172 1846 1218 ibi

245 1257 471 1287 causarum
511 1248 742 1300 patronum
787 1247 974 1300 praestat
1016 1242 1205 1300 Ulysses.
1249 1243 1387 1297 Quam
1423 1248 1524 1302 apto
1555 1243 1730 1288 exordio
1758 1243 1844 1288 sibi

243 1315 439 1358 iudicum
472 1318 600 1371 atque
631 1327 807 1358 coronae
839 1313 1038 1357 conciliat
1069 1312 1259 1357 animos!

427 1385 473 1430 Si
503 1400 600 1429 mea
631 1400 730 1429 cum
763 1387 919 1429 vestris
951 1385 1187 1429 valuissent
1219 1390 1321 1429 vota
1351 1385 1549 1444 Pelasgi,

425 1457 521 1501 Nou
553 1457 664 1500 foret
693 1457 926 1514 ambiguus
958 1458 1067 1499 tanti
1097 1458 1341 1500 certaminis
1372 1457 1508 1509 heres,

427 1527 578 1585 Tuque
609 1530 696 1571 tuis
729 1529 884 1579 armis,
917 1542 993 1570 nos
1025 1530 1067 1571 te
1100 1533 1359 1584 poteremur,
1393 1527 1562 1571 Achille
1593 1542 1629 1571 e.
1647 1542 1688 1586 q.
1705 1542 1740 1573 s.

306 1598 447 1651 Quam
487 1598 718 1656 eleganter,
760 1612 891 1654 quam
933 1600 1045 1641 mira
1090 1600 1293 1642 varietate
1335 1612 1412 1641 sua
1451 1599 1562 1642 facta
1593 1596 1842 1644 enumerati

245 1667 384 1720 Quam
410 1668 562 1711 callide
587 1682 709 1711 suam
736 1682 836 1711 cum
861 1668 1057 1711 iudicum
1084 1682 1210 1712 causa
1236 1671 1527 1712 communicat
1541 1683 1626 1712 vss.
1644 1667 1735 1714 270
1749 1682 1841 1728 sqq.

245 1739 374 1792 (dixit
406 1739 514 1782 Aiax
546 1753 590 1782 se
622 1744 770 1782 contra
799 1739 942 1782 hostes
974 1743 1102 1796 atque
1135 1739 1234 1782 deos
1266 1741 1381 1796 ipsos
1412 1753 1533 1783 arma
1562 1738 1756 1794 tunam:

425 1808 722 1865 Confiteorque
755 1808 882 1852 tulit:
916 1823 1052 1866 neque
1085 1811 1200 1852 enim
1231 1810 1448 1853 benefacta
1479 1810 1671 1869 maligne

425 1880 668 1923 Detrectare
700 1894 847 1923 meum
880 1884 957 1923 est.
990 1880 1074 1923 Sed
1106 1895 1157 1924 ne
1188 1883 1436 1924 communia
1465 1880 1584 1925 solus

424 1950 610 2007 Occupet
641 1954 768 2007 atque
800 1950 990 2007 aliquem
1022 1951 1143 1994 vobis
1173 1966 1340 2008 quoque
1370 1952 1518 1995 reddat
1549 1953 1768 1997 honorem.

303 2020 387 2064 Sed
426 2021 623 2064 callidius
666 2023 797 2065 etiam
838 2035 940 2065 suae
981 2022 1170 2065 invidiae
1211 2027 1378 2079 partem
1418 2025 1464 2066 in
1504 2023 1668 2067 iudices
1698 2024 1853 2085 reiicit

239 2108 323 2137 vss.
359 2093 447 2137 308
474 2106 559 2151 sq.:

695 2165 761 2207 An
793 2164 898 2207 falso
930 2164 1189 2208 Palameden
1221 2166 1401 2208 crimine
1432 2169 1558 2222 turpe
1589 2169 1655 2209 est

420 2236 650 2278 Accusasse
683 2235 813 2287 mihi,
846 2236 969 2278 vobis
1000 2236 1220 2279 damnasse
1253 2234 1484 2279 decorum?

300 2305 355 2348 Et
390 2305 477 2348 313
503 2319 588 2362 sq.:

418 2376 506 2419 Nec
538 2376 841 2419 Poeantiadem
873 2377 985 2433 quod
1016 2378 1144 2420 habet
1175 2376 1380 2420 Vulcania
1411 2377 1619 2429 Lemnos,

420 2446 523 2489 Esse
555 2461 651 2490 reus
684 2449 846 2490 merui:
879 2447 1042 2490 factum
1075 2447 1286 2490 defendite
1320 2451 1537 2499 vestrum,

422 2516 704 2559 Consensistis
736 2519 864 2560 enim.

297 2587 433 2639 Quam
476 2587 690 2643 praeclara
723 2588 903 2644 denique
936 2593 1071 2632 totam
1104 2591 1338 2632 orationem
1371 2588 1532 2631 claudit
1563 2589 1827 2645 peroratione

240 2657 325 2701 373
355 2671 464 2714 sqq.:
1190 2699 1193 2701 .

420 2728 511 2770 Iam
544 2729 664 2772 labor
695 2732 739 2771 in
773 2730 853 2772 fine
885 2735 972 2782 est;
1007 2731 1219 2774 obstantia
1249 2731 1337 2773 fata
1367 2731 1533 2773 removi

371 2841 373 2843 ,
419 2799 601 2855 Altaque
633 2815 754 2856 posse
788 2803 881 2856 capi
912 2801 1102 2845 faciendo
1134 2802 1365 2858 Pergama,
1399 2802 1506 2857 cepi.

419 2869 502 2910 Per
533 2884 626 2925 spes
659 2885 770 2913 nunc
801 2874 933 2914 socias
964 2886 1196 2928 casuraque
1226 2873 1395 2915 moenia
1425 2870 1587 2914 Troum

420 2940 585 2995 Perque
618 2941 715 2983 deos
748 2957 843 2992 oro,
878 2957 984 2998 quos
1017 2943 1130 2986 hosti
1161 2957 1297 2998 nuper
1327 2942 1469 2984 ademi
1500 2955 1535 2983 e.
1553 2955 1593 2996 q.
1612 2955 1646 2983 s.

237 3009 305 3051 Sic
346 3008 447 3050 olim
494 3023 638 3052 causas
679 3017 871 3054 oraverat
913 3012 1082 3064 Cicero,
1125 3015 1184 3055 sic
1226 3011 1539 3056 declamaverat
1571 3011 1753 3054 Ovidius
1784 3015 1828 3054 et
