2034 3334
985 380 1038 418 75

227 504 473 554 percipit
500 504 603 543 illud
630 504 747 544 senis
774 505 911 543 otium
938 506 981 543 et
1006 505 1312 553 loquacitatem
1339 504 1580 554 significare
1606 505 1787 544 videtur.

174 568 176 571 ¹
226 581 387 620 Eodem
428 582 596 629 spectat
637 581 858 620 annotatio
900 581 953 619 ad
984 581 1115 619 verba
1145 581 1237 619 ubi
1279 581 1463 620 satias
1495 602 1548 607 —
1582 581 1788 620 locum:

231 656 515 705 „suffecerant
557 656 609 695 ad
651 657 761 695 hanc
802 656 1065 695 sententiam
1107 657 1187 695 duo
1230 657 1471 705 superiores
1511 667 1676 706 versus,
1715 656 1790 696 sed

227 729 397 786 ἐνέρχεια
430 733 497 771 est
528 732 676 772 senilis
710 732 865 780 eloquii
896 732 1024 771 faceti
1057 734 1100 771 et
1131 733 1290 780 garruli
1322 732 1496 773 simulss'

286 808 502 857 Conspicit
533 808 847 846 Parmenonem
879 818 1014 846 senex
1046 810 1088 846 et
1119 808 1181 847 sic
1213 808 1442 856 alloquitur
1475 811 1551 854 (vs.
1586 809 1708 855 975):

136 880 149 892 ‘
195 871 301 897 “⁰¹⁵
395 928 402 935 ,
435 884 569 933 Quem
601 884 875 934 praestolare,
910 884 1133 932 Parmeno,
1168 883 1237 922 hic
1268 885 1368 923 ante
1400 885 1593 923 ostium?

226 960 302 999 Ille
335 970 404 998 vei
456 941 461 944 .

346 1035 447 1084 Quis
479 1035 684 1074 homost?
716 1036 853 1086 ehem,
889 1035 1057 1074 salvom
1089 1037 1131 1074 te
1164 1036 1376 1085 advenire,
1412 1046 1493 1086 ere,
1528 1037 1703 1085 gaudeo.

225 1111 378 1150 Varias
425 1122 578 1150 causas
619 1112 816 1161 proponit
858 1111 1098 1150 Scholiasta
1139 1121 1213 1149 cur
1254 1111 1369 1149 istud
1411 1111 1536 1159 quis
1568 1112 1791 1151 homost

225 1187 351 1236 dicat,
396 1197 495 1225 cum
536 1198 686 1226 senem
722 1188 1030 1226 adventantem
1062 1187 1334 1235 conspexerit
1364 1187 1576 1235 probeque
1608 1188 1788 1227 noverit.

225 1262 384 1301 Veram
412 1273 507 1302 esse
534 1263 703 1311 opinor:
733 1263 843 1311 quod
870 1273 1015 1302 moras
1042 1263 1220 1311 quaerit,
1249 1262 1331 1311 vel,
1361 1263 1471 1310 quod
1489 1263 1639 1301 eodem
1656 1263 1788 1301 redit:

229 1339 354 1387 „quia
381 1340 491 1387 quod
507 1339 686 1388 parabat
703 1339 842 1378 dicere
859 1340 910 1378 de
928 1338 1128 1388 Chaerea,
1148 1340 1377 1387 postquam
1396 1339 1591 1378 cominus
1609 1341 1789 1379 ventum

225 1416 303 1464 est,
337 1426 421 1454 non
454 1416 582 1454 audet
613 1416 780 1454 dicere''
814 1426 922 1464 quae
954 1416 1056 1454 sunt
1088 1415 1352 1454 Scholiastae
1383 1415 1526 1453 verba.

283 1493 376 1532 Non
398 1493 608 1532 resalutat
625 1504 759 1532 senex
776 1494 851 1532 sed
868 1494 1026 1532 iterum
1043 1494 1186 1541 rogat:
1208 1491 1238 1541 Q
1252 1503 1280 1530 u
1293 1502 1372 1530 em
1399 1503 1424 1540 p
1437 1503 1494 1531 ra
1507 1503 1528 1531 e
1541 1493 1790 1532 stolare‘?

222 1568 1455 1623 QQQm—sffi
1489 1569 1573 1608 Ubi
1604 1579 1705 1608 vero
1737 1580 1790 1608 118

223 1654 337 1683 nunc
378 1644 550 1692 quidem
593 1645 826 1693 quidquam
858 1645 1087 1693 respondet
1118 1645 1343 1694 Parmeno,
1379 1655 1513 1683 senex
1544 1645 1669 1693 plane
1701 1645 1788 1683 iam

222 1720 497 1768 perturbatus
526 1722 765 1770 anxiusque
792 1732 929 1769 neque
957 1721 1157 1760 dubitans
1184 1721 1286 1769 quin
1313 1731 1359 1759 se
1387 1721 1563 1759 absente
1580 1731 1788 1769 magnum

225 1796 394 1844 aliquod
425 1797 590 1835 malum
624 1797 837 1847 acciderit,
873 1797 1006 1836 Hem
1039 1798 1269 1836 exclamat.

284 1872 474 1911 Tandem
506 1872 568 1911 sic
599 1882 774 1911 narrare
807 1873 1018 1911 Parmeno
1051 1872 1200 1921 incipit
1231 1883 1295 1911 vs,
1331 1873 1415 1911 982
1448 1883 1536 1920 sq.:

949 1949 1066 1987 Emit
1098 1949 1311 1996 quendam
1343 1948 1554 1987 Phaedria

2 2049 27 2102 1⁶⁷⁵
461 2023 727 2073 Eunuchum,
762 2034 890 2072 quem
923 2024 1031 2062 dono
1064 2024 1163 2062 huic
1193 2024 1314 2062 daret

0 2098 149 2169 {fssodrr
229 2098 316 2151 „to
323 2100 596 2149 quendam
624 2097 908 2153 {govflsvmstdv
935 2099 1150 2148 significat
1176 2101 1219 2138 et
1246 2098 1438 2139 εὐτέλειαν
1466 2097 1637 2151 ἀνδρός”
1663 2101 1787 2139 Scho-

0 2171 188 2237 ᾒυοῦὅμ
223 2177 353 2216 liasta
383 2178 499 2215 recte
531 2176 743 2215 observat.

0 2171 304 2353 W)
313 2252 393 2291 Pro
425 2252 628 2291 Eunucho
661 2251 850 2291 Chaerea
883 2252 934 2290 ad
966 2252 1173 2290 Thaidem
1206 2253 1272 2290 est
1304 2252 1510 2290 deductus
1542 2252 1683 2300 ibique
1715 2263 1789 2301 pro

224 2328 403 2366 moecho
451 2329 761 2376 comprensus”
810 2329 871 2367 ita
917 2329 1005 2367 fere
1052 2339 1225 2367 narrare
1272 2329 1422 2377 pergit
1470 2329 1601 2367 Recte
1643 2330 1789 2368 autem

227 2403 467 2441 Scholiasta
513 2403 565 2441 ad
607 2414 695 2442 vss.
740 2404 822 2442 991
868 2414 944 2453 sq.,
989 2404 1062 2442 ubi
1094 2404 1168 2442 illa
1198 2414 1292 2452 pro
1324 2404 1586 2443 Eunucho
1621 2406 1664 2443 et
1695 2415 1788 2452 pro

226 2478 452 2516 moecho
485 2478 696 2527 leguntur,
732 2480 932 2517 annotat:
956 2479 1095 2527 „Bene
1122 2480 1352 2528 utrumque
1378 2490 1495 2529 pro,
1525 2480 1625 2528 quia
1650 2490 1787 2528 neque

225 2553 446 2591 eunuchus
493 2554 559 2591 est
608 2554 678 2601 qui
724 2554 897 2592 vitiavit
938 2553 1163 2603 virginem,
1207 2565 1343 2602 neque
1384 2555 1590 2594 moechus
1633 2556 1703 2603 qui
1746 2556 1788 2594 in

225 2628 351 2666 domo
393 2628 648 2667 meretricia.
683 2629 735 2667 Et
767 2630 913 2677 specta
945 2639 1075 2676 quam
1107 2630 1290 2668 oratorie
1322 2630 1592 2669 transtulerit
1612 2626 1638 2676 ¹)
1671 2641 1787 2669 men-

263 2749 284 2784 1)
303 2749 371 2777 Nos
389 2749 428 2777 de
447 2748 559 2782 aliqua
579 2748 746 2776 comoedia
766 2750 940 2777 narrantes
959 2748 1007 2777 sic
1029 2748 1118 2783 loqui
1137 2750 1297 2778 solemus:
1322 2750 1373 2786 „in
1394 2749 1536 2779 Terentii
1557 2750 1714 2780 Eunucho
1738 2751 1789 2783 (ut

224 2800 286 2828 hoc
314 2802 391 2829 utar
418 2799 580 2835 exemplo)
609 2807 726 2828 servus
754 2806 866 2828 senem
892 2800 1067 2836 decipit3
1090 2800 1220 2835 culpam
1246 2802 1414 2831 malefacti
1441 2803 1475 2831 in
1497 2802 1686 2831 meretrices
1706 2810 1789 2832 con-

225 2852 342 2886 fert;”
365 2852 427 2887 vel,
447 2858 545 2880 versu
565 2851 675 2887 citato,
698 2851 790 2887 „vide
810 2859 908 2886 quam
929 2852 1034 2887 lepide
1061 2860 1096 2881 se
1115 2853 1276 2882 Parmeno
1296 2853 1519 2883 defendat.’'
1540 2854 1652 2883 Sermo
1675 2856 1787 2884 autem

227 2903 431 2931 Scholiastae
447 2902 509 2931 hoc
525 2902 627 2931 habet
645 2904 683 2932 ut
694 2903 760 2931 fere
771 2910 901 2938 semper
910 2904 1100 2933 huiusmodi
1110 2904 1191 2933 locis
1205 2913 1227 2946 p
1236 2912 1253 2933 e
1261 2912 1277 2933 r
1284 2904 1299 2932 f
1303 2912 1320 2933 e
1328 2913 1344 2933 c
1352 2907 1367 2934 t
1374 2913 1395 2934 u
1403 2913 1436 2934 m
1452 2907 1530 2945 tem
1539 2914 1559 2946 ρ
1568 2914 1589 2935 u
1598 2915 1615 2936 s
1633 2908 1788 2942 ponatur.

226 2953 317 2990 Quod
336 2955 441 2984 semel
462 2955 659 2984 observasse
682 2954 903 2984 utilissimum
924 2957 977 2985 est
996 2956 1025 2984 ei
1049 2956 1104 2990 qui
1125 2956 1347 2986 Scholiastam
1367 2959 1518 2987 excutere
1540 2958 1632 2987 velit.
