2034 3334
1039 362 1096 405 86

314 484 541 530 Hertzium
587 485 682 529 dico
725 511 780 517 —
824 486 1065 530 incredibili
1096 487 1315 544 diligentia
1343 488 1646 544 indefessoque
1675 487 1821 532 labore

315 563 609 620 quaestionem
641 563 751 606 hanc
783 565 1079 620 pertractavit3
1111 565 1221 607 nihil
1252 565 1324 609 ille
1349 565 1552 622 neglexit,
1579 565 1686 608 nihil
1705 565 1820 622 quod

315 641 367 684 ab
400 641 495 684 aliis
528 644 618 684 erat
650 641 826 684 allatum
861 643 954 686 sine
987 655 1134 686 severa
1160 656 1343 687 censura
1367 643 1574 701 probavit,
1601 645 1686 687 nisi
1703 644 1820 701 quod

315 718 369 761 ad
408 718 674 774 quaestionis
706 722 868 775 partem
902 720 1133 777 quandam,
1166 733 1254 763 non
1283 734 1458 777 parvam
1490 721 1619 776 illam,
1649 722 1734 764 iam
1766 720 1820 764 ab

314 795 411 837 aliis
442 797 529 837 tam
562 795 732 851 egregie
763 808 1019 852 responsum
1047 800 1193 839 censet
1219 800 1268 840 ut
1293 797 1401 840 nihil
1428 797 1696 852 mutandum,
1712 797 1821 840 nihil

314 870 560 915 addendum
603 872 669 914 sit.
700 871 945 916 Audiamus
976 885 1077 929 ergo
1111 886 1221 929 quae
1251 886 1364 916 nova
1394 873 1466 917 ille
1496 873 1722 930 protulerit
1752 874 1821 917 vel

314 952 415 992 nota
450 951 537 992 iam
570 952 697 993 antea
729 950 871 993 denuo
905 951 1182 1004 examinarit3
1218 951 1323 1008 quid
1357 954 1554 994 accurate
1584 963 1631 994 re
1662 949 1820 994 delibe-

313 1030 406 1070 rata
441 1027 637 1070 statuerit
678 1030 720 1070 et
752 1041 838 1084 quo
870 1028 965 1071 iure
996 1028 1233 1084 videamus,
1262 1032 1476 1085 postremo
1509 1028 1562 1071 de
1586 1028 1668 1080 ‚illa
1700 1030 1821 1084 parte

314 1117 444 1160 quam
490 1103 602 1147 nulli
643 1103 872 1147 obnoxiam
914 1108 1060 1149 censet
1102 1105 1359 1148 dubitationi
1404 1105 1510 1162 quid
1540 1105 1819 1149 iudicandum

314 1181 370 1224 sit
402 1193 673 1237 quaeramus.

376 1255 571 1300 Ovidii
601 1258 817 1301 notissimi
849 1258 1052 1301 versiculi
1084 1262 1209 1302 sunt:

410 1413 416 1422 v,
493 1367 550 1411 Et
580 1369 720 1411 tenuit
751 1371 919 1412 nostras
951 1382 1210 1412 numerosus
1242 1367 1448 1413 Horatius
1474 1383 1602 1414 aures
1642 1405 1647 1422 ,
1703 1426 1706 1429 ¹
1731 1420 1747 1427 ,s

294 1463 391 1502 ,a
552 1443 670 1488 Dum
701 1444 799 1510 ferit
830 1445 1027 1488 Ausonia
1060 1446 1250 1488 carmina
1281 1446 1397 1489 culta
1427 1447 1533 1501 lyra.
1587 1447 1603 1473 -‘'
1630 1436 1652 1466 s
1683 1424 1733 1452 ›²-

371 1554 531 1598 Tenuis
559 1554 637 1617 flJP:
662 1554 934 1598 Meierottoni
958 1555 1055 1615 laus
1082 1555 1253 1611 videtur
1278 1569 1420 1612 neque
1448 1556 1552 1599 mihi
1569 1556 1820 1613 magnifica:

313 1632 359 1674 in
402 1634 588 1675 mentem
631 1632 744 1674 enim
788 1632 907 1674 venit
938 1631 1048 1675 alius
1079 1632 1164 1675 loci
1195 1632 1261 1687 (A.
1278 1633 1330 1674 A.
1361 1632 1441 1688 III,
1475 1633 1560 1675 333
1593 1634 1716 1690 sqq.),
1747 1632 1822 1676 ubi

315 1708 441 1752 multi
484 1708 658 1764 quidem
689 1709 970 1752 nominantur
997 1712 1158 1765 poe'tae,
1190 1709 1242 1752 de
1272 1708 1451 1752 Horatio
1483 1713 1627 1752 autem
1659 1709 1822 1765 siletur,

316 1799 592 1842 quamquam,
634 1786 671 1828 si
707 1798 857 1829 revera
896 1787 1042 1843 magni
1082 1799 1182 1829 eum
1211 1786 1371 1830 faceret
1403 1785 1596 1842 Ovidius,
1627 1787 1821 1831 omittere

314 1875 403 1905 non
441 1865 629 1919 poterat:

492 1963 549 2007 Et
579 1965 717 2007 teneri
746 1965 885 2020 possis
917 1977 1089 2007 carmen
1120 1964 1276 2020 legisse
1306 1963 1513 2020 Properti,

554 2040 654 2084 Sive
687 2041 851 2097 aliquid
884 2039 1008 2097 Galli,
1044 2041 1145 2093 sive,
1174 2040 1354 2096 Tibulle,
1384 2044 1535 2084 tuum:

493 2117 707 2174 Dictaque
737 2117 924 2160 Varroni
953 2117 1086 2160 fulvis
1116 2118 1305 2174 insignia
1336 2117 1452 2160 villis

553 2194 724 2238 Vellera
755 2206 995 2251 germanae,
1027 2194 1202 2250 Phrixe,
1235 2194 1452 2250 querenda
1489 2197 1611 2237 tuae:

494 2271 550 2314 Et
581 2271 811 2328 profugum
844 2271 1035 2326 Aenean,
1066 2270 1174 2313 altae
1204 2271 1438 2326 primordia
1469 2270 1644 2326 Romae,

556 2347 651 2399 Quo
684 2348 854 2391 nullum
885 2347 1007 2390 Latio
1040 2347 1198 2390 clarius
1230 2350 1371 2390 exstat
1401 2361 1525 2403 opus.

376 2457 499 2508 Quod
556 2461 699 2500 autem
760 2457 912 2500 doctus
965 2457 1141 2513 quidam
1189 2458 1256 2499 vir
1302 2458 1573 2514 excogitavit,
1622 2456 1818 2500 versibus

316 2535 552 2576 269—272
585 2533 704 2576 Libri
739 2533 806 2576 11:

496 2634 612 2685 Quin
645 2635 773 2678 etiam
802 2634 1020 2690 turdoque
1050 2635 1150 2678 licet
1184 2635 1400 2691 missaque
1433 2634 1629 2678 columba

554 2712 610 2754 Te
642 2725 874 2755 memorem
906 2712 1102 2755 dominae
1134 2712 1359 2755 testificere
1390 2715 1499 2755 tuae.

493 2788 689 2844 Turpiter
719 2789 786 2832 his
818 2790 975 2832 emitur
1007 2802 1104 2845 spes
1137 2790 1287 2831 mortis
1319 2792 1362 2832 et
1392 2788 1494 2831 orba
1526 2792 1735 2832 senectus.

554 2865 608 2920 A,
639 2869 825 2921 pereant,
859 2879 933 2922 per
965 2879 1073 2922 quos
1105 2878 1284 2908 munera
1316 2865 1477 2907 crimen
1510 2864 1667 2908 habent

2025 665 2034 673 a
2024 467 2034 660 h..--.·.0fl—-mu
2024 384 2025 387 Α
2020 359 2022 361 ’
