2034 3334
1041 389 1094 428 16

281 516 333 555 ad
376 526 427 555 ea
467 525 576 564 quae
618 515 798 555 iamiam
831 498 1069 565 rogaturus
1109 515 1253 555 sum”.
1297 515 1663 567 Interrogationes
1696 517 1847 562 autem

280 602 432 631 omnes
478 590 578 631 illae
624 601 777 631 vocem
822 591 998 631 talem
1044 600 1198 631 versus
1243 592 1323 632 161
1367 592 1615 643 respiciunt.
1658 581 1718 636 sr‘
1742 602 1848 639 vero

279 666 484 717 fingimus
535 667 830 707 sollicitat
875 666 953 710 hic.
993 677 1089 707 esse
1139 668 1210 717 „te
1254 677 1281 707 a
1326 677 1398 708 me
1444 668 1685 714 abstrahit”
1731 670 1850 717 recte

279 745 439 784 habent
470 743 628 784 omnia.

343 821 424 860 164
457 830 520 869 sq.
555 820 642 859 Sua
672 819 784 860 dona
815 821 1148 864 enumeraturus
1180 819 1392 872 Phaedria
1421 821 1485 862 sic
1504 821 1688 873 incipit:
1772 821 1777 825 ’

546 896 660 936 Ν11111
691 896 811 936 solus
843 896 914 936 ille
946 897 1058 936 dona
1091 896 1198 936 dat?
1228 895 1424 938 Nuncubi
1454 908 1605 939 meam

547 972 869 1023 Benignitatem
900 973 1078 1013 sensisti
1109 972 1154 1013 in
1185 974 1229 1014 te
1261 973 1463 1015 claudier.

277 1050 463 1090 Vetusta
502 1049 610 1089 haec
650 1050 719 1089 est
761 1049 901 1099 lectio,
946 1049 991 1089 in
1032 1039 1118 1099 qua
1159 1049 1348 1090 claudi
1389 1051 1458 1091 est
1492 1060 1598 1092 non
1626 1051 1847 1102 patorem

279 1126 364 1166 alia
388 1126 516 1167 lectio
543 1129 611 1167 est
637 1127 918 1178 claudere,
946 1129 996 1168 ut
1017 1122 1283 1170 611111ᾶὸ16
1309 1129 1369 1169 sit
1383 1127 1848 1172 idemacclauder‘e

279 1203 560 1251 (claudicare).
590 1204 727 1255 Quam
744 1205 846 1244 licet
862 1205 1088 1245 defendere
1105 1217 1183 1256 ego
1201 1207 1351 1246 contra
1365 1216 1640 1247 summorum
1650 1205 1849 1257 virorum

278 1281 583 1321 auctoritatem
625 1281 772 1332 nolim,
816 1284 967 1322 tamen
1009 1293 1148 1332 neque
1188 1283 1348 1323 reticeo
1389 1283 1549 1324 111-1116
1591 1281 1848 1325 claudier

278 1367 374 1408 esse
415 1358 527 1406 quod
567 1357 683 1397 male
724 1368 795 1398 me
837 1358 1007 1398 habeat.
1051 1358 1252 1399 Afferunt
1292 1360 1407 1399 hunc
1447 1358 1665 1400 Ciceronis
1702 1357 1848 1400 locum

278 1433 344 1479 (de
377 1433 456 1473 Off.
490 1434 543 1484 II,
577 1435 668 1480 15):
705 1434 818 1483 „Nec
850 1435 912 1474 ita
943 1435 1181 1475 claudenda
1211 1437 1280 1475 est
1309 1446 1380 1475 res
1410 1428 1719 1476 familiaris-fut
1748 1444 1848 1475 eam

277 1508 521 1558 benignitas
554 1510 718 1559 aperire
749 1520 835 1550 non
866 1511 1016 1561 possit,
1051 1521 1130 1550 1166
1162 1511 1224 1551 ita
1254 1511 1486 1551 reseranda
1510 1511 1561 1550 ut
1583 1511 1739 1560 pateat
1756 1519 1846 1552 om-

277 1584 446 1625 nibus”.
499 1585 582 1625 Sed
630 1585 688 1624 ibi
729 1585 872 1634 imago
915 1586 989 1625 illa
1029 1586 1168 1626 multo
1211 1587 1452 1636 elegantius
1494 1587 1538 1626 et
1577 1585 1740 1628 rectius
1779 1586 1849 1627 est

278 1661 482 1701 adhibita.
525 1661 578 1701 Et
618 1663 766 1700 nostro
803 1661 992 1724 Terentii
1033 1662 1126 1702 1666
1168 1662 1354 1702 Tulliani
1395 1663 1562 1702 ratione
1591 1661 1742 1705 habita
1769 1670 1847 1712 pro

191 1751 201 1756 ·
279 1738 331 1776 in
377 1739 431 1777 te
477 1737 738 1786 requirimus
783 1738 904 1777 tibi.
949 1737 1171 1786 Bentlejus
1202 1738 1406 1778 coniecit:
1440 1737 1844 1788 intercludier,
1885 1789 1890 1796 ε

279 1814 390 1862 quod
420 1824 574 1862 parurn
605 1813 842 1853 verisimile
873 1815 1045 1863 propter
1076 1813 1207 1853 Andr.
1242 1814 1351 1854 573:

515 1889 621 1929 Nolo
653 1889 731 1929 tibi
763 1889 900 1928 ullum
933 1890 1210 1929 commodum
1242 1889 1286 1928 in
1317 1890 1388 1928 me
1420 1889 1620 1938 claudier,

278 1965 350 2004 ubi
381 1965 435 2004 in
467 1975 547 2005 me
579 1965 836 2005 claudier
866 1965 1036 2016 legitur,
1070 1967 1115 2004 et
1145 1967 1260 2004 recte
1292 1965 1412 2004 tibi.

338 2051 402 2080 vs
440 2042 522 2081 165
554 2051 646 2090 sqq.
709 2041 828 2080 Haec
859 2051 959 2090 ergo
989 2040 1197 2080 beneficia
1228 2051 1307 2081 sua
1338 2041 1491 2080 Thaidi
1517 2040 1562 2080 in
1587 2039 1847 2086 memoriam

279 2118 454 2156 revocat
485 2117 717 2157 Phaedria:

516 2193 665 2232 Nonne
696 2193 769 2232 ubi
800 2193 862 2232 mi
895 2193 1005 2233 dixti
1037 2203 1191 2243 cupere
1222 2196 1266 2233 te
1298 2205 1354 2234 ex
1384 2193 1615 2243 Aethiopia

515 2269 791 2319 Ancillulam,
824 2269 990 2309 relictis
1021 2270 1150 2309 rebus
1181 2270 1382 2309 omnibus

516 2345 749 2396 Quaesivi?
780 2356 904 2395 porro
935 2346 1191 2386 Eunuchum
1223 2346 1334 2386 dixti
1365 2346 1476 2386 velle
1506 2347 1563 2395 te,

516 2421 623 2470 Quia
653 2422 770 2461 solae
801 2424 982 2462 utuntur
1012 2423 1080 2461 his
1111 2422 1306 2471 reginae:
1340 2422 1517 2472 repperi.

280 2496 440 2535 Omnes
496 2497 650 2536 horum
707 2508 914 2537 versuum
954 2498 1120 2547 lepores
1162 2499 1360 2537 accurate
1402 2498 1563 2537 indicat
1604 2494 1846 2543 Scholiasta

280 2572 545 2611 annotando:
599 2573 730 2622 „Vide
782 2574 1147 2621 quemadmodum
1199 2574 1402 2613 exhibeat
1437 2575 1566 2622 atque
1613 2582 1845 2615 aerumnas

279 2647 360 2686 sibi
392 2648 741 2688 difficillimorum
772 2639 1002 2688 munerum
1030 2650 1145 2689 dicat
1171 2649 1430 2698 imposuisse
1457 2649 1742 2689 meretricem.
1770 2647 1846 2688 Ex

280 2723 583 2773 Aethiopia
632 2725 967 2764 ancillulam
1011 2725 1148 2774 inquit
1190 2725 1338 2764 dixti
1380 2726 1434 2764 te
1477 2735 1692 2774 cupere.
1737 2723 1844 2774 Quid

280 2807 356 2845 ego
384 2799 464 2837 feei
492 2799 535 2837 in
563 2810 607 2837 re
635 2800 740 2838 coeli
768 2802 811 2839 et
838 2800 942 2839 solis
970 2803 1013 2840 et
1034 2811 1168 2850 paene
1186 2801 1300 2840 orbis
1317 2800 1528 2840 alterius?
1555 2799 1840 2850 quaesivi,

280 2884 363 2912 non
406 2875 521 2913 6111111
555 2875 598 2913 111
630 2878 830 2924 promptu
862 2879 966 2916 erat.
999 2877 1160 2916 Deinde
1191 2888 1277 2917 non
1307 2877 1472 2927 petiisti
1503 2877 1578 2916 sed
1610 2876 1840 2926 dixisti,

280 2960 357 2989 nec
390 2950 499 2989 velle
531 2952 574 2989 te
606 2952 679 2989 sed
714 2962 935 3002 cupere,
971 2963 1055 2992 non
1087 2953 1257 3008 nigram
1287 2953 1364 2993 sed
1395 2963 1450 2992 ex
1479 2952 1709 3002 Aethiopia
1720 2964 1730 3002 ;
1764 2962 1843 2993 nec

1879 23 1957 68 ,εζνίἐᾎιῑῗ

1871 81 1879 94 ..z
1894 70 1967 101 ’Ῑᾎμέέίὲ

1878 186 1909 210 1517
1967 189 1982 206 ,ιτ

1835 222 1838 240 j
1905 216 1908 218 ⁷
1950 239 1954 245 .
1966 215 1979 236 ’.1

1840 243 1860 263 ..V

1987 429 1996 450 *ἑ

1992 461 2004 479 3

1995 479 2006 491 «ρ,

2003 596 2007 604 s

2007 1014 2015 1022 ι

1941 1060 1951 1073 ι
