2034 3334
944 254 1002 299 5¹7

236 375 445 420 60-4'78
472 376 747 434 Pythagorae
774 376 1048 433 philosophia
1075 378 1314 432 exponitur,
1340 375 1620 432 descriptione
1643 388 1769 431 quae,

172 462 248 504 per
288 462 331 490 se
371 451 581 504 spectata,
625 461 783 504 magna
823 447 949 490 laude
989 451 1053 490 est
1085 447 1216 503 digna
1248 447 1321 490 sed
1353 449 1468 489 iusto
1500 448 1663 497 maius,
1697 446 1768 488 hic

174 517 310 569 certe,
354 522 532 574 occupat
575 520 777 574 spatium.
821 518 933 560 Nam
974 522 1114 560 totum
1155 518 1321 560 Numae
1362 531 1546 574 regnum
1580 520 1623 559 et
1653 530 1767 558 mors

173 591 263 632 eius
294 595 455 645 septem
490 589 712 631 versiculis
744 588 1021 641 (479-485)
1054 588 1303 631 absolvitur.

235 659 444 702 486—90
491 659 658 702 Deflent
706 660 897 703 Numam
943 661 1078 710 cives,
1127 659 1252 701 deflet
1300 659 1458 716 Egeria
1501 673 1622 710 uxor,
1662 671 1769 714 quae

173 730 361 773 Ariciam
404 729 514 772 redit
556 744 683 786 seque
724 731 785 772 ibi
827 730 967 772 luctui
1004 731 1289 786 tristitiaeque
1321 731 1604 786 gravissimae
1637 729 1766 771 dedit.

176 799 376 844 Versibus
408 803 548 843 utitur
579 801 694 843 hisce
727 805 872 857 poeta:

353 872 627 914 Exstinctum
658 871 888 928 Latiaeque
920 886 1054 913 nurus
1085 871 1353 928 populusque
1383 875 1608 928 patresque

355 942 572 985 Deflevere
603 943 808 985 Numam.
842 943 954 985 Nam
985 944 1169 985 coniunx
1202 943 1308 985 urbe
1341 942 1490 985 relicta

354 1012 488 1055 Vallis
522 1013 718 1055 Aricinae
750 1013 889 1055 densis
919 1012 1028 1055 latet
1059 1013 1204 1055 abdita
1236 1013 1372 1055 silvis.

178 1082 280 1126 Vide
312 1097 438 1139 quam
474 1085 618 1125 omnia
650 1082 782 1125 simul
815 1087 983 1139 poetam
1014 1087 1211 1126 nostrum
1239 1083 1448 1126 deficiant.
1484 1082 1596 1125 Satis
1622 1084 1766 1139 inepte

175 1154 245 1197 hic
277 1156 518 1197 coniunctio
549 1169 639 1195 nam
672 1155 809 1210 posita
840 1158 926 1197 est:
967 1168 1111 1196 omnes
1142 1154 1335 1197 homines
1366 1154 1554 1197 Numam
1588 1153 1765 1203 deflent,

172 1239 279 1267 uxor
310 1239 410 1267 vero
441 1226 534 1267 eius
564 1227 607 1266 in
640 1238 688 1267 ea
719 1239 763 1267 re
795 1225 972 1267 modum
1000 1225 1178 1267 excedit.
1211 1224 1361 1280 Ipsum
1387 1224 1497 1266 illud
1523 1239 1626 1274 vera,
1656 1223 1767 1279 quod

172 1297 217 1338 in
250 1310 346 1338 mea
378 1296 616 1351 periphrasi
647 1295 824 1352 legitur,
857 1296 927 1338 hic
958 1300 1048 1338 erat
1080 1295 1326 1351 ponendum
1358 1299 1400 1338 et
1432 1297 1621 1351 positum
1654 1298 1764 1336 esset

152 1379 197 1408 'a
239 1371 365 1422 poeta
403 1368 439 1408 si
470 1365 597 1422 paulo
628 1368 771 1408 minus
803 1366 1072 1423 negligenter
1102 1368 1147 1408 in
1178 1367 1256 1409 hoc
1289 1366 1379 1408 loco
1412 1371 1522 1408 esset
1555 1370 1764 1408 versatus.

172 1437 255 1480 Ubi
297 1451 409 1479 nunc
450 1436 559 1479 illud
601 1452 704 1487 nam,
749 1437 861 1492 quod
903 1441 1113 1492 quantum
1157 1451 1280 1492 saepe
1322 1439 1365 1478 in
1400 1437 1612 1492 prioribus
1644 1435 1765 1477 libris

173 1507 329 1564 (figura
375 1521 483 1563 quae
519 1507 762 1561 praeteritio
808 1507 982 1560 dicitur)
1031 1509 1110 1550 toti
1157 1508 1338 1550 viciniae
1379 1508 1598 1563 praeberet
1638 1507 1764 1548 decus

172 1591 299 1634 supra
329 1581 389 1634 (p.
423 1576 481 1619 44
508 1582 588 1633 sq.)
621 1576 839 1620 vidimus?

234 1647 474 1690 490—546
505 1647 699 1690 Flentem
731 1648 1016 1704 afflictamque
1048 1648 1250 1704 Egeriam
1277 1648 1404 1691 solari
1430 1653 1635 1691 conantur
1662 1650 1764 1690 vici-

171 1732 249 1761 nae
292 1719 532 1776 nymphae;
576 1719 724 1761 eodem
757 1718 931 1761 consilio
964 1718 1015 1760 ad
1047 1733 1141 1760 eam
1176 1721 1296 1761 venit
1329 1719 1563 1770 „Theseius
1595 1718 1762 1762 heros'’.

173 1788 345 1831 Virbius
390 1790 428 1831 is
474 1792 561 1839 est,
612 1790 680 1830 cui
728 1789 982 1845 Hyppolyto
1031 1793 1153 1830 antea
1199 1804 1350 1831 nomen
1393 1790 1489 1831 fuit.
1535 1789 1766 1846 Hippolyti

170 1861 339 1901 tristem
372 1863 530 1901 sortem
562 1873 613 1901 ex
645 1859 877 1914 Euripides
908 1859 1053 1901 fabula
1084 1864 1240 1902 norunt
1267 1875 1425 1902 omnes.
1459 1860 1686 1902 Recentior
1714 1859 1764 1902 de

171 1943 218 1971 eo
251 1931 435 1971 narratio
466 1930 536 1971 hic
566 1929 761 1971 additur:
794 1931 839 1971 in
872 1931 1010 1972 vitam
1044 1944 1143 1971 eum
1177 1930 1346 1972 reduxit
1380 1930 1684 1986 Aesculapius,
1717 1933 1760 1972 in

168 1998 339 2041 Italiam
381 1998 603 2041 transtulit
644 1999 802 2050 Diana,
838 2014 944 2055 quae
977 2002 1118 2055 prius,
1152 2015 1204 2042 ne
1236 2002 1288 2043 ab
1320 2001 1413 2043 aliis
1445 2003 1643 2057 cognosci
1675 2016 1765 2057 pos-

172 2074 256 2120 set,
300 2083 375 2125 pro
417 2068 598 2111 iuvenili
640 2069 812 2112 virilem
847 2071 885 2111 ei
917 2070 1086 2112 dederat
1118 2070 1305 2112 vultum.
1340 2070 1423 2113 Hic
1455 2085 1556 2127 ergo
1589 2071 1762 2113 Virbius

172 2141 335 2195 erigere
376 2141 586 2181 iacentem
619 2144 913 2195 moestamque
947 2144 1106 2190 tentat,
1139 2154 1222 2195 quo
1255 2141 1379 2183 modo
1410 2140 1564 2196 putas?
1596 2142 1761 2197 Nempe

173 2210 380 2252 narrando
421 2223 526 2265 quae
569 2210 649 2251 sibi
691 2209 783 2251 dira
824 2212 1017 2266 miraque
1051 2212 1281 2253 evenerint.
1319 2213 1374 2253 At
1405 2212 1530 2267 quid,
1564 2213 1760 2264 obsecro,

172 2280 353 2336 Egeriae
385 2281 562 2322 tristitia
594 2294 819 2322 commune
853 2280 981 2323 habet
1013 2295 1111 2322 cum
1144 2281 1374 2338 Hippolyti
1406 2283 1572 2324 casibus
1606 2282 1764 2326 variis?

172 2350 252 2393 Illa
293 2352 507 2406 optimum
550 2352 756 2392 maritum
801 2352 969 2400 amisit,
1013 2352 1057 2391 iu
1100 2352 1213 2393 hunc
1253 2352 1502 2407 Neptunus,
1537 2353 1764 2396 detestanti

171 2421 258 2464 filio
291 2421 476 2471 Theseo,
520 2420 750 2477 Hippolyti
790 2422 924 2476 patri,
959 2435 1124 2463 morem
1158 2436 1331 2477 gerens,
1366 2426 1607 2465 monstrum
1640 2426 1765 2466 mari-

171 2506 275 2534 num
323 2492 532 2541 immisit,
581 2505 663 2546 quo
698 2492 844 2532 territi
887 2492 984 2545 equi
1027 2493 1118 2533 eius
1159 2506 1311 2548 corpus
1352 2493 1539 2544 domini,
1583 2508 1604 2536 e
1637 2509 1764 2536 curru

173 2575 399 2604 excussum
441 2561 513 2603 sed
554 2560 655 2602 loris
697 2560 955 2616 impeditum
997 2575 1072 2616 per
1112 2575 1211 2603 saxa
1253 2563 1430 2605 trahunt
1461 2563 1761 2621 virgultaque,

170 2633 232 2674 ita
273 2635 330 2673 ut‘
365 2631 631 2673 dirissimum
672 2633 716 2672 in
749 2630 927 2672 modum
960 2630 1202 2674 dilanietur.
1238 2633 1364 2688 Apud
1395 2634 1555 2676 inferos
1589 2635 1761 2677 demum

172 2702 254 2752 dii,
287 2715 393 2757 quos
423 2703 491 2757 pie
523 2701 680 2752 coluit,
709 2715 833 2756 opem
861 2703 900 2743 ei
926 2702 1086 2744 ferunt:
1115 2704 1251 2745 vitam
1279 2718 1514 2760 corpusque
1540 2707 1761 2761 integrum

171 2771 310 2814 reddit
351 2771 652 2827 Aesculapius,
696 2774 837 2813 tutam
871 2771 1013 2814 sedem
1045 2773 1089 2813 in
1122 2772 1246 2816 Italia
1278 2774 1351 2816 dat
1382 2774 1529 2818 Diana.
1565 2776 1677 2828 Quid
1709 2791 1760 2819 ex

171 2845 261 2883 tota
302 2843 539 2883 narratione
582 2842 740 2883 discere
783 2845 923 2896 potest
954 2841 1139 2897 Egeria?
1171 2843 1316 2894 Nihil,
1350 2847 1509 2900 opinor,
1541 2848 1623 2888 nisi
1657 2846 1759 2889 hoc:

175 2911 256 2953 diis
287 2911 527 2954 faventibus
557 2913 603 2952 in
630 2911 784 2953 melius
812 2925 936 2967 saepe
963 2914 1152 2954 converti
1180 2927 1245 2955 res
1270 2916 1551 2957 tristissimas.
1584 2917 1763 2972 Aptiora

174 2981 304 3024 huius
335 2982 397 3024 rei
428 2981 580 3024 adsunt
612 2981 829 3037 exempla,
857 2981 1001 3024 Virbio
1029 2987 1171 3025 nostro
1198 2997 1305 3039 opus
1330 2999 1413 3027 non
1441 2990 1517 3028 est.
1551 2986 1607 3028 Et
1633 3000 1763 3042 quam
