<?xml version="1.0" encoding="UTF-8"?>
<!DOCTYPE html PUBLIC "-//W3C//DTD XHTML 1.0 Transitional//EN"
    "http://www.w3.org/TR/xhtml1/DTD/xhtml1-transitional.dtd">
<html xmlns="http://www.w3.org/1999/xhtml" xml:lang="en" lang="en">
 <head>
  <title>
</title>
<meta http-equiv="Content-Type" content="text/html;charset=utf-8" />
  <meta name='ocr-system' content='tesseract 3.04.00' />
  <meta name='ocr-capabilities' content='ocr_page ocr_carea ocr_par ocr_line ocrx_word'/>
</head>
<body>
  <div class='ocr_page' id='page_1' title='image "./dehoratiopota00hartuoft_0159.png"; bbox 0 0 2034 3334; ppageno 0'>
   <div class='ocr_carea' id='block_1_1' title="bbox 0 0 92 3279">
    <p class='ocr_par' dir='ltr' id='par_1_1' title="bbox 0 0 92 3279">
     <span class='ocr_line' id='line_1_1' title="bbox 0 0 92 3279; baseline 0 0"><span class='ocrx_word' id='word_1_1' title='bbox 0 0 92 3279; x_wconf 95' lang='lat' dir='ltr'> </span> 
     </span>
    </p>
   </div>
   <div class='ocr_carea' id='block_1_2' title="bbox 906 363 989 406">
    <p class='ocr_par' dir='ltr' id='par_1_2' title="bbox 906 363 989 406">
     <span class='ocr_line' id='line_1_2' title="bbox 906 363 989 406; baseline 0.012 -1"><span class='ocrx_word' id='word_1_2' title='bbox 906 363 989 406; x_wconf 83' lang='lat'>151</span> 
     </span>
    </p>
   </div>
   <div class='ocr_carea' id='block_1_3' title="bbox 216 485 1725 2374">
    <p class='ocr_par' dir='ltr' id='par_1_3' title="bbox 216 485 1717 924">
     <span class='ocr_line' id='line_1_3' title="bbox 216 485 1716 544; baseline -0.002 -14"><span class='ocrx_word' id='word_1_3' title='bbox 216 486 438 537; x_wconf 75' lang='lat' dir='ltr'>Maecenas</span> <span class='ocrx_word' id='word_1_4' title='bbox 484 490 597 530; x_wconf 85' lang='lat' dir='ltr'>amat</span> <span class='ocrx_word' id='word_1_5' title='bbox 643 487 841 543; x_wconf 80' lang='lat' dir='ltr'><strong>puellam.</strong></span> <span class='ocrx_word' id='word_1_6' title='bbox 890 487 1004 544; x_wconf 86' lang='lat' dir='ltr'>Ergo</span> <span class='ocrx_word' id='word_1_7' title='bbox 1051 500 1193 543; x_wconf 89' lang='lat' dir='ltr'>neque</span> <span class='ocrx_word' id='word_1_8' title='bbox 1237 487 1416 543; x_wconf 88' lang='lat' dir='ltr'>pulchra</span> <span class='ocrx_word' id='word_1_9' title='bbox 1456 485 1630 539; x_wconf 82' lang='lat' dir='ltr'><strong>Phryne</strong></span> <span class='ocrx_word' id='word_1_10' title='bbox 1674 487 1716 527; x_wconf 89' lang='lat' dir='ltr'>et</span> 
     </span>
     <span class='ocr_line' id='line_1_4' title="bbox 216 562 1714 620; baseline -0.002 -14"><span class='ocrx_word' id='word_1_11' title='bbox 216 563 414 620; x_wconf 88' lang='lat' dir='ltr'>perfidiae</span> <span class='ocrx_word' id='word_1_12' title='bbox 459 565 717 620; x_wconf 83' lang='lat' dir='ltr'>exemplum.</span> <span class='ocrx_word' id='word_1_13' title='bbox 762 563 913 619; x_wconf 89' lang='lat' dir='ltr'>Quem,</span> <span class='ocrx_word' id='word_1_14' title='bbox 956 564 1142 619; x_wconf 89' lang='lat' dir='ltr'>obsecro,</span> <span class='ocrx_word' id='word_1_15' title='bbox 1183 564 1323 620; x_wconf 88' lang='lat' dir='ltr'>turpis</span> <span class='ocrx_word' id='word_1_16' title='bbox 1354 563 1498 619; x_wconf 88' lang='lat' dir='ltr'>puella</span> <span class='ocrx_word' id='word_1_17' title='bbox 1529 575 1553 605; x_wconf 91' lang='lat' dir='ltr'>e</span> <span class='ocrx_word' id='word_1_18' title='bbox 1584 562 1714 618; x_wconf 86' lang='lat' dir='ltr'>vulgo</span> 
     </span>
     <span class='ocr_line' id='line_1_5' title="bbox 217 638 1716 697; baseline -0.002 -15"><span class='ocrx_word' id='word_1_19' title='bbox 217 643 453 682; x_wconf 85' lang='lat' dir='ltr'>scortorum</span> <span class='ocrx_word' id='word_1_20' title='bbox 494 643 580 683; x_wconf 87' lang='lat' dir='ltr'>tam</span> <span class='ocrx_word' id='word_1_21' title='bbox 614 642 805 683; x_wconf 86' lang='lat' dir='ltr'>vinctum</span> <span class='ocrx_word' id='word_1_22' title='bbox 837 641 1104 697; x_wconf 83' lang='lat' dir='ltr'>ligatumque</span> <span class='ocrx_word' id='word_1_23' title='bbox 1135 644 1251 683; x_wconf 90' lang='lat' dir='ltr'>tenet</span> <span class='ocrx_word' id='word_1_24' title='bbox 1284 644 1332 682; x_wconf 88' lang='lat' dir='ltr'>ut</span> <span class='ocrx_word' id='word_1_25' title='bbox 1365 652 1410 682; x_wconf 90' lang='lat' dir='ltr'>se</span> <span class='ocrx_word' id='word_1_26' title='bbox 1442 638 1641 694; x_wconf 83' lang='lat' dir='ltr'>colligere</span> <span class='ocrx_word' id='word_1_27' title='bbox 1674 641 1716 680; x_wconf 89' lang='lat' dir='ltr'>et</span> 
     </span>
     <span class='ocr_line' id='line_1_6' title="bbox 216 714 1716 773; baseline -0.002 -14"><span class='ocrx_word' id='word_1_28' title='bbox 216 717 269 758; x_wconf 87' lang='lat' dir='ltr'>ad</span> <span class='ocrx_word' id='word_1_29' title='bbox 297 729 342 759; x_wconf 90' lang='lat' dir='ltr'>se</span> <span class='ocrx_word' id='word_1_30' title='bbox 382 717 520 759; x_wconf 90' lang='lat' dir='ltr'>redire</span> <span class='ocrx_word' id='word_1_31' title='bbox 555 730 643 759; x_wconf 92' lang='lat' dir='ltr'>non</span> <span class='ocrx_word' id='word_1_32' title='bbox 675 718 840 773; x_wconf 81' lang='lat' dir='ltr'>possit?</span> <span class='ocrx_word' id='word_1_33' title='bbox 873 717 1112 772; x_wconf 88' lang='lat' dir='ltr'>,Horatium</span> <span class='ocrx_word' id='word_1_34' title='bbox 1145 715 1297 759; x_wconf 88' lang='lat' dir='ltr'>tenuit&#39;</span> <span class='ocrx_word' id='word_1_35' title='bbox 1330 717 1404 758; x_wconf 88' lang='lat' dir='ltr'>ais.</span> <span class='ocrx_word' id='word_1_36' title='bbox 1436 715 1533 757; x_wconf 90' lang='lat' dir='ltr'>Non</span> <span class='ocrx_word' id='word_1_37' title='bbox 1567 714 1716 757; x_wconf 89' lang='lat' dir='ltr'>credo:</span> 
     </span>
     <span class='ocr_line' id='line_1_7' title="bbox 216 791 1717 849; baseline -0.001 -14"><span class='ocrx_word' id='word_1_38' title='bbox 216 795 366 848; x_wconf 88' lang='lat' dir='ltr'>pectus</span> <span class='ocrx_word' id='word_1_39' title='bbox 411 793 630 847; x_wconf 90' lang='lat' dir='ltr'>disertum,</span> <span class='ocrx_word' id='word_1_40' title='bbox 672 797 839 849; x_wconf 71' lang='lat' dir='ltr'>poetam</span> <span class='ocrx_word' id='word_1_41' title='bbox 881 807 1000 836; x_wconf 90' lang='lat' dir='ltr'>amor</span> <span class='ocrx_word' id='word_1_42' title='bbox 1040 793 1164 846; x_wconf 83' lang='lat' dir='ltr'>facit3</span> <span class='ocrx_word' id='word_1_43' title='bbox 1211 793 1263 835; x_wconf 86' lang='lat' dir='ltr'>de</span> <span class='ocrx_word' id='word_1_44' title='bbox 1305 805 1448 835; x_wconf 89' lang='lat' dir='ltr'>amore</span> <span class='ocrx_word' id='word_1_45' title='bbox 1482 791 1717 834; x_wconf 88' lang='lat' dir='ltr'>versiculos</span> 
     </span>
     <span class='ocr_line' id='line_1_8' title="bbox 216 868 1587 924; baseline -0.001 -13"><span class='ocrx_word' id='word_1_46' title='bbox 216 870 309 912; x_wconf 86' lang='lat' dir='ltr'>sine</span> <span class='ocrx_word' id='word_1_47' title='bbox 339 882 470 911; x_wconf 86' lang='lat' dir='ltr'>sensu</span> <span class='ocrx_word' id='word_1_48' title='bbox 502 869 658 912; x_wconf 88' lang='lat' dir='ltr'>conflat</span> <span class='ocrx_word' id='word_1_49' title='bbox 690 883 815 912; x_wconf 91' lang='lat' dir='ltr'>nemo</span> <span class='ocrx_word' id='word_1_50' title='bbox 850 871 933 912; x_wconf 88' lang='lat' dir='ltr'>nisi</span> <span class='ocrx_word' id='word_1_51' title='bbox 963 871 1102 912; x_wconf 90' lang='lat' dir='ltr'>omnis</span> <span class='ocrx_word' id='word_1_52' title='bbox 1133 883 1254 911; x_wconf 90' lang='lat' dir='ltr'>amor</span> <span class='ocrx_word' id='word_1_53' title='bbox 1282 869 1430 924; x_wconf 86' lang='lat' dir='ltr'>procul</span> <span class='ocrx_word' id='word_1_54' title='bbox 1458 868 1587 910; x_wconf 88' lang='lat' dir='ltr'>abest.</span> 
     </span>
    </p>

    <p class='ocr_par' dir='ltr' id='par_1_4' title="bbox 216 944 1725 2374">
     <span class='ocr_line' id='line_1_9' title="bbox 274 944 1717 1001; baseline -0.001 -15"><span class='ocrx_word' id='word_1_55' title='bbox 274 944 344 987; x_wconf 89' lang='lat' dir='ltr'>Sic</span> <span class='ocrx_word' id='word_1_56' title='bbox 375 958 475 1001; x_wconf 86' lang='lat' dir='ltr'>ergo</span> <span class='ocrx_word' id='word_1_57' title='bbox 507 959 694 988; x_wconf 87' lang='lat' dir='ltr'>amorem</span> <span class='ocrx_word' id='word_1_58' title='bbox 725 959 854 988; x_wconf 91' lang='lat' dir='ltr'>suum</span> <span class='ocrx_word' id='word_1_59' title='bbox 882 945 1088 988; x_wconf 85' lang='lat' dir='ltr'>Horatius</span> <span class='ocrx_word' id='word_1_60' title='bbox 1105 945 1370 989; x_wconf 82' lang='lat' dir='ltr'>describebat</span> <span class='ocrx_word' id='word_1_61' title='bbox 1388 957 1522 1000; x_wconf 91' lang='lat' dir='ltr'>quum</span> <span class='ocrx_word' id='word_1_62' title='bbox 1533 944 1717 1000; x_wconf 54' lang='lat' dir='ltr'>Hssglssta</span> 
     </span>
     <span class='ocr_line' id='line_1_10' title="bbox 216 1021 1718 1082; baseline -0.001 -18"><span class='ocrx_word' id='word_1_63' title='bbox 216 1035 351 1065; x_wconf 88' lang='lat' dir='ltr'>annos</span> <span class='ocrx_word' id='word_1_64' title='bbox 398 1026 526 1065; x_wconf 85' lang='lat' dir='ltr'>natus</span> <span class='ocrx_word' id='word_1_65' title='bbox 568 1027 689 1065; x_wconf 88' lang='lat' dir='ltr'>esset.</span> <span class='ocrx_word' id='word_1_66' title='bbox 733 1022 955 1074; x_wconf 79' lang='lat' dir='ltr'>Quomodo</span> <span class='ocrx_word' id='word_1_67' title='bbox 978 1023 1406 1082; x_wconf 29' lang='lat' dir='ltr'>v933}idi-qi-iagrenarium</span> <span class='ocrx_word' id='word_1_68' title='bbox 1442 1021 1718 1076; x_wconf 81' lang='lat' dir='ltr'>descripsisse</span> 
     </span>
     <span class='ocr_line' id='line_1_11' title="bbox 217 1098 1720 1156; baseline -0.003 -15"><span class='ocrx_word' id='word_1_69' title='bbox 217 1099 449 1154; x_wconf 82' lang='lat' dir='ltr'>putemus?</span> <span class='ocrx_word' id='word_1_70' title='bbox 491 1098 726 1142; x_wconf 85' lang='lat' dir='ltr'>Videamus</span> <span class='ocrx_word' id='word_1_71' title='bbox 769 1099 874 1155; x_wconf 91' lang='lat' dir='ltr'>quid</span> <span class='ocrx_word' id='word_1_72' title='bbox 917 1100 1106 1142; x_wconf 87' lang='lat' dir='ltr'>carmine</span> <span class='ocrx_word' id='word_1_73' title='bbox 1135 1098 1214 1156; x_wconf 62' lang='lat' dir='ltr'>ly,</span> <span class='ocrx_word' id='word_1_74' title='bbox 1249 1099 1270 1151; x_wconf 81' lang='grc'>1</span> <span class='ocrx_word' id='word_1_75' title='bbox 1308 1098 1420 1140; x_wconf 88' lang='lat' dir='ltr'>dicat</span> <span class='ocrx_word' id='word_1_76' title='bbox 1451 1101 1493 1139; x_wconf 90' lang='lat' dir='ltr'>et</span> <span class='ocrx_word' id='word_1_77' title='bbox 1524 1099 1720 1138; x_wconf 87' lang='lat' dir='ltr'>accurate</span> 
     </span>
     <span class='ocr_line' id='line_1_12' title="bbox 216 1173 1723 1230; baseline -0.001 -14"><span class='ocrx_word' id='word_1_78' title='bbox 216 1174 325 1217; x_wconf 89' lang='lat' dir='ltr'>illud</span> <span class='ocrx_word' id='word_1_79' title='bbox 356 1175 622 1230; x_wconf 82' lang='lat' dir='ltr'>aspiciamus.</span> <span class='ocrx_word' id='word_1_80' title='bbox 649 1174 745 1217; x_wconf 91' lang='lat' dir='ltr'>Hoc</span> <span class='ocrx_word' id='word_1_81' title='bbox 771 1176 886 1218; x_wconf 90' lang='lat' dir='ltr'>enim</span> <span class='ocrx_word' id='word_1_82' title='bbox 913 1175 957 1217; x_wconf 88' lang='lat' dir='ltr'>id</span> <span class='ocrx_word' id='word_1_83' title='bbox 983 1175 1071 1218; x_wconf 86' lang='lat' dir='ltr'>fere</span> <span class='ocrx_word' id='word_1_84' title='bbox 1088 1175 1236 1217; x_wconf 85' lang='lat' dir='ltr'>aetatis</span> <span class='ocrx_word' id='word_1_85' title='bbox 1255 1187 1391 1230; x_wconf 87' lang='lat' dir='ltr'>quum</span> <span class='ocrx_word' id='word_1_86' title='bbox 1409 1176 1521 1216; x_wconf 90' lang='lat' dir='ltr'>esset</span> <span class='ocrx_word' id='word_1_87' title='bbox 1537 1173 1723 1228; x_wconf 83' lang='lat' dir='ltr'>scripsit,</span> 
     </span>
     <span class='ocr_line' id='line_1_13' title="bbox 219 1249 1719 1307; baseline -0.002 -15"><span class='ocrx_word' id='word_1_88' title='bbox 219 1263 352 1307; x_wconf 90' lang='lat' dir='ltr'>seque</span> <span class='ocrx_word' id='word_1_89' title='bbox 408 1254 502 1293; x_wconf 90' lang='lat' dir='ltr'>tum</span> <span class='ocrx_word' id='word_1_90' title='bbox 553 1251 695 1294; x_wconf 91' lang='lat' dir='ltr'>denuo</span> <span class='ocrx_word' id='word_1_91' title='bbox 742 1250 924 1294; x_wconf 88' lang='lat' dir='ltr'>Veneris</span> <span class='ocrx_word' id='word_1_92' title='bbox 970 1252 1059 1292; x_wconf 87' lang='lat' dir='ltr'>vim</span> <span class='ocrx_word' id='word_1_93' title='bbox 1107 1253 1332 1306; x_wconf 83' lang='lat' dir='ltr'>expertum</span> <span class='ocrx_word' id='word_1_94' title='bbox 1381 1262 1474 1292; x_wconf 90' lang='lat' dir='ltr'>esse</span> <span class='ocrx_word' id='word_1_95' title='bbox 1523 1249 1719 1291; x_wconf 85' lang='lat' dir='ltr'>declarat.</span> 
     </span>
     <span class='ocr_line' id='line_1_14' title="bbox 220 1325 1722 1383; baseline -0.001 -14"><span class='ocrx_word' id='word_1_96' title='bbox 220 1326 471 1370; x_wconf 87' lang='lat' dir='ltr'>Cuiusmodi</span> <span class='ocrx_word' id='word_1_97' title='bbox 518 1340 618 1383; x_wconf 86' lang='lat' dir='ltr'>ergo</span> <span class='ocrx_word' id='word_1_98' title='bbox 666 1327 719 1370; x_wconf 92' lang='lat' dir='ltr'>ab</span> <span class='ocrx_word' id='word_1_99' title='bbox 766 1340 815 1370; x_wconf 92' lang='lat' dir='ltr'>eo</span> <span class='ocrx_word' id='word_1_100' title='bbox 858 1331 1156 1383; x_wconf 83' lang='lat' dir='ltr'>exspectemus</span> <span class='ocrx_word' id='word_1_101' title='bbox 1199 1326 1402 1369; x_wconf 80' lang='lat' dir='ltr'>carmen?</span> <span class='ocrx_word' id='word_1_102' title='bbox 1447 1325 1608 1381; x_wconf 91' lang='lat' dir='ltr'>Opinor</span> <span class='ocrx_word' id='word_1_103' title='bbox 1641 1325 1722 1367; x_wconf 92' lang='lat' dir='ltr'>hoc</span> 
     </span>
     <span class='ocr_line' id='line_1_15' title="bbox 218 1401 1720 1457; baseline -0.001 -13"><span class='ocrx_word' id='word_1_104' title='bbox 218 1402 328 1445; x_wconf 89' lang='lat' dir='ltr'>fere:</span> <span class='ocrx_word' id='word_1_105' title='bbox 373 1403 424 1446; x_wconf 91' lang='lat' dir='ltr'>de</span> <span class='ocrx_word' id='word_1_106' title='bbox 466 1415 579 1445; x_wconf 83' lang='lat' dir='ltr'>novo</span> <span class='ocrx_word' id='word_1_107' title='bbox 611 1416 755 1446; x_wconf 90' lang='lat' dir='ltr'>amore</span> <span class='ocrx_word' id='word_1_108' title='bbox 784 1404 951 1446; x_wconf 87' lang='lat' dir='ltr'>iocatur</span> <span class='ocrx_word' id='word_1_109' title='bbox 982 1407 1023 1446; x_wconf 87' lang='lat' dir='ltr'>et</span> <span class='ocrx_word' id='word_1_110' title='bbox 1053 1404 1116 1445; x_wconf 90' lang='lat' dir='ltr'>sic</span> <span class='ocrx_word' id='word_1_111' title='bbox 1148 1415 1294 1446; x_wconf 90' lang='lat' dir='ltr'>secum</span> <span class='ocrx_word' id='word_1_112' title='bbox 1328 1402 1542 1457; x_wconf 86' lang='lat' dir='ltr'>loquitur:</span> <span class='ocrx_word' id='word_1_113' title='bbox 1579 1401 1720 1456; x_wconf 90' lang='lat' dir='ltr'>„Olim</span> 
     </span>
     <span class='ocr_line' id='line_1_16' title="bbox 217 1478 1722 1535; baseline -0.001 -14"><span class='ocrx_word' id='word_1_114' title='bbox 217 1478 371 1535; x_wconf 91' lang='lat' dir='ltr'>puellis</span> <span class='ocrx_word' id='word_1_115' title='bbox 416 1479 508 1520; x_wconf 83' lang='lat' dir='ltr'>vixi</span> <span class='ocrx_word' id='word_1_116' title='bbox 553 1479 746 1522; x_wconf 89' lang='lat' dir='ltr'>idoneus.</span> <span class='ocrx_word' id='word_1_117' title='bbox 795 1478 934 1530; x_wconf 90' lang='lat' dir='ltr'>Quam</span> <span class='ocrx_word' id='word_1_118' title='bbox 980 1479 1161 1535; x_wconf 90' lang='lat' dir='ltr'>pulchra</span> <span class='ocrx_word' id='word_1_119' title='bbox 1201 1478 1275 1521; x_wconf 85' lang='lat' dir='ltr'>illa</span> <span class='ocrx_word' id='word_1_120' title='bbox 1319 1482 1434 1521; x_wconf 90' lang='lat' dir='ltr'>aetas</span> <span class='ocrx_word' id='word_1_121' title='bbox 1464 1478 1559 1533; x_wconf 88' lang='lat' dir='ltr'>fuit,</span> <span class='ocrx_word' id='word_1_122' title='bbox 1592 1491 1722 1533; x_wconf 84' lang='lat' dir='ltr'>quam</span> 
     </span>
     <span class='ocr_line' id='line_1_17' title="bbox 217 1553 1721 1611; baseline -0.002 -13"><span class='ocrx_word' id='word_1_123' title='bbox 217 1554 322 1598; x_wconf 89' lang='lat' dir='ltr'>felix</span> <span class='ocrx_word' id='word_1_124' title='bbox 367 1556 460 1610; x_wconf 90' lang='lat' dir='ltr'>ipse</span> <span class='ocrx_word' id='word_1_125' title='bbox 500 1555 564 1598; x_wconf 86' lang='lat' dir='ltr'>fui</span> <span class='ocrx_word' id='word_1_126' title='bbox 605 1555 686 1598; x_wconf 89' lang='lat' dir='ltr'>sub</span> <span class='ocrx_word' id='word_1_127' title='bbox 728 1556 908 1611; x_wconf 90' lang='lat' dir='ltr'>imperio</span> <span class='ocrx_word' id='word_1_128' title='bbox 941 1554 1130 1609; x_wconf 84' lang='lat' dir='ltr'>Cinarae,</span> <span class='ocrx_word' id='word_1_129' title='bbox 1161 1554 1310 1609; x_wconf 87' lang='lat' dir='ltr'>Lyces,</span> <span class='ocrx_word' id='word_1_130' title='bbox 1340 1554 1548 1608; x_wconf 85' lang='lat' dir='ltr'>Phrynes.</span> <span class='ocrx_word' id='word_1_131' title='bbox 1580 1553 1721 1595; x_wconf 88' lang='lat' dir='ltr'>Etiam</span> 
     </span>
     <span class='ocr_line' id='line_1_18' title="bbox 220 1630 1722 1687; baseline -0.001 -14"><span class='ocrx_word' id='word_1_132' title='bbox 220 1645 338 1674; x_wconf 88' lang='lat' dir='ltr'>nunc</span> <span class='ocrx_word' id='word_1_133' title='bbox 368 1632 430 1673; x_wconf 91' lang='lat' dir='ltr'>nil</span> <span class='ocrx_word' id='word_1_134' title='bbox 460 1632 566 1674; x_wconf 87' lang='lat' dir='ltr'>mihi</span> <span class='ocrx_word' id='word_1_135' title='bbox 595 1632 830 1674; x_wconf 89' lang='lat' dir='ltr'>iucundius</span> <span class='ocrx_word' id='word_1_136' title='bbox 863 1633 961 1674; x_wconf 83' lang='lat' dir='ltr'>visu</span> <span class='ocrx_word' id='word_1_137' title='bbox 988 1635 1052 1675; x_wconf 89' lang='lat' dir='ltr'>est</span> <span class='ocrx_word' id='word_1_138' title='bbox 1078 1645 1207 1687; x_wconf 89' lang='lat' dir='ltr'>quam</span> <span class='ocrx_word' id='word_1_139' title='bbox 1235 1632 1443 1674; x_wconf 88' lang='lat' dir='ltr'>iuvenum</span> <span class='ocrx_word' id='word_1_140' title='bbox 1460 1630 1722 1686; x_wconf 90' lang='lat' dir='ltr'>puellarum-</span> 
     </span>
     <span class='ocr_line' id='line_1_19' title="bbox 221 1707 1723 1764; baseline -0.002 -13"><span class='ocrx_word' id='word_1_141' title='bbox 221 1721 305 1764; x_wconf 89' lang='lat' dir='ltr'>que</span> <span class='ocrx_word' id='word_1_142' title='bbox 335 1709 477 1751; x_wconf 91' lang='lat' dir='ltr'>mutui</span> <span class='ocrx_word' id='word_1_143' title='bbox 507 1709 730 1764; x_wconf 85' lang='lat' dir='ltr'>tenerique</span> <span class='ocrx_word' id='word_1_144' title='bbox 763 1721 940 1751; x_wconf 90' lang='lat' dir='ltr'>amores.</span> <span class='ocrx_word' id='word_1_145' title='bbox 971 1707 1082 1751; x_wconf 89' lang='lat' dir='ltr'>Nam</span> <span class='ocrx_word' id='word_1_146' title='bbox 1115 1708 1213 1750; x_wconf 90' lang='lat' dir='ltr'>licet</span> <span class='ocrx_word' id='word_1_147' title='bbox 1245 1711 1381 1750; x_wconf 85' lang='lat' dir='ltr'>aetate</span> <span class='ocrx_word' id='word_1_148' title='bbox 1406 1709 1490 1749; x_wconf 90' lang='lat' dir='ltr'>iam</span> <span class='ocrx_word' id='word_1_149' title='bbox 1518 1708 1600 1749; x_wconf 88' lang='lat' dir='ltr'>sim</span> <span class='ocrx_word' id='word_1_150' title='bbox 1620 1707 1723 1749; x_wconf 88' lang='lat' dir='ltr'>satis</span> 
     </span>
     <span class='ocr_line' id='line_1_20' title="bbox 219 1783 1724 1841; baseline -0.003 -14"><span class='ocrx_word' id='word_1_151' title='bbox 219 1788 460 1841; x_wconf 86' lang='lat' dir='ltr'>provectus,</span> <span class='ocrx_word' id='word_1_152' title='bbox 490 1788 632 1827; x_wconf 88' lang='lat' dir='ltr'>tamen</span> <span class='ocrx_word' id='word_1_153' title='bbox 665 1785 780 1827; x_wconf 90' lang='lat' dir='ltr'>haud</span> <span class='ocrx_word' id='word_1_154' title='bbox 811 1786 984 1841; x_wconf 88' lang='lat' dir='ltr'>ineptus</span> <span class='ocrx_word' id='word_1_155' title='bbox 1015 1785 1120 1827; x_wconf 92' lang='lat' dir='ltr'>mihi</span> <span class='ocrx_word' id='word_1_156' title='bbox 1146 1784 1382 1826; x_wconf 88' lang='lat' dir='ltr'>formarum</span> <span class='ocrx_word' id='word_1_157' title='bbox 1410 1784 1559 1826; x_wconf 88' lang='lat' dir='ltr'>videor</span> <span class='ocrx_word' id='word_1_158' title='bbox 1575 1783 1724 1826; x_wconf 89' lang='lat' dir='ltr'>iudex.</span> 
     </span>
     <span class='ocr_line' id='line_1_21' title="bbox 222 1860 1725 1916; baseline -0.002 -13"><span class='ocrx_word' id='word_1_159' title='bbox 222 1860 359 1911; x_wconf 92' lang='lat' dir='ltr'>Quam</span> <span class='ocrx_word' id='word_1_160' title='bbox 389 1861 603 1904; x_wconf 88' lang='lat' dir='ltr'>ludicrum</span> <span class='ocrx_word' id='word_1_161' title='bbox 638 1865 750 1904; x_wconf 88' lang='lat' dir='ltr'>esset</span> <span class='ocrx_word' id='word_1_162' title='bbox 782 1874 998 1916; x_wconf 83' lang='lat' dir='ltr'>quamque</span> <span class='ocrx_word' id='word_1_163' title='bbox 1029 1862 1222 1903; x_wconf 90' lang='lat' dir='ltr'>iocosum</span> <span class='ocrx_word' id='word_1_164' title='bbox 1256 1861 1292 1902; x_wconf 93' lang='lat' dir='ltr'>si</span> <span class='ocrx_word' id='word_1_165' title='bbox 1323 1861 1415 1915; x_wconf 89' lang='lat' dir='ltr'>ipse</span> <span class='ocrx_word' id='word_1_166' title='bbox 1443 1860 1583 1901; x_wconf 90' lang='lat' dir='ltr'>denuo</span> <span class='ocrx_word' id='word_1_167' title='bbox 1614 1871 1725 1900; x_wconf 88' lang='lat' dir='ltr'>nova</span> 
     </span>
     <span class='ocr_line' id='line_1_22' title="bbox 221 1935 1719 1994; baseline -0.002 -14"><span class='ocrx_word' id='word_1_168' title='bbox 221 1937 410 1980; x_wconf 90' lang='lat' dir='ltr'>arderem</span> <span class='ocrx_word' id='word_1_169' title='bbox 443 1937 636 1980; x_wconf 84' lang='lat' dir='ltr'>flamma!</span> <span class='ocrx_word' id='word_1_170' title='bbox 670 1937 752 1981; x_wconf 86' lang='lat' dir='ltr'>Sed</span> <span class='ocrx_word' id='word_1_171' title='bbox 783 1938 924 1980; x_wconf 86' lang='lat' dir='ltr'>absint</span> <span class='ocrx_word' id='word_1_172' title='bbox 954 1938 1162 1994; x_wconf 87' lang='lat' dir='ltr'>ineptiae!</span> <span class='ocrx_word' id='word_1_173' title='bbox 1198 1937 1287 1979; x_wconf 89' lang='lat' dir='ltr'>Iam</span> <span class='ocrx_word' id='word_1_174' title='bbox 1322 1938 1437 1979; x_wconf 88' lang='lat' dir='ltr'>enim</span> <span class='ocrx_word' id='word_1_175' title='bbox 1473 1949 1606 1979; x_wconf 75' lang='lat' dir='ltr'>senex</span> <span class='ocrx_word' id='word_1_176' title='bbox 1638 1935 1719 1977; x_wconf 91' lang='lat' dir='ltr'>fio:</span> 
     </span>
     <span class='ocr_line' id='line_1_23' title="bbox 220 2012 1724 2070; baseline -0.001 -14"><span class='ocrx_word' id='word_1_177' title='bbox 220 2013 303 2056; x_wconf 87' lang='lat' dir='ltr'>fuit</span> <span class='ocrx_word' id='word_1_178' title='bbox 346 2014 455 2056; x_wconf 89' lang='lat' dir='ltr'>illud</span> <span class='ocrx_word' id='word_1_179' title='bbox 501 2018 671 2070; x_wconf 88' lang='lat' dir='ltr'>tempus</span> <span class='ocrx_word' id='word_1_180' title='bbox 718 2018 759 2057; x_wconf 90' lang='lat' dir='ltr'>et</span> <span class='ocrx_word' id='word_1_181' title='bbox 803 2014 1077 2070; x_wconf 86' lang='lat' dir='ltr'>irreparabile</span> <span class='ocrx_word' id='word_1_182' title='bbox 1119 2013 1276 2069; x_wconf 86' lang='lat' dir='ltr'>effugit.</span> <span class='ocrx_word' id='word_1_183' title='bbox 1319 2013 1483 2055; x_wconf 82' lang='lat' dir='ltr'>&#39;Verum</span> <span class='ocrx_word' id='word_1_184' title='bbox 1514 2025 1589 2068; x_wconf 91' lang='lat' dir='ltr'>per</span> <span class='ocrx_word' id='word_1_185' title='bbox 1622 2012 1724 2054; x_wconf 91' lang='lat' dir='ltr'>deos</span> 
     </span>
     <span class='ocr_line' id='line_1_24' title="bbox 222 2088 1725 2145; baseline -0.001 -13"><span class='ocrx_word' id='word_1_186' title='bbox 222 2090 498 2145; x_wconf 87' lang='lat' dir='ltr'>immortales,</span> <span class='ocrx_word' id='word_1_187' title='bbox 540 2090 644 2145; x_wconf 92' lang='lat' dir='ltr'>quid</span> <span class='ocrx_word' id='word_1_188' title='bbox 685 2091 766 2132; x_wconf 90' lang='lat' dir='ltr'>hoc</span> <span class='ocrx_word' id='word_1_189' title='bbox 797 2091 892 2133; x_wconf 79' lang='lat' dir='ltr'>est?</span> <span class='ocrx_word' id='word_1_190' title='bbox 926 2089 1038 2141; x_wconf 83' lang='lat' dir='ltr'>Quid</span> <span class='ocrx_word' id='word_1_191' title='bbox 1072 2090 1176 2132; x_wconf 88' lang='lat' dir='ltr'>mihi</span> <span class='ocrx_word' id='word_1_192' title='bbox 1208 2090 1311 2131; x_wconf 91' lang='lat' dir='ltr'>dum</span> <span class='ocrx_word' id='word_1_193' title='bbox 1339 2089 1493 2144; x_wconf 87' lang='lat' dir='ltr'>loquor</span> <span class='ocrx_word' id='word_1_194' title='bbox 1524 2088 1725 2130; x_wconf 88' lang='lat' dir='ltr'>lacrimae</span> 
     </span>
     <span class='ocr_line' id='line_1_25' title="bbox 224 2163 1723 2222; baseline -0.002 -15"><span class='ocrx_word' id='word_1_195' title='bbox 224 2165 382 2207; x_wconf 92' lang='lat' dir='ltr'>cadunt</span> <span class='ocrx_word' id='word_1_196' title='bbox 413 2169 454 2208; x_wconf 90' lang='lat' dir='ltr'>et</span> <span class='ocrx_word' id='word_1_197' title='bbox 485 2179 571 2208; x_wconf 86' lang='lat' dir='ltr'>vox</span> <span class='ocrx_word' id='word_1_198' title='bbox 603 2167 825 2208; x_wconf 88' lang='lat' dir='ltr'>haeret...</span> <span class='ocrx_word' id='word_1_199' title='bbox 852 2179 885 2209; x_wconf 85' lang='lat' dir='ltr'>e.</span> <span class='ocrx_word' id='word_1_200' title='bbox 905 2180 942 2222; x_wconf 90' lang='lat' dir='ltr'>q.</span> <span class='ocrx_word' id='word_1_201' title='bbox 959 2165 1019 2208; x_wconf 90' lang='lat' dir='ltr'>s.&#39;’</span> <span class='ocrx_word' id='word_1_202' title='bbox 1050 2165 1133 2208; x_wconf 89' lang='lat' dir='ltr'>Sed</span> <span class='ocrx_word' id='word_1_203' title='bbox 1160 2179 1248 2207; x_wconf 89' lang='lat' dir='ltr'>rem</span> <span class='ocrx_word' id='word_1_204' title='bbox 1267 2165 1477 2207; x_wconf 86' lang='lat' dir='ltr'>convertit</span> <span class='ocrx_word' id='word_1_205' title='bbox 1493 2163 1723 2206; x_wconf 86' lang='lat' dir='ltr'>Horatius:</span> 
     </span>
     <span class='ocr_line' id='line_1_26' title="bbox 229 2239 1723 2297; baseline -0.003 -13"><span class='ocrx_word' id='word_1_206' title='bbox 229 2240 354 2291; x_wconf 91' lang='lat' dir='ltr'>Quod</span> <span class='ocrx_word' id='word_1_207' title='bbox 399 2242 513 2284; x_wconf 90' lang='lat' dir='ltr'>enim</span> <span class='ocrx_word' id='word_1_208' title='bbox 559 2242 853 2284; x_wconf 86' lang='lat' dir='ltr'>tantummodo</span> <span class='ocrx_word' id='word_1_209' title='bbox 894 2243 940 2283; x_wconf 87' lang='lat' dir='ltr'>in</span> <span class='ocrx_word' id='word_1_210' title='bbox 982 2241 1067 2284; x_wconf 88' lang='lat' dir='ltr'>fine</span> <span class='ocrx_word' id='word_1_211' title='bbox 1108 2241 1354 2297; x_wconf 89' lang='lat' dir='ltr'>ponendum</span> <span class='ocrx_word' id='word_1_212' title='bbox 1399 2244 1488 2282; x_wconf 88' lang='lat' dir='ltr'>erat</span> <span class='ocrx_word' id='word_1_213' title='bbox 1519 2241 1646 2282; x_wconf 87' lang='lat' dir='ltr'>etiam</span> <span class='ocrx_word' id='word_1_214' title='bbox 1678 2239 1723 2280; x_wconf 88' lang='lat' dir='ltr'>in</span> 
     </span>
     <span class='ocr_line' id='line_1_27' title="bbox 227 2318 744 2374; baseline 0.002 -15"><span class='ocrx_word' id='word_1_215' title='bbox 227 2318 349 2360; x_wconf 90' lang='lat' dir='ltr'>initio</span> <span class='ocrx_word' id='word_1_216' title='bbox 380 2320 511 2374; x_wconf 90' lang='lat' dir='ltr'>ponit,</span> <span class='ocrx_word' id='word_1_217' title='bbox 543 2319 604 2361; x_wconf 93' lang='lat' dir='ltr'>sic</span> <span class='ocrx_word' id='word_1_218' title='bbox 636 2319 744 2360; x_wconf 88' lang='lat' dir='ltr'>illud</span> 
     </span>
    </p>
   </div>
   <div class='ocr_carea' id='block_1_4' title="bbox 523 2424 1373 2481">
    <p class='ocr_par' dir='ltr' id='par_1_5' title="bbox 523 2424 1373 2481">
     <span class='ocr_line' id='line_1_28' title="bbox 523 2424 1373 2481; baseline -0.002 -13"><span class='ocrx_word' id='word_1_219' title='bbox 523 2425 607 2468; x_wconf 91' lang='lat' dir='ltr'>Sed</span> <span class='ocrx_word' id='word_1_220' title='bbox 638 2439 727 2481; x_wconf 89' lang='lat' dir='ltr'>cur,</span> <span class='ocrx_word' id='word_1_221' title='bbox 756 2426 853 2480; x_wconf 90' lang='lat' dir='ltr'>heu,</span> <span class='ocrx_word' id='word_1_222' title='bbox 883 2424 1089 2481; x_wconf 84' lang='lat' dir='ltr'>Ligurine</span> <span class='ocrx_word' id='word_1_223' title='bbox 1124 2438 1202 2468; x_wconf 91' lang='lat' dir='ltr'>cur</span> <span class='ocrx_word' id='word_1_224' title='bbox 1232 2437 1266 2467; x_wconf 93' lang='lat' dir='ltr'>e.</span> <span class='ocrx_word' id='word_1_225' title='bbox 1285 2438 1323 2479; x_wconf 92' lang='lat' dir='ltr'>q.</span> <span class='ocrx_word' id='word_1_226' title='bbox 1341 2438 1373 2467; x_wconf 90' lang='lat' dir='ltr'>s.</span> 
     </span>
    </p>
   </div>
   <div class='ocr_carea' id='block_1_5' title="bbox 228 2541 1727 2902">
    <p class='ocr_par' dir='ltr' id='par_1_6' title="bbox 228 2541 1727 2902">
     <span class='ocr_line' id='line_1_29' title="bbox 228 2541 1726 2599; baseline -0.001 -13"><span class='ocrx_word' id='word_1_227' title='bbox 228 2544 363 2586; x_wconf 90' lang='lat' dir='ltr'>multo</span> <span class='ocrx_word' id='word_1_228' title='bbox 394 2543 441 2586; x_wconf 89' lang='lat' dir='ltr'>fit</span> <span class='ocrx_word' id='word_1_229' title='bbox 472 2544 718 2599; x_wconf 88' lang='lat' dir='ltr'>languidius</span> <span class='ocrx_word' id='word_1_230' title='bbox 745 2557 872 2599; x_wconf 91' lang='lat' dir='ltr'>quam</span> <span class='ocrx_word' id='word_1_231' title='bbox 901 2542 1129 2598; x_wconf 85' lang='lat' dir='ltr'>oportebat.</span> <span class='ocrx_word' id='word_1_232' title='bbox 1157 2542 1281 2584; x_wconf 89' lang='lat' dir='ltr'>Adde</span> <span class='ocrx_word' id='word_1_233' title='bbox 1298 2541 1414 2597; x_wconf 92' lang='lat' dir='ltr'>quod</span> <span class='ocrx_word' id='word_1_234' title='bbox 1431 2543 1559 2597; x_wconf 90' lang='lat' dir='ltr'>primi</span> <span class='ocrx_word' id='word_1_235' title='bbox 1574 2554 1726 2585; x_wconf 84' lang='lat' dir='ltr'>versus</span> 
     </span>
     <span class='ocr_line' id='line_1_30' title="bbox 228 2618 1726 2674; baseline 0 -13"><span class='ocrx_word' id='word_1_236' title='bbox 228 2619 408 2661; x_wconf 90' lang='lat' dir='ltr'>ridicule</span> <span class='ocrx_word' id='word_1_237' title='bbox 455 2619 536 2661; x_wconf 87' lang='lat' dir='ltr'>sibi</span> <span class='ocrx_word' id='word_1_238' title='bbox 581 2620 693 2661; x_wconf 91' lang='lat' dir='ltr'>inter</span> <span class='ocrx_word' id='word_1_239' title='bbox 732 2631 778 2661; x_wconf 91' lang='lat' dir='ltr'>se</span> <span class='ocrx_word' id='word_1_240' title='bbox 820 2618 1136 2674; x_wconf 88' lang='lat' dir='ltr'>obloquuntur:</span> <span class='ocrx_word' id='word_1_241' title='bbox 1175 2618 1399 2672; x_wconf 88' lang='lat' dir='ltr'>„denuone</span> <span class='ocrx_word' id='word_1_242' title='bbox 1429 2631 1546 2659; x_wconf 88' lang='lat' dir='ltr'>arma</span> <span class='ocrx_word' id='word_1_243' title='bbox 1579 2630 1726 2661; x_wconf 87' lang='lat' dir='ltr'>moves</span> 
     </span>
     <span class='ocr_line' id='line_1_31' title="bbox 229 2693 1727 2750; baseline -0.001 -14"><span class='ocrx_word' id='word_1_244' title='bbox 229 2694 414 2738; x_wconf 80' lang='lat' dir='ltr'>Venus?</span> <span class='ocrx_word' id='word_1_245' title='bbox 445 2698 488 2736; x_wconf 89' lang='lat' dir='ltr'>at</span> <span class='ocrx_word' id='word_1_246' title='bbox 519 2707 596 2750; x_wconf 87' lang='lat' dir='ltr'>ego</span> <span class='ocrx_word' id='word_1_247' title='bbox 627 2695 712 2736; x_wconf 92' lang='lat' dir='ltr'>iam</span> <span class='ocrx_word' id='word_1_248' title='bbox 745 2694 878 2736; x_wconf 92' lang='lat' dir='ltr'>durus</span> <span class='ocrx_word' id='word_1_249' title='bbox 912 2707 1007 2736; x_wconf 91' lang='lat' dir='ltr'>sum</span> <span class='ocrx_word' id='word_1_250' title='bbox 1034 2694 1122 2736; x_wconf 84' lang='lat' dir='ltr'>tuis</span> <span class='ocrx_word' id='word_1_251' title='bbox 1147 2694 1360 2749; x_wconf 86' lang='lat' dir='ltr'>imperiis:</span> <span class='ocrx_word' id='word_1_252' title='bbox 1388 2693 1573 2736; x_wconf 87' lang='lat' dir='ltr'>Paulum</span> <span class='ocrx_word' id='word_1_253' title='bbox 1590 2693 1727 2736; x_wconf 89' lang='lat' dir='ltr'>Maxi-</span> 
     </span>
     <span class='ocr_line' id='line_1_32' title="bbox 232 2770 1726 2826; baseline 0.001 -15"><span class='ocrx_word' id='word_1_254' title='bbox 232 2783 350 2812; x_wconf 91' lang='lat' dir='ltr'>mum</span> <span class='ocrx_word' id='word_1_255' title='bbox 396 2770 635 2826; x_wconf 86' lang='lat' dir='ltr'>aggredere,</span> <span class='ocrx_word' id='word_1_256' title='bbox 677 2770 832 2826; x_wconf 86' lang='lat' dir='ltr'>dignus</span> <span class='ocrx_word' id='word_1_257' title='bbox 872 2770 945 2812; x_wconf 90' lang='lat' dir='ltr'>ille</span> <span class='ocrx_word' id='word_1_258' title='bbox 987 2773 1050 2812; x_wconf 89' lang='lat' dir='ltr'>est</span> <span class='ocrx_word' id='word_1_259' title='bbox 1091 2782 1218 2825; x_wconf 91' lang='lat' dir='ltr'>quem</span> <span class='ocrx_word' id='word_1_260' title='bbox 1248 2773 1379 2825; x_wconf 90' lang='lat' dir='ltr'>petas,</span> <span class='ocrx_word' id='word_1_261' title='bbox 1410 2771 1580 2813; x_wconf 84' lang='lat' dir='ltr'>iuvenis</span> <span class='ocrx_word' id='word_1_262' title='bbox 1612 2772 1726 2813; x_wconf 91' lang='lat' dir='ltr'>enim</span> 
     </span>
     <span class='ocr_line' id='line_1_33' title="bbox 232 2846 1722 2902; baseline 0.001 -13"><span class='ocrx_word' id='word_1_263' title='bbox 232 2850 295 2889; x_wconf 90' lang='lat' dir='ltr'>est</span> <span class='ocrx_word' id='word_1_264' title='bbox 335 2851 387 2902; x_wconf 90' lang='lat' dir='ltr'>et,</span> <span class='ocrx_word' id='word_1_265' title='bbox 428 2847 543 2902; x_wconf 92' lang='lat' dir='ltr'>quod</span> <span class='ocrx_word' id='word_1_266' title='bbox 583 2847 778 2902; x_wconf 85' lang='lat' dir='ltr'>strophae</span> <span class='ocrx_word' id='word_1_267' title='bbox 819 2846 1052 2902; x_wconf 82' lang='lat' dir='ltr'>explendae</span> <span class='ocrx_word' id='word_1_268' title='bbox 1083 2858 1212 2889; x_wconf 87' lang='lat' dir='ltr'>causa</span> <span class='ocrx_word' id='word_1_269' title='bbox 1243 2846 1429 2900; x_wconf 87' lang='lat' dir='ltr'>additur,</span> <span class='ocrx_word' id='word_1_270' title='bbox 1462 2848 1626 2902; x_wconf 88' lang='lat' dir='ltr'>peritus</span> <span class='ocrx_word' id='word_1_271' title='bbox 1658 2851 1722 2890; x_wconf 88' lang='lat' dir='ltr'>est</span> 
     </span>
    </p>
   </div>
  </div>
 </body>
</html>
