2034 3334
891 339 969 382 ‘31

201 470 346 512 sertim
388 469 425 511 si
455 467 647 510 laetus
679 465 823 519 adest;
857 466 894 509 si
926 478 1028 508 vero
1062 465 1159 508 diu
1191 464 1377 508 laetus
1408 465 1520 507 inter
1549 462 1706 507 Roma-

201 559 280 589 nos
312 548 515 601 moratur,
549 543 808 586 documento
841 545 906 585 est
936 542 1027 598 ipse
1061 542 1231 585 veniam
1263 541 1349 584 illis
1380 541 1571 597 priorum
1604 540 1706 583 faci-

203 635 357 665 norum
400 621 538 664 datam
578 632 672 663 esse
704 622 746 662 et
777 620 823 662 in
856 623 1074 675 posterum
1108 619 1267 674 optima
1299 630 1497 674 quaeque
1529 631 1602 660 eos
1633 630 1708 659 ex-

199 702 389 755 spectare
419 710 555 754 posse.
588 695 717 739 Haud
753 695 862 738 male
895 698 1039 739 tamen
1072 698 1114 738 et
1147 694 1250 738 haec
1283 698 1527 752 sequuntur

677 839 746 881 hic
778 851 958 895 magnos
993 839 1139 895 potius
1171 838 1425 895 triumphos,

499 916 584 959 Hic
615 929 731 959 ames
763 916 848 958 dici
878 919 1000 972 pater
1031 919 1160 971 atque
1191 916 1401 972 princeps.

262 1059 376 1115 Apta
420 1059 535 1101 enim
579 1061 621 1101 et
647 1057 830 1114 eleganti
863 1057 1070 1101 brevitate
1101 1072 1126 1100 a
1160 1057 1238 1100 deo
1272 1061 1472 1114 precatur
1505 1057 1711 1100 Horatius

205 1139 254 1179 ut
296 1136 411 1193 apud
453 1139 622 1179 exteros
654 1135 854 1192 praebeat
886 1135 1042 1191 populo
1076 1134 1270 1178 Romano
1301 1135 1495 1191 gloriam,
1527 1135 1572 1176 in
1604 1133 1712 1177 urbe

206 1213 300 1269 ipsa
331 1213 517 1269 quietem
548 1215 720 1255 tueatur
752 1215 793 1255 et
823 1212 1107 1255 securitatem.
1140 1210 1236 1254 Hoc
1270 1224 1443 1267 quoque
1474 1210 1712 1266 ferendum,

207 1288 422 1347 peculiare
467 1288 641 1344 aliquod
688 1287 849 1331 bonum
900 1288 1012 1343 addi,
1061 1288 1176 1344 quod
1223 1301 1324 1344 prae
1371 1288 1523 1331 ceteris
1565 1286 1647 1330 sibi
1688 1300 1713 1330 a

205 1364 296 1409 Deo
342 1368 462 1422 patre
505 1369 547 1408 et
591 1365 784 1421 principe
825 1365 1030 1421 praestari
1073 1365 1251 1421 cupiant
1280 1363 1475 1408 Romani.
1507 1363 1714 1420 Sequitur

205 1444 348 1485 autem

497 1550 595 1594 Neu
627 1552 744 1594 sinas
776 1550 925 1594 Medos
958 1552 1152 1607 equitare
1183 1551 1359 1606 inultos,

618 1627 676 1671 Te
707 1628 828 1684 duce,
860 1626 1025 1671 Caesar.

267 1760 390 1812 Quod
431 1762 697 1818 ineptissime
740 1762 903 1804 dictum
938 1765 1013 1804 est.
1045 1760 1111 1804 Ne
1144 1761 1196 1804 de
1231 1761 1452 1804 vocabulis
1490 1766 1542 1804 te
1574 1762 1715 1805 duce

209 1840 271 1881 sic
302 1839 451 1894 positis
482 1839 646 1895 loquar,
676 1843 724 1892 ut
749 1839 931 1880 ridicula
957 1839 1138 1882 exsistat
1163 1837 1431 1894 ambiguitas,
1460 1839 1564 1895 quid
1583 1839 1714 1882 verbo

211 1917 471 1971 equitare
501 1915 742 1958 faciamus?
773 1915 953 1958 Turmas
987 1917 1184 1970 equitum
1217 1914 1442 1958 Medorum
1476 1915 1561 1958 late
1591 1919 1714 1959 extra

211 1990 319 2034 fines
363 2004 465 2034 suos
507 1993 652 2048 vagari
694 1996 735 2035 et
781 1992 943 2034 inultos
990 1993 1218 2047 imperium
1263 1991 1508 2035 Romanum
1546 1997 1714 2036 vastare

214 2066 409 2110 dedecori
449 2072 512 2111 est
553 2069 718 2111 nomini
749 2068 944 2111 Romano
977 2072 1018 2111 et
1051 2070 1308 2124 quantocius
1340 2069 1403 2111 illi
1436 2069 1715 2112 barbarorum

212 2142 464 2186 insolentiae
505 2144 603 2187 finis
646 2149 710 2187 est
751 2146 988 2201 ponendus,
1032 2144 1127 2187 Hoc
1165 2158 1339 2201 quoque
1370 2145 1577 2188 Romanis
1608 2147 1715 2202 pris—

214 2219 330 2262 tinae
374 2220 545 2262 virtutis
592 2221 854 2264 memoribus
904 2222 979 2263 vix
1022 2225 1086 2264 est
1117 2221 1340 2264 ferendum
1375 2222 1490 2277 quod
1521 2222 1714 2266 nondum

216 2295 352 2338 deleta
397 2299 460 2338 est
502 2294 754 2339 Crassianae
795 2298 928 2340 cladis
970 2297 1148 2340 infamia
1190 2298 1395 2353 quodque
1424 2299 1601 2354 impune
1632 2298 1718 2341 Ro-

214 2384 363 2414 manos
420 2385 444 2414 a
498 2384 543 2414 se
590 2373 725 2415 victos
773 2374 968 2416 derident
1016 2374 1164 2416 Parthi
1211 2387 1447 2429 eorumque
1494 2376 1630 2430 signis
1676 2379 1718 2419 et

215 2448 370 2504 aquilis
415 2448 666 2503 gloriantur.
723 2447 806 2492 Sed
855 2450 930 2505 qui
977 2449 1125 2493 Medos
1172 2450 1435 2505 equitare
1482 2451 1632 2507 doleat,
1678 2453 1717 2495 is

216 2525 342 2567 etiam
374 2524 624 2580 indignetur
655 2525 769 2580 quod
801 2538 920 2584 aveffis
935 2527 1116 2581 yolitent
1147 2527 1371 2587 piscesque
1397 2531 1555 2575 natent.
1573 2528 1717 2572 Pauca
1799 2514 1811 2528 ³

217 2601 341 2643 etiam
404 2600 505 2642 alibi
566 2600 617 2644 de
679 2600 757 2643 hac
818 2602 992 2657 stropha
1052 2605 1179 2644 erunt
1219 2602 1418 2655 dicenda;
1463 2604 1537 2647 sed
1583 2605 1716 2648 inter-

218 2676 320 2718 dum
353 2679 535 2719 metrum
578 2675 804 2730 obstitisse,
837 2678 1069 2732 quominus
1101 2677 1146 2719 id
1179 2678 1291 2733 quod
1324 2678 1408 2721 sibi
1440 2684 1717 2736 proposuerat

217 2756 314 2808 apte
359 2753 600 2808 disertoque
647 2753 889 2796 enuntiaret
920 2756 1054 2808 poeta,
1085 2754 1305 2797 luculento
1340 2769 1419 2798 nos
1450 2757 1534 2799 iam
1571 2757 1716 2800 docuit

219 2828 426 2885 exemplo.
