2034 3334
944 390 1024 429 147

259 516 313 555 Et
344 517 411 556 est
441 515 578 565 figura
608 514 777 566 ἔλλειψις
809 517 858 555 ut
889 516 1000 564 apud
1031 515 1259 564 Virgilium

378 592 590 631 Invidisse
622 592 733 631 Deos
764 591 915 640 patriis
947 592 995 630 ut
1026 592 1217 630 redditus
1249 591 1378 629 aris.'’

201 668 330 707 Gravi
370 668 477 708 haec
518 669 667 707 morbo
708 668 916 707 laborant.
959 668 1076 706 Inter
1112 667 1414 705 Asinorum
1444 668 1690 716 pretium
1722 668 1765 706 et

201 753 358 782 nomen
399 743 595 792 Virgil.
639 743 799 782 excidit
839 743 1002 782 lemma
1031 742 1133 781 novi
1164 742 1337 780 scholii:
1371 742 1422 780 de
1453 741 1765 791 significatione

200 818 319 858 vocis
350 820 597 868 pretium
629 821 671 858 et
703 820 754 858 de
778 818 998 875 ..infinitivo
1032 818 1407 858 commisisse.

204 905 209 908 ·
263 895 329 934 10.
362 895 652 934 Vehementer
683 889 819 934 iratus
851 895 969 934 Davo
1001 895 1253 943 Pamphilus
1285 895 1347 933 sic
1379 899 1478 933 eum
1511 895 1764 943 alloquitur:

204 970 425 1020 „Ehodum
466 971 574 1010 bone
616 971 724 1010 vir.”
758 971 1041 1017 Annotatur:>
1061 971 1131 1020 „et
1162 970 1242 1009 hoc
1273 969 1449 1021 εἰρωνεία
1481 971 1763 1020 prosequitur,

202 1057 300 1085 cum
343 1057 470 1085 omne
511 1057 647 1095 genus
679 1047 965 1085 contumeliae
996 1047 1091 1085 leve
1123 1046 1167 1084 in
1199 1056 1299 1084 eum
1331 1046 1527 1095 dicimus,
1561 1046 1605 1084 in
1636 1057 1766 1094 quem

200 1123 380 1162 ferimur
426 1123 687 1162 iracundia.'’
735 1123 865 1162 Varia
911 1122 1038 1161 lectio
1080 1122 1336 1160 ducimus
1379 1124 1466 1170 (pro
1509 1122 1765 1168 dicimus)

201 1209 338 1247 neque
375 1199 419 1237 in
450 1199 613 1238 maiore
644 1198 1003 1237 Westerhoviana
1033 1208 1171 1246 neque
1200 1197 1244 1242 in
1275 1197 1504 1236 Klotziana
1535 1198 1764 1243 invenitur.

201 1275 336 1314 Unice
377 1276 526 1314 tamen
567 1285 671 1314 vera
712 1275 790 1324 est⁷
835 1285 968 1322 eaque
1010 1275 1182 1322 recepta
1222 1284 1357 1312 unum
1399 1275 1571 1313 tantum
1608 1275 1764 1314 vitium

202 1352 359 1390 restat:
402 1350 771 1399 prosequitur
803 1350 932 1399 enim,
966 1350 1059 1388 sive
1091 1348 1281 1400 εἰρωνεία,
1311 1350 1404 1388 sive
1436 1349 1612 1404 εἰρωνείᾳ
1644 1351 1763 1401 legis,

201 1437 358 1466 sanum
390 1437 486 1465 esse
517 1427 677 1475 nequit.
711 1425 958 1474 Requiritur
993 1412 1071 1474 „ad
1103 1424 1304 1475 εἰρωνείαν
1338 1425 1651 1474 confugimuS.’'
1686 1427 1768 1473 (An

186 1501 454 1551 legendum:
487 1502 568 1540 hoc
599 1500 798 1553 εἰρωνείας
832 1511 967 1550 genus
999 1501 1194 1549 sequitur
1226 1511 1260 1540 e.
1295 1512 1333 1549 q.
1352 1512 1386 1540 s.
1420 1502 1468 1548 ἲ).

260 1653 331 1702 IV,
378 1654 414 1702 l,
453 1653 517 1691 19.
552 1652 762 1691 Charinus
793 1652 1052 1691 vocabulum
1084 1652 1251 1701 repetit,
1286 1662 1368 1700 quo
1400 1662 1505 1691 usus
1537 1654 1604 1691 est
1636 1653 1688 1691 ad
1720 1663 1767 1692 se

202 1729 471 1777 purgandum
503 1728 768 1776 Pamphilus.
802 1727 925 1766 Hanc
956 1727 1257 1776 repetitionem
1290 1728 1382 1766 ideo
1409 1726 1500 1766 fieri
1529 1728 1768 1767 Scholiasta

202 1805 411 1844 declarat:
459 1805 585 1854 „quia
626 1804 832 1843 articulus
875 1804 1016 1842 omnis
1036 1818 1037 1821 ¹
1059 1804 1318 1842 defensionis
1360 1815 1433 1852 per
1471 1805 1767 1843 concessivam

203 1880 457 1929 qualitatem
499 1881 579 1918 hoc
610 1880 723 1918 dicto
755 1881 822 1918 est
854 1879 1158 1918 constitutus”
1197 1879 1455 1917 Eiusdemne
1488 1879 1676 1918 hominis
1709 1881 1766 1919 in-

202 1967 332 1995 sanas
358 1956 487 1994 hasce
515 1956 698 2004 ineptias
725 1956 864 2004 putas,
893 1955 965 2003 qui
993 1954 1342 1993 annotationibus
1367 1955 1458 1993 suis
1485 1957 1768 2003 spectandum

202 2032 325 2071 nobis
356 2031 605 2070 Terentium
635 2030 910 2079 praebuerit?

262 2182 332 2232 IV,
378 2183 416 2232 2,
464 2183 500 2221 1.
543 2182 686 2221 Monet
729 2181 969 2220 Scholiasta
1009 2181 1102 2219 ideo
1140 2180 1210 2218 hic
1240 2180 1515 2228 Pamphilum
1548 2191 1573 2219 a
1605 2182 1767 2229 Myside

204 2257 389 2306 Glycerii
431 2257 651 2296 admoneri
696 2267 775 2306 „ne
817 2256 1069 2294 succumbat
1112 2256 1165 2294 ad
1206 2255 1379 2304 nuptias
1420 2256 1532 2304 patri
1568 2257 1768 2304 quamvis

204 2333 450 2381 promiserit
480 2343 527 2371 se
559 2333 788 2371 ducturum
816 2332 1083 2379 coniugem.”
1112 2331 1263 2380 Inepta
1288 2331 1517 2377 verborum
1545 2333 1767 2381 dispositio

204 2413 345 2451 totum
392 2413 585 2451 scholion
626 2411 856 2450 obscurum
896 2410 1091 2448 reddidit.
1136 2409 1246 2448 Ordo
1288 2419 1382 2447 esse
1424 2408 1626 2447 debebat:
1674 2419 1764 2458 „ne,

204 2487 404 2535 quamvis
460 2487 707 2535 promiserit
758 2496 804 2524 se
852 2485 1081 2524 ducturum
1128 2484 1365 2533 coniugem,
1415 2484 1668 2523 succumbat
1714 2484 1767 2522 ad

205 2563 378 2611 nuptias
408 2562 562 2610 patri.”

269 2638 335 2676 19.
380 2637 511 2686 Quis
547 2637 774 2676 videor?
806 2635 1040 2674 Charinum
1071 2635 1323 2684 Pamphilus
1354 2636 1489 2683 rogat.
1523 2635 1768 2683 Respondet

205 2713 297 2751 hic:
340 2713 511 2751 miser
553 2722 725 2760 aeque
767 2713 934 2759 atque
976 2721 1085 2759 ego.
1129 2710 1395 2749 Annotatur:
1437 2710 1610 2760 „intulit
1639 2710 1765 2761 παροί-

206 2789 334 2835 ὃοξυυ.
375 2788 487 2826 Nam
528 2787 699 2826 volebat
738 2785 990 2834 Pamphilus
1031 2785 1113 2824 sibi
1154 2785 1236 2823 dici
1268 2788 1321 2824 et
1351 2785 1566 2824 fortis.’‘
1598 2785 1680 2824 Pro
1712 2787 1765 2824 et

206 2863 380 2902 fortis
411 2862 639 2911 legendum
672 2863 739 2900 est
770 2870 826 2899 es
866 2860 1052 2899 fortis.

269 2939 337 2977 25.
394 2938 593 2976 Verum
650 2937 736 2975 vis
793 2935 1004 2974 dicam?
1061 2934 1270 2974 Charinus
1315 2936 1449 2983 rogat.
1498 2935 1764 2974 Annotatur:
