2034 3334
963 377 1014 419 71

235 501 516 558 Peerlkampii
558 503 769 545 sententia
804 503 989 545 retinent
1019 502 1216 546 hodierni
1248 503 1456 557 editores;
1491 503 1739 560 rectissime,

234 581 285 622 ut
315 579 476 635 opinor.
508 577 592 622 Sed
624 579 731 635 quid
763 582 828 622 est
858 591 936 622 cur
968 581 1009 622 ei
1040 579 1144 623 haec
1176 579 1307 623 verba
1727 574 1729 577 ’

1101 688 1261 745 quibus

651 763 745 807 Mos
777 764 892 808 unde
924 764 1134 809 deductus
1166 778 1242 822 per
1274 778 1400 809 omne

710 841 895 899 Tempus
926 843 1164 886 Amazonia
1198 845 1339 887 securi

591 918 776 963 Dextras
807 919 1011 976 obarmet,
1043 933 1247 977 quaerere
1279 921 1440 978 distuli,

592 995 682 1039 Nec
714 997 823 1040 scire
854 996 919 1040 fas
951 1001 1016 1040 est
1047 999 1213 1053 omnia-3
1248 998 1323 1042 sed

236 1115 457 1157 damnanti
488 1114 682 1170 plerique
713 1115 1036 1158 assentiantur?
1068 1114 1183 1158 Num
1216 1116 1261 1158 hi
1291 1119 1411 1159 tanto
1437 1116 1524 1160 illis
1550 1120 1652 1160 sunt
1669 1117 1741 1161 ab·

237 1192 485 1235 surdiores?
541 1190 696 1235 Nonne
741 1194 783 1234 et
827 1193 913 1248 ipsi
958 1192 1202 1248 explicandi
1248 1206 1378 1236 causa
1426 1196 1528 1237 sunt
1575 1194 1740 1237 additi?

237 1268 487 1324 Significare
518 1269 631 1311 enim
663 1268 800 1310 voluit
828 1271 952 1324 poeta
983 1268 1231 1312 Vindelicos
1264 1271 1403 1312 securi
1432 1283 1526 1313 esse
1542 1274 1740 1327 armatos,

237 1349 278 1388 et
323 1346 369 1387 in
411 1357 460 1387 ea
501 1357 548 1388 re
579 1346 748 1400 magnis
779 1345 1022 1402 ineptisque
1050 1359 1147 1389 eum
1183 1348 1247 1389 uti
1279 1346 1531 1404 ambagibus
1564 1348 1741 1392 minime

235 1434 357 1478 nego,
391 1421 465 1464 sed
499 1425 540 1464 et
567 1421 668 1464 alibi
694 1423 842 1464 utitur.
875 1422 1055 1466 Accedit
1086 1423 1202 1479 quod
1233 1423 1319 1467 illis
1347 1424 1496 1468 deletis
1513 1425 1739 1469 vinculum

234 1499 343 1555 perit
392 1511 477 1554 quo
524 1498 593 1541 hic
633 1499 809 1542 minime
850 1512 992 1542 carere
1032 1513 1275 1556 possumus.
1309 1500 1490 1545 Subitus
1521 1502 1637 1545 enim
1667 1502 1740 1546 ille

237 1575 456 1630 transitus,
488 1575 563 1630 qui
594 1578 658 1617 est
685 1576 732 1617 in
763 1576 818 1618 iis
852 1589 962 1631 quae
992 1579 1216 1620 remanent

592 1683 751 1727 Videre
783 1682 937 1727 Rhaeti
968 1683 1078 1728 bella
1109 1684 1190 1728 sub
1222 1685 1409 1743 Alpibus

591 1758 784 1803 Drusum
815 1764 1032 1817 gerentem
1063 1761 1303 1806 Vindelici:
1336 1763 1412 1806 diu

654 1835 845 1893 Lateque
874 1839 1071 1882 victrices
1104 1842 1300 1883 catervae

714 1913 911 1958 Consiliis
942 1915 1113 1958 iuvenis
1145 1917 1331 1960 revictae

594 1989 774 2034 Sensere
806 2003 839 2034 e.
858 2004 897 2047 q.
915 2004 946 2034 s.

237 2106 290 2150 ab
323 2107 513 2150 oratione
544 2110 586 2150 et
617 2107 713 2151 stilo
743 2107 980 2151 Horatiano
1013 2109 1303 2154 alienissimus
1335 2123 1429 2155 esse
1455 2111 1637 2155 videtur.
