2034 3334
1062 343 1117 384 52

629 466 671 509 N
673 479 743 523 on,
775 467 812 510 si
843 469 1005 523 priores
1037 467 1263 511 Maeonius
1293 471 1412 512 tenet

630 542 762 586 Sedes
792 543 1023 599 Homerus,
1054 543 1306 588 Pindaricae
1336 545 1471 588 latent

691 618 887 676 Ceaeque
918 624 961 664 et
991 621 1139 664 Alcaei
1172 621 1361 665 minaces

749 695 1065 753 Stesichorique
1097 709 1250 753 graves
1283 696 1504 753 Camenae,

630 821 721 865 Nec
753 822 896 878 siquid
928 823 1030 865 olim
1061 823 1166 866 lusit
1198 823 1425 867 Anacreon

597 909 599 911 ’
629 897 798 942 Delevit
828 902 967 953 aetas3
1002 900 1137 956 spirat
1168 900 1309 943 adhuc
1340 913 1460 943 amor

688 974 942 1032 Vivuntque
977 977 1198 1019 commissi
1230 977 1392 1020 calores

750 1052 926 1096 Aeoliae
956 1052 1117 1096 fidibus
1153 1054 1334 1110 puellae.

333 1162 466 1206 Vides
511 1163 720 1206 hactenus
767 1165 981 1207 artissimo
1031 1165 1175 1207 omnia
1223 1165 1450 1208 cohaerere
1497 1165 1680 1208 vinculo.
1724 1162 1838 1215 Quid

333 1243 478 1282 autem
523 1239 750 1296 sequitur?
793 1239 988 1291 Quatuor
1030 1241 1217 1297 strophis
1260 1242 1476 1284 continuis
1508 1241 1619 1284 hanc
1649 1240 1839 1284 defendit

334 1317 590 1359 sententiam
621 1319 766 1372 poeta:
804 1316 914 1371 „Res
947 1331 1055 1374 quas
1087 1317 1304 1361 Homerus
1336 1319 1528 1361 narravit
1561 1331 1649 1360 non
1675 1317 1840 1360 suntin

336 1406 414 1436 suo
462 1406 618 1449 genere
659 1395 996 1450 antiquissimae,
1039 1395 1113 1438 sed
1147 1409 1257 1451 quae
1287 1395 1382 1438 illas
1414 1399 1550 1439 aetate
1581 1395 1840 1438 antecedunt

336 1469 564 1524 oblivionis
620 1474 743 1514 nocte
797 1475 1066 1527 premuntur,
1113 1473 1215 1528 quia
1261 1476 1359 1515 vate
1404 1471 1675 1515 caruerunt’'
1722 1470 1840 1514 Huic

334 1550 475 1589 autem
524 1549 758 1590 sententiae
803 1549 902 1604 quis
944 1548 1066 1591 locus
1109 1552 1206 1604 post
1246 1550 1428 1604 priorem
1461 1549 1581 1591 illam
1608 1548 1661 1592 de
1690 1548 1839 1603 lyricis

335 1624 472 1679 poetis
513 1637 602 1666 non
638 1637 740 1680 prae
770 1623 958 1667 Homero
990 1625 1345 1668 contemnendis?
1377 1625 1433 1668 Et
1465 1625 1708 1668 cuiusmodi
1737 1627 1840 1668 sunt

335 1705 587 1757 argumenta
620 1701 778 1757 quibus
810 1701 1119 1744 confirmatur?
1154 1701 1304 1745 Dicam
1337 1705 1502 1758 aperte:
1530 1701 1839 1745 absurdissima

336 1779 379 1819 et
424 1777 636 1820 eiusmodi
682 1780 731 1820 ut
772 1777 891 1821 nullo
933 1779 1104 1834 negotio
1135 1777 1343 1820 infirmari
1375 1781 1417 1821 et
1446 1778 1630 1834 perverti
1659 1778 1840 1834 possint.

335 1852 653 1910 Persequamur
684 1854 870 1910 singula.

401 1929 525 1985 „Non
565 1932 702 1987 prima
742 1931 935 1974 adultera
973 1930 1056 1973 fuit
1087 1930 1297 1973 Helena.’'
1328 1931 1388 1973 At
1421 1932 1535 1973 enim
1563 1943 1674 1987 quae
1706 1930 1760 1974 de
1789 1943 1840 1974 ea

340 2010 485 2049 narrat
514 2006 729 2050 Homerus
761 2020 848 2050 non
880 2007 1090 2050 eiusmodi
1124 2010 1226 2050 sunt
1257 2010 1306 2049 ut
1336 2008 1586 2063 praesertim
1617 2007 1839 2063 culpam

342 2085 436 2126 eius
467 2086 508 2126 et
539 2083 679 2126 male
709 2083 729 2125 f
736 2086 922 2126 actum
952 2085 998 2126 in
1030 2084 1143 2126 clara
1172 2096 1330 2139 ponere
1361 2083 1458 2126 luce
1485 2083 1594 2126 velle
1621 2083 1838 2126 videatur:

342 2160 394 2203 de
425 2160 576 2203 bello
608 2160 661 2203 ob
693 2174 786 2203 eam
818 2163 938 2217 gesto
970 2163 1128 2216 narrat,
1158 2159 1210 2202 de
1234 2161 1328 2216 ipsa
1354 2172 1449 2201 raro
1477 2159 1683 2215 loquitur,
1698 2153 1840 2214 neque

342 2239 562 2293 tamquam
603 2237 655 2280 de
696 2237 888 2280 adultera
930 2236 1004 2279 sed
1035 2239 1253 2292 tamquam
1286 2235 1537 2292 dignissimo
1568 2236 1677 2278 tanti
1707 2237 1840 2278 certa*

343 2314 472 2356 minis
502 2314 648 2369 pretio.
682 2312 766 2356 Sed
792 2314 872 2356 hoc
899 2314 1132 2356 mittamus.
1158 2312 1313 2355 Nonne
1339 2316 1429 2355 tota
1444 2312 1516 2354 illa
1543 2312 1839 2355 adulterae

345 2390 502 2432 mentio
533 2391 675 2446 inepte
705 2391 751 2432 in
782 2391 862 2432 hac
892 2390 1214 2432 enumeratione
1244 2389 1449 2445 ponitur?
1477 2388 1699 2444 Exemplis
1725 2388 1840 2431 enim

346 2466 715 2509 demonstraturus
746 2469 810 2509 est
840 2469 964 2522 poeta
994 2467 1256 2522 egregios
1285 2466 1441 2508 viros
1468 2466 1543 2520 qui
1569 2467 1666 2507 ante
1681 2463 1840 2506 Home-

343 2555 441 2584 rum
473 2543 659 2584 vixerint
689 2543 868 2598 posteris
901 2546 1024 2585 notos
1056 2555 1149 2585 esse
1180 2555 1267 2584 non
1294 2543 1486 2598 potuisse
1513 2542 1614 2597 quia
1639 2540 1840 2583 laudes

346 2630 493 2660 eorum
525 2632 550 2660 a
580 2619 700 2661 nullo
732 2623 855 2674 poeta
887 2623 1031 2662 essent
1063 2618 1308 2662 celebratae.

410 2694 531 2748 „Non
576 2694 763 2738 Teucer''
807 2696 972 2751 primus
1019 2695 1128 2750 „tela
1170 2694 1361 2750 Cydonio
1393 2695 1549 2737 direxit
1581 2693 1724 2736 arcu.’'
1755 2692 1841 2736 Lu-

344 2768 493 2812 benter
540 2771 676 2826 cred0,
722 2772 796 2814 sed
843 2772 946 2827 quid
988 2772 1115 2814 tum?
1158 2771 1329 2828 Ergone
1370 2772 1446 2827 qui
1489 2773 1587 2813 ante
1626 2770 1838 2813 Teucrum

346 2847 504 2904 egregii
547 2846 722 2890 fuerunt
767 2849 972 2904 sagittarii
1017 2850 1108 2891 noti
1148 2850 1235 2891 iam
1275 2861 1363 2891 non
1404 2847 1538 2891 sunt?
1568 2847 1707 2890 Immo
1738 2859 1840 2890 vero
