2034 3334
171 762 251 820 JV

93 951 158 1045 (60⁸

1073 337 1099 375 6

357 466 412 504 65
445 463 694 514 Legendum
726 462 835 503 mihi
867 461 1027 502 videri:

414 538 560 592 Egone
582 539 703 579 illam
726 548 834 588 quae
856 538 993 589 illum,
1018 549 1127 588 quae
1148 549 1220 579 me
1242 549 1340 590 non,
1364 550 1543 589 quae...
1567 541 1662 582 sine
1682 541 1811 583 modo

298 617 387 658 iam
428 615 519 656 dixi
560 614 606 656 in
646 615 928 664 Mnemosyne
971 615 1068 661 (vol.
1111 615 1195 655 XX
1235 626 1275 666 p.
1323 617 1434 663 167).
1478 616 1616 668 Quam
1647 617 1781 658 durus
1811 617 1871 660 sit

298 693 502 743 vulgatus
542 692 774 733 verborum
816 692 918 731 ordo
960 702 1088 731 nemo
1129 692 1408 732 Lachmanno
1450 692 1608 734 clarius
1648 693 1867 746 indicavit,

298 769 369 820 qui
412 769 466 810 ad
507 767 780 819 Propertium
822 768 868 818 (Ι,
914 768 952 818 2,
999 768 1068 814 25)
1111 767 1175 808 sic
1215 768 1501 819 supplendum
1538 779 1635 810 esse
1665 771 1868 811 annotat:

303 857 463 897 „egone
495 846 615 886 illam
649 845 844 895 (adeam),
879 854 987 894 quae
1020 844 1142 884 illum
1176 844 1378 896 (recepit),
1412 855 1521 895 quae
1550 855 1624 887 me
1650 856 1759 896 quae
1783 855 1871 888 11011

299 923 403 973 (pati
434 922 581 969 facit)”
615 922 677 962 ita
708 924 758 962 ut
789 921 863 961 illa
894 931 1032 970 quae
1064 931 1169 960 non
1201 920 1362 961 Graeco
1393 921 1433 961 τί
1461 920 1510 962 οὐ
1536 923 1626 963 sint
1655 922 1839 964 similia!

359 1000 415 1039 68
448 1009 510 1048 sq.
574 999 672 1038 Iure
718 997 763 1037 hi
804 1007 958 1037 versus
1000 997 1333 1037 admirationem
1383 1000 1584 1039 movent:
1626 1009 1713 1040 non
1753 999 1871 1040 enim

299 1077 499 1126 poterant
529 1075 711 1125 lepidius
742 1074 985 1115 meretricis
1015 1074 1247 1124 perstringi
1278 1076 1395 1115 artes
1430 1075 1710 1126 fallaciaeque
1740 1085 1871 1126 quam

299 1154 369 1194 hic
399 1154 611 1193 Parmeno
643 1152 769 1192 facit:

511 1228 630 1268 Haec
660 1227 793 1268 verba
823 1227 898 1267 illa
928 1237 1015 1267 una
1045 1237 1117 1267 me
1148 1227 1291 1267 hercle
1326 1228 1438 1268 falsa
1467 1227 1695 1269 lacrimula

512 1305 649 1355 Quam
681 1304 828 1344 oculos
858 1304 1035 1344 terendo
1066 1303 1226 1344 misere
1256 1304 1334 1343 vix
1365 1303 1410 1343 vi
1441 1304 1704 1355 expresserit

509 1381 778 1430 Restinguet.

304 1459 421 1509 Quod
448 1459 597 1498 autem
623 1458 846 1506 Bentlejus
871 1457 1093 1507 proposuit
1118 1457 1328 1497 misera
1354 1468 1429 1507 pro
1455 1458 1663 1498 misere
1689 1457 1871 1499 minime

303 1535 568 1584 probandum
611 1534 793 1573 videtur.
838 1533 1017 1583 Egregie
1059 1522 1176 1573 enim
1218 1533 1290 1574 illo
1332 1534 1541 1574 misere
1582 1535 1764 1584 augetur
1803 1534 1872 1575 vis

305 1611 500 1651 vocabuli
531 1610 638 1650 vix.

858 1859 1004 1898 Ao'rus
1036 1859 1067 1898 Ι.
1103 1858 1247 1898 SCENA
1281 1859 1319 1897 2.

366 1993 589 2033 Stantibus
630 1993 869 2032 etiamdum
912 1994 1013 2032 ante
1054 1991 1230 2031 Thaidis
1265 1991 1427 2031 ostium
1459 1991 1670 2030 Phaedria
1700 1991 1745 2031 et
1774 1990 1871 2030 Par·

303 2081 499 2120 menone,
534 2071 578 2109 et
609 2070 688 2109 hoc
720 2069 885 2119 optima
916 2079 1108 2118 quaeque
1134 2069 1351 2118 monente,
1380 2068 1453 2107 1110
1479 2068 1549 2107 vel
1576 2066 1776 2107 audiente
1801 2065 1873 2106 vel

304 2158 389 2187 non
431 2147 643 2196 audiente,
688 2146 781 2196 ipsa
822 2146 954 2185 Thais
995 2146 1146 2196 prodit,
1192 2156 1341 2185 secum
1383 2145 1592 2194 loquendo
1623 2142 1872 2193 significans

304 2234 434 2272 quam
476 2224 646 2262 metuat
687 2232 740 2261 ne
782 2222 896 2261 iusto
935 2221 1111 2271 gravius
1152 2222 1263 2261 ferat
1303 2220 1514 2260 Phaedria
1549 2219 1660 2269 quod
1690 2218 1784 2259 heri
1813 2218 1874 2259 sit

304 2299 519 2338 exclusus.
564 2298 787 2337 Reverane
829 2308 1018 2337 secum
1060 2298 1167 2337 haec
1207 2297 1406 2346 loquitur,
1450 2307 1476 2335 a
1507 2295 1624 2335 nullo
1654 2305 1702 2335 se
1734 2293 1872 2335 audiri

304 2377 410 2424 rata,
455 2385 661 2413 reverane
704 2374 843 2413 solam
885 2384 931 2413 se
974 2383 1070 2412 esse
1110 2374 1246 2423 putat,
1291 2383 1346 2412 an
1382 2372 1621 2411 simulat
1652 2381 1678 2411 a
1707 2381 1756 2411 se
1785 2380 1873 2411 non

304 2452 422 2489 visos
465 2451 722 2490 Phaedriam
755 2453 798 2490 et
830 2450 1177 2490 Parmenonem?
1208 2449 1411 2489 Veterem
1443 2448 1726 2488 scholiastam
1755 2446 1870 2488 audi-

305 2537 442 2565 amus.
493 2527 556 2565 Ad
605 2537 667 2566 vs.
713 2527 780 2575 85,
825 2526 896 2565 ubi
938 2526 1069 2565 Thais
1110 2525 1392 2565 Parmenonis
1432 2535 1537 2564 voce
1579 2523 1727 2564 audita
1764 2523 1872 2563 haec

304 2602 428 2641 dicit:
468 2603 588 2651 „quis
619 2603 691 2641 hic
720 2602 967 2651 loquitur?”
1001 2602 1072 2641 ille
1105 2602 1307 2641 annotat:
1345 2610 1455 2650 „non
1487 2599 1685 2648 imperite
1715 2597 1870 2638 intelli-

304 2681 421 2727 gunt,
457 2679 527 2726 qui
562 2679 818 2717 existimant
845 2677 1119 2717 meretricem
1147 2677 1280 2716 etiam
1307 2677 1388 2716 hoc
1414 2675 1620 2715 simulare
1647 2674 1757 2723 quod
1784 2683 1871 2714 non

304 2755 562 2803 praeviderit
596 2755 863 2793 Phaedriam.
898 2755 1011 2793 Nam
1043 2755 1087 2793 et
1118 2763 1325 2803 personae
1358 2754 1402 2791 et
1433 2751 1558 2791 dictis
1590 2750 1682 2789 eius
1714 2748 1869 2789 ceteris

305 2830 527 2869 convenit:
572 2832 614 2869 et
657 2833 759 2869 tunc
801 2832 926 2869 erunt
967 2829 1156 2878 gratiosa
1189 2829 1230 2875 (i.
1264 2839 1298 2868 e.
1333 2828 1386 2867 ad
1418 2825 1651 2866 Phaedriae
1683 2825 1869 2873 gratiam

312 2906 569 2954 captandam
621 2908 733 2955 apta)
777 2906 934 2955 omnia,
980 2916 1087 2954 quae
1123 2915 1253 2954 supra
1293 2903 1445 2943 dixit.”
1488 2900 1723 2941 Verissime
1764 2900 1871 2939 haec
