2034 3334
1019 370 1102 410 122

510 497 660 537 Iamne
691 497 921 537 ostendisti
952 496 1079 547 signa
1109 496 1299 538 nutrici?

272 576 400 623 atque
433 573 505 613 illo
537 573 845 623 respondente:
879 573 1086 623 omnia,
1120 583 1271 623 rogare
1302 574 1464 624 pergit:

509 649 690 700 Amabo,
724 649 824 699 quid
856 650 950 690 ait?
982 650 1291 700 cognoscitne?

271 727 353 767 Hic
380 726 588 767 Chremes
615 736 675 766 ac
700 726 1044 767 memoriter.
1072 726 1146 767 Ad·
1166 727 1281 767 hunc
1306 726 1450 767 locum
1467 726 1512 767 in
1529 725 1843 768 commentario

270 802 448 852 legitur:
482 803 556 842 Ac
587 802 933 849 memoriter]
971 802 1100 858 „Plus
1132 802 1280 843 intulit
1310 812 1442 852 quam
1473 802 1841 856 interrogabatur:

271 889 373 919 nam
414 889 575 928 magna
615 880 718 918 sunt
753 879 890 929 signa,
925 878 969 918 in
1000 878 1155 928 quibus
1186 878 1315 919 anilis
1345 880 1559 920 memoria
1588 889 1675 921 non
1704 881 1842 922 erat.”

270 956 351 996 Pro
393 957 516 995 erat
552 957 699 995 autem
731 955 1062 996 Westerhovius
1092 956 1285 1006 reposuit
1315 957 1482 997 errat.
1516 955 1620 1007 Quis
1649 965 1843 1007 unquam

269 1031 492 1080 Bentlejus
533 1030 774 1071 Cobetusve
816 1032 860 1071 in
901 1031 1171 1071 emendando
1201 1031 1366 1072 felicior
1395 1032 1510 1072 fuit?
1542 1031 1650 1083 Quid
1681 1032 1843 1075 certius

270 1119 401 1158 quam
433 1109 539 1148 haec
572 1109 652 1148 viri
685 1109 737 1149 ab
769 1109 971 1148 omnibus
1003 1109 1240 1159 contempti
1272 1109 1550 1149 coniectura?

329 1185 450 1224 Adel.
499 1185 530 1235 Ι,
581 1186 619 1235 2,
665 1186 734 1225 71.
767 1185 891 1225 Micio
932 1186 984 1225 de
1024 1184 1102 1225 filii
1143 1186 1346 1237 adoptivi,
1390 1196 1519 1236 quem
1560 1186 1689 1227 modo
1729 1186 1843 1238 apud

270 1264 438 1312 patrem
465 1262 710 1303 naturalem
737 1261 887 1302 sedulo
914 1262 1116 1312 defendit,
1145 1262 1339 1311 nequitia
1365 1272 1415 1317 ac
1440 1262 1620 1303 levitate
1646 1261 1842 1313 cogitans

270 1339 314 1378 et
345 1339 430 1378 alia
461 1340 506 1378 et
536 1339 644 1378 haec
674 1348 825 1378 secum
857 1338 908 1378 de
940 1348 990 1378 eo
1022 1338 1216 1387 queritur
1248 1341 1325 1385 (vs.
1360 1339 1574 1386 69-73):

509 1414 648 1465 Quam
680 1414 750 1454 hic
780 1425 866 1454 non
898 1414 1066 1454 amavit
1096 1413 1384 1465 meretricem,
1417 1416 1494 1455 aut
1519 1415 1588 1455 cui
1613 1425 1700 1456 non
1724 1414 1843 1456 dedit

509 1490 714 1540 Aliquid?
745 1491 965 1540 postremo
996 1500 1144 1540 nuper,
1179 1490 1316 1540 credo,
1350 1490 1439 1530 iam
1470 1490 1668 1531 omnium

507 1567 736 1618 Taedebat,
770 1567 882 1607 dixit
913 1567 1024 1607 velle
1057 1578 1239 1608 uxorem
1270 1567 1437 1607 ducere.

510 1643 744 1693 Sperabam
776 1644 864 1683 iam
897 1643 1133 1683 defervisse
1164 1643 1516 1684 adolescentiam.

509 1720 781 1760 Gaudebam:
815 1730 913 1760 ecce
945 1721 1093 1760 autem
1125 1720 1176 1759 de
1208 1720 1397 1770 integro!

269 1797 336 1837 Ad
377 1797 510 1837 verba
549 1796 709 1836 Dixit
750 1807 806 1836 se
847 1797 998 1836 velle
1035 1807 1266 1837 uxorem
1298 1797 1501 1836 ducere
1532 1796 1705 1847 egregia
1734 1796 1842 1838 haec

268 1874 426 1923 legitur
467 1874 603 1923 ipsius
634 1873 791 1913 Donati
823 1873 952 1920 (nosti
983 1873 1100 1913 enim
1132 1873 1234 1923 iam,
1267 1872 1413 1923 lector,
1448 1872 1548 1922 quid
1580 1882 1630 1912 eo
1665 1872 1841 1913 nomine

267 1949 561 2000 significatum
602 1950 749 1996 velim)
792 1950 1037 1989 annotatio:
1085 1949 1180 1999 „Sic
1216 1959 1271 1989 ex
1308 1950 1430 1999 parte
1461 1959 1623 1999 magna
1651 1947 1842 1989 ostendii.

268 2027 440 2066 nescius
482 2027 811 2076 argumentum:
845 2027 939 2066 ideo
971 2026 1072 2075 quia
1102 2025 1339 2066 verisimile
1371 2027 1450 2076 est,
1484 2024 1840 2065 amantissimum

268 2103 472 2142 Aeschini
504 2103 731 2142 Micionem
759 2111 911 2142 omnes
938 2102 1048 2142 scire
1075 2102 1257 2142 affectus
1283 2101 1569 2141 adolescentis
1595 2101 1640 2140 et
1664 2110 1839 2141 consue·

268 2180 453 2218 tudines.
482 2179 535 2218 Et
562 2180 739 2228 apparet
764 2180 999 2229 praeterea,
1029 2179 1233 2218 conatum
1261 2188 1316 2217 ex
1342 2178 1464 2227 parte
1490 2177 1617 2216 fateri
1633 2175 1840 2218 vitiatum

268 2265 415 2294 amore
458 2255 736 2304 Aeschinum,
776 2256 819 2294 et
850 2255 1009 2304 pudore
1041 2255 1311 2304 impeditum,
1344 2255 1518 2294 tantum
1550 2253 1630 2293 hoc
1661 2251 1837 2303 dixisse,

269 2331 378 2380 quod
421 2332 600 2370 honeste
642 2331 793 2380 potuit,
836 2331 948 2370 velle
989 2341 1035 2370 se
1077 2341 1259 2370 uxorem
1299 2330 1476 2388 ducere:
1519 2339 1650 2378 quam
1690 2330 1840 2369 autem

269 2407 398 2446 vellet
446 2408 635 2446 tacuisse
677 2407 948 2447 confusum.”
991 2407 1219 2456 Egregiam
1261 2406 1588 2446 annotationem
1628 2404 1837 2455 dicebam,

269 2485 310 2521 et
358 2485 426 2521 est
467 2483 580 2522 haud
623 2483 748 2522 dubie
790 2483 871 2522 viri
913 2483 1020 2522 artis
1061 2482 1257 2522 scenicae
1297 2482 1564 2532 peritissimi,
1607 2481 1684 2521 sed
1722 2481 1839 2531 turpi

268 2559 439 2597 macula
496 2559 760 2598 obscuratur.
819 2559 851 2597 E
898 2558 1042 2598 verbis
1088 2558 1205 2597 enim
1257 2559 1519 2597 conatum
1565 2567 1631 2597 ex
1676 2557 1839 2606 parte

268 2635 440 2673 fateri
499 2635 770 2673 vitiatum
829 2645 1015 2674 amore
1065 2634 1408 2674 Aeschinum
1456 2643 1613 2672 sanum
1659 2642 1839 2672 sensum

269 2720 395 2748 nemo
424 2710 579 2748 eliciat.
609 2710 757 2749 Gratia
784 2721 884 2759 ergo
905 2710 1147 2760 Wielingio,
1177 2710 1248 2758 qui
1275 2709 1455 2749 nebulas
1481 2708 1684 2758 dispersit
1709 2707 1836 2748 conii-

269 2786 417 2824 ciendo
465 2788 726 2824 conatum
774 2797 838 2825 ex
886 2788 1046 2835 parte
1093 2785 1268 2825 fateri
1309 2785 1558 2824 vitiasse
1600 2783 1837 2823 amicam

269 2861 624 2900 Aeschinum.
669 2861 888 2900 Audacem
930 2861 1092 2900 dixeris
1133 2861 1447 2900 coniecturam:
1480 2860 1588 2899 bene
1618 2857 1837 2908 reputanti

270 2936 513 2984 certissima
560 2937 785 2975 videbitur.
835 2937 1071 2986 Fingamus
1113 2937 1229 2976 enim
1272 2935 1466 2976 codicum
1509 2933 1838 2976 accuratissima
