<?xml version="1.0" encoding="UTF-8"?>
<!DOCTYPE html PUBLIC "-//W3C//DTD XHTML 1.0 Transitional//EN"
    "http://www.w3.org/TR/xhtml1/DTD/xhtml1-transitional.dtd">
<html xmlns="http://www.w3.org/1999/xhtml" xml:lang="en" lang="en">
 <head>
  <title>
</title>
<meta http-equiv="Content-Type" content="text/html;charset=utf-8" />
  <meta name='ocr-system' content='tesseract 3.04.00' />
  <meta name='ocr-capabilities' content='ocr_page ocr_carea ocr_par ocr_line ocrx_word'/>
</head>
<body>
  <div class='ocr_page' id='page_1' title='image "./dehoratiopota00hartuoft_0424.png"; bbox 0 0 2034 3334; ppageno 0'>
   <div class='ocr_carea' id='block_1_1' title="bbox 1003 403 1061 444">
    <p class='ocr_par' dir='ltr' id='par_1_1' title="bbox 1003 403 1061 444">
     <span class='ocr_line' id='line_1_1' title="bbox 1003 403 1061 444; baseline -0.017 0"><span class='ocrx_word' id='word_1_1' title='bbox 1003 403 1061 444; x_wconf 87' lang='lat'><strong>40</strong></span> 
     </span>
    </p>
   </div>
   <div class='ocr_carea' id='block_1_2' title="bbox 1675 0 2034 3334">
    <p class='ocr_par' dir='ltr' id='par_1_2' title="bbox 1675 0 2034 3334">
     <span class='ocr_line' id='line_1_2' title="bbox 1675 0 2034 3334; baseline 0 -2604"><span class='ocrx_word' id='word_1_2' title='bbox 1675 0 2034 3334; x_wconf 95' lang='lat' dir='ltr'><strong>    </strong></span> 
     </span>
    </p>
   </div>
   <div class='ocr_carea' id='block_1_3' title="bbox 791 619 1282 661">
    <p class='ocr_par' dir='ltr' id='par_1_3' title="bbox 791 619 1282 661">
     <span class='ocr_line' id='line_1_3' title="bbox 791 619 1282 661; baseline -0.002 0"><span class='ocrx_word' id='word_1_3' title='bbox 791 620 939 661; x_wconf 76' lang='lat' dir='ltr'><strong>Acrus</strong></span> <span class='ocrx_word' id='word_1_4' title='bbox 970 619 1034 660; x_wconf 88' lang='lat'><strong>111</strong></span> <span class='ocrx_word' id='word_1_5' title='bbox 1066 620 1210 660; x_wconf 61' lang='lat' dir='ltr'><strong>Scau</strong></span> <span class='ocrx_word' id='word_1_6' title='bbox 1242 621 1282 660; x_wconf 84' lang='lat'><strong>8.</strong></span> 
     </span>
    </p>
   </div>
   <div class='ocr_carea' id='block_1_4' title="bbox 187 756 1866 2558">
    <p class='ocr_par' dir='ltr' id='par_1_4' title="bbox 187 756 1818 1568">
     <span class='ocr_line' id='line_1_4' title="bbox 302 756 1816 809; baseline 0.002 -13"><span class='ocrx_word' id='word_1_7' title='bbox 302 758 492 798; x_wconf 81' lang='lat' dir='ltr'><strong>Vixdum</strong></span> <span class='ocrx_word' id='word_1_8' title='bbox 551 757 612 797; x_wconf 89' lang='lat' dir='ltr'><strong>illi</strong></span> <span class='ocrx_word' id='word_1_9' title='bbox 668 757 773 798; x_wconf 85' lang='lat' dir='ltr'><strong>sunt</strong></span> <span class='ocrx_word' id='word_1_10' title='bbox 824 757 1003 807; x_wconf 81' lang='lat' dir='ltr'><strong>profecti</strong></span> <span class='ocrx_word' id='word_1_11' title='bbox 1051 767 1151 797; x_wconf 90' lang='lat' dir='ltr'><strong>cum</strong></span> <span class='ocrx_word' id='word_1_12' title='bbox 1199 756 1407 797; x_wconf 85' lang='lat' dir='ltr'><strong>Chremes</strong></span> <span class='ocrx_word' id='word_1_13' title='bbox 1451 757 1640 809; x_wconf 84' lang='lat' dir='ltr'><strong>advenit,</strong></span> <span class='ocrx_word' id='word_1_14' title='bbox 1684 766 1816 808; x_wconf 81' lang='lat' dir='ltr'><strong>quem</strong></span> 
     </span>
     <span class='ocr_line' id='line_1_5' title="bbox 243 832 1818 883; baseline 0.001 -9"><span class='ocrx_word' id='word_1_15' title='bbox 243 835 443 874; x_wconf 87' lang='lat' dir='ltr'><strong>iuvenem</strong></span> <span class='ocrx_word' id='word_1_16' title='bbox 481 834 534 873; x_wconf 89' lang='lat' dir='ltr'><strong>ad</strong></span> <span class='ocrx_word' id='word_1_17' title='bbox 566 844 613 872; x_wconf 93' lang='lat' dir='ltr'><strong>se</strong></span> <span class='ocrx_word' id='word_1_18' title='bbox 646 833 933 873; x_wconf 85' lang='lat' dir='ltr'><strong>arcessiverat</strong></span> <span class='ocrx_word' id='word_1_19' title='bbox 964 833 1109 883; x_wconf 82' lang='lat' dir='ltr'>Thais,</span> <span class='ocrx_word' id='word_1_20' title='bbox 1143 834 1194 873; x_wconf 92' lang='lat' dir='ltr'><strong>ut</strong></span> <span class='ocrx_word' id='word_1_21' title='bbox 1223 832 1426 883; x_wconf 81' lang='lat' dir='ltr'><strong>puellam,</strong></span> <span class='ocrx_word' id='word_1_22' title='bbox 1459 843 1590 882; x_wconf 89' lang='lat' dir='ltr'><strong>quam</strong></span> <span class='ocrx_word' id='word_1_23' title='bbox 1621 842 1649 874; x_wconf 79' lang='lat' dir='ltr'><strong>a</strong></span> <span class='ocrx_word' id='word_1_24' title='bbox 1676 832 1818 875; x_wconf 79' lang='lat' dir='ltr'><strong>milite</strong></span> 
     </span>
     <span class='ocr_line' id='line_1_6' title="bbox 242 908 1817 960; baseline 0 -9"><span class='ocrx_word' id='word_1_25' title='bbox 242 912 358 951; x_wconf 87' lang='lat' dir='ltr'><strong>esset</strong></span> <span class='ocrx_word' id='word_1_26' title='bbox 409 911 651 960; x_wconf 89' lang='lat' dir='ltr'><strong>acceptura,</strong></span> <span class='ocrx_word' id='word_1_27' title='bbox 700 910 739 949; x_wconf 90' lang='lat' dir='ltr'><strong>ei</strong></span> <span class='ocrx_word' id='word_1_28' title='bbox 785 909 988 959; x_wconf 84' lang='lat' dir='ltr'><strong>traderet,</strong></span> <span class='ocrx_word' id='word_1_29' title='bbox 1038 918 1138 949; x_wconf 90' lang='lat' dir='ltr'><strong>cum</strong></span> <span class='ocrx_word' id='word_1_30' title='bbox 1185 908 1302 949; x_wconf 88' lang='lat' dir='ltr'><strong>illius</strong></span> <span class='ocrx_word' id='word_1_31' title='bbox 1347 919 1448 949; x_wconf 89' lang='lat' dir='ltr'><strong>eum</strong></span> <span class='ocrx_word' id='word_1_32' title='bbox 1493 908 1674 950; x_wconf 78' lang='lat' dir='ltr'><strong>tratrem</strong></span> <span class='ocrx_word' id='word_1_33' title='bbox 1719 919 1817 951; x_wconf 77' lang='lat' dir='ltr'><strong>esse</strong></span> 
     </span>
     <span class='ocr_line' id='line_1_7' title="bbox 187 978 1818 1036; baseline 0.001 -10"><span class='ocrx_word' id='word_1_34' title='bbox 187 994 191 999; x_wconf 52' lang='lat'><strong>¹</strong></span> <span class='ocrx_word' id='word_1_35' title='bbox 240 987 413 1036; x_wconf 87' lang='lat' dir='ltr'><strong>putaret</strong></span> <span class='ocrx_word' id='word_1_36' title='bbox 458 987 502 1025; x_wconf 91' lang='lat' dir='ltr'><strong>et</strong></span> <span class='ocrx_word' id='word_1_37' title='bbox 547 986 652 1025; x_wconf 91' lang='lat' dir='ltr'><strong>iure·</strong></span> <span class='ocrx_word' id='word_1_38' title='bbox 682 987 867 1035; x_wconf 87' lang='lat' dir='ltr'><strong>putaret.</strong></span> <span class='ocrx_word' id='word_1_39' title='bbox 908 985 967 1025; x_wconf 85' lang='lat' dir='ltr'><strong>At</strong></span> <span class='ocrx_word' id='word_1_40' title='bbox 1009 985 1080 1026; x_wconf 88' lang='lat' dir='ltr'><strong>ille</strong></span> <span class='ocrx_word' id='word_1_41' title='bbox 1123 995 1198 1025; x_wconf 91' lang='lat' dir='ltr'><strong>cur</strong></span> <span class='ocrx_word' id='word_1_42' title='bbox 1240 985 1371 1025; x_wconf 82' lang='lat' dir='ltr'><strong>fuerit</strong></span> <span class='ocrx_word' id='word_1_43' title='bbox 1410 978 1611 1026; x_wconf 61' lang='lat' dir='ltr'><strong>vocatus</strong></span> <span class='ocrx_word' id='word_1_44' title='bbox 1631 986 1677 1026; x_wconf 87' lang='lat' dir='ltr'><strong>et</strong></span> <span class='ocrx_word' id='word_1_45' title='bbox 1714 985 1818 1035; x_wconf 88' lang='lat' dir='ltr'><strong>quid</strong></span> 
     </span>
     <span class='ocr_line' id='line_1_8' title="bbox 241 1061 1817 1112; baseline -0.001 -9"><span class='ocrx_word' id='word_1_46' title='bbox 241 1063 416 1103; x_wconf 91' lang='lat' dir='ltr'><strong>omnino</strong></span> <span class='ocrx_word' id='word_1_47' title='bbox 457 1063 540 1103; x_wconf 89' lang='lat' dir='ltr'><strong>sibi</strong></span> <span class='ocrx_word' id='word_1_48' title='bbox 582 1063 714 1103; x_wconf 86' lang='lat' dir='ltr'><strong>Thais</strong></span> <span class='ocrx_word' id='word_1_49' title='bbox 755 1063 863 1103; x_wconf 86' lang='lat' dir='ltr'><strong>velit</strong></span> <span class='ocrx_word' id='word_1_50' title='bbox 898 1062 1082 1102; x_wconf 89' lang='lat' dir='ltr'><strong>minime</strong></span> <span class='ocrx_word' id='word_1_51' title='bbox 1114 1061 1331 1112; x_wconf 81' lang='lat' dir='ltr'><strong>intelligit.</strong></span> <span class='ocrx_word' id='word_1_52' title='bbox 1365 1062 1523 1102; x_wconf 83' lang='lat' dir='ltr'><strong>Secum</strong></span> <span class='ocrx_word' id='word_1_53' title='bbox 1554 1071 1656 1112; x_wconf 79' lang='lat' dir='ltr'><strong>ergo</strong></span> <span class='ocrx_word' id='word_1_54' title='bbox 1686 1061 1740 1102; x_wconf 87' lang='lat' dir='ltr'><strong>de</strong></span> <span class='ocrx_word' id='word_1_55' title='bbox 1769 1070 1817 1102; x_wconf 89' lang='lat' dir='ltr'><strong>re</strong></span> 
     </span>
     <span class='ocr_line' id='line_1_9' title="bbox 242 1137 1818 1188; baseline 0 -10"><span class='ocrx_word' id='word_1_56' title='bbox 242 1139 315 1178; x_wconf 84' lang='lat' dir='ltr'><strong>illa</strong></span> <span class='ocrx_word' id='word_1_57' title='bbox 345 1139 527 1179; x_wconf 89' lang='lat' dir='ltr'><strong>obscura</strong></span> <span class='ocrx_word' id='word_1_58' title='bbox 552 1149 662 1188; x_wconf 89' lang='lat' dir='ltr'><strong>quae</strong></span> <span class='ocrx_word' id='word_1_59' title='bbox 689 1139 771 1179; x_wconf 88' lang='lat' dir='ltr'><strong>sibi</strong></span> <span class='ocrx_word' id='word_1_60' title='bbox 797 1139 857 1179; x_wconf 88' lang='lat' dir='ltr'><strong>sit</strong></span> <span class='ocrx_word' id='word_1_61' title='bbox 882 1139 1027 1180; x_wconf 83' lang='lat' dir='ltr'><strong>oblata</strong></span> <span class='ocrx_word' id='word_1_62' title='bbox 1053 1139 1257 1188; x_wconf 85' lang='lat' dir='ltr'><strong>disputat.</strong></span> <span class='ocrx_word' id='word_1_63' title='bbox 1287 1138 1369 1178; x_wconf 89' lang='lat' dir='ltr'><strong>Sed</strong></span> <span class='ocrx_word' id='word_1_64' title='bbox 1395 1148 1505 1187; x_wconf 82' lang='lat' dir='ltr'><strong>quae</strong></span> <span class='ocrx_word' id='word_1_65' title='bbox 1531 1137 1603 1178; x_wconf 90' lang='lat' dir='ltr'><strong>ille</strong></span> <span class='ocrx_word' id='word_1_66' title='bbox 1628 1137 1818 1187; x_wconf 81' lang='lat' dir='ltr'><strong>loquitur</strong></span> 
     </span>
     <span class='ocr_line' id='line_1_10' title="bbox 241 1212 1818 1265; baseline -0.001 -10"><span class='ocrx_word' id='word_1_67' title='bbox 241 1225 371 1264; x_wconf 89' lang='lat' dir='ltr'><strong>quam</strong></span> <span class='ocrx_word' id='word_1_68' title='bbox 414 1217 599 1255; x_wconf 88' lang='lat' dir='ltr'><strong>venusta</strong></span> <span class='ocrx_word' id='word_1_69' title='bbox 634 1215 735 1265; x_wconf 89' lang='lat' dir='ltr'><strong>sint,</strong></span> <span class='ocrx_word' id='word_1_70' title='bbox 769 1224 902 1264; x_wconf 88' lang='lat' dir='ltr'><strong>quam</strong></span> <span class='ocrx_word' id='word_1_71' title='bbox 933 1214 1041 1254; x_wconf 90' lang='lat' dir='ltr'><strong>bene</strong></span> <span class='ocrx_word' id='word_1_72' title='bbox 1074 1215 1257 1263; x_wconf 80' lang='lat' dir='ltr'><strong>apteque</strong></span> <span class='ocrx_word' id='word_1_73' title='bbox 1288 1213 1459 1263; x_wconf 84' lang='lat' dir='ltr'><strong>singula</strong></span> <span class='ocrx_word' id='word_1_74' title='bbox 1488 1213 1579 1253; x_wconf 85' lang='lat' dir='ltr'><strong>sint</strong></span> <span class='ocrx_word' id='word_1_75' title='bbox 1606 1212 1818 1254; x_wconf 85' lang='lat' dir='ltr'><strong>vocabula</strong></span> 
     </span>
     <span class='ocr_line' id='line_1_11' title="bbox 241 1288 1815 1341; baseline 0.001 -11"><span class='ocrx_word' id='word_1_76' title='bbox 241 1291 389 1341; x_wconf 87' lang='lat' dir='ltr'><strong>electa,</strong></span> <span class='ocrx_word' id='word_1_77' title='bbox 429 1293 473 1330; x_wconf 90' lang='lat' dir='ltr'><strong>et</strong></span> <span class='ocrx_word' id='word_1_78' title='bbox 503 1293 666 1340; x_wconf 86' lang='lat' dir='ltr'><strong>quanta</strong></span> <span class='ocrx_word' id='word_1_79' title='bbox 697 1293 790 1331; x_wconf 84' lang='lat' dir='ltr'><strong>arte</strong></span> <span class='ocrx_word' id='word_1_80' title='bbox 821 1292 924 1330; x_wconf 49' lang='lat' dir='ltr'><strong>tota*</strong></span> <span class='ocrx_word' id='word_1_81' title='bbox 946 1290 1021 1330; x_wconf 88' lang='lat' dir='ltr'><strong>illa</strong></span> <span class='ocrx_word' id='word_1_82' title='bbox 1053 1289 1298 1330; x_wconf 79' lang='lat' dir='ltr'><strong>Chremetis</strong></span> <span class='ocrx_word' id='word_1_83' title='bbox 1329 1299 1514 1339; x_wconf 87' lang='lat' dir='ltr'><strong>persona</strong></span> <span class='ocrx_word' id='word_1_84' title='bbox 1543 1289 1604 1329; x_wconf 91' lang='lat' dir='ltr'><strong>sit</strong></span> <span class='ocrx_word' id='word_1_85' title='bbox 1633 1288 1815 1340; x_wconf 72' lang='lat' dir='ltr'><strong>depicta,</strong></span> 
     </span>
     <span class='ocr_line' id='line_1_12' title="bbox 242 1365 1815 1416; baseline -0.001 -10"><span class='ocrx_word' id='word_1_86' title='bbox 242 1367 316 1406; x_wconf 80' lang='lat' dir='ltr'><strong>vix</strong></span> <span class='ocrx_word' id='word_1_87' title='bbox 359 1368 403 1406; x_wconf 89' lang='lat' dir='ltr'><strong>et</strong></span> <span class='ocrx_word' id='word_1_88' title='bbox 434 1377 487 1407; x_wconf 93' lang='lat' dir='ltr'><strong>ne</strong></span> <span class='ocrx_word' id='word_1_89' title='bbox 519 1367 596 1406; x_wconf 81' lang='lat' dir='ltr'><strong>vix</strong></span> <span class='ocrx_word' id='word_1_90' title='bbox 628 1367 802 1416; x_wconf 89' lang='lat' dir='ltr'><strong>quidem</strong></span> <span class='ocrx_word' id='word_1_91' title='bbox 835 1366 1190 1416; x_wconf 81' lang='lat' dir='ltr'><strong>intelligeremus,</strong></span> <span class='ocrx_word' id='word_1_92' title='bbox 1223 1365 1310 1405; x_wconf 91' lang='lat' dir='ltr'><strong>nisi</strong></span> <span class='ocrx_word' id='word_1_93' title='bbox 1340 1365 1386 1405; x_wconf 91' lang='lat' dir='ltr'><strong>in</strong></span> <span class='ocrx_word' id='word_1_94' title='bbox 1416 1367 1611 1415; x_wconf 90' lang='lat' dir='ltr'><strong>tempore</strong></span> <span class='ocrx_word' id='word_1_95' title='bbox 1641 1366 1815 1416; x_wconf 80' lang='lat' dir='ltr'><strong>praesto</strong></span> 
     </span>
     <span class='ocr_line' id='line_1_13' title="bbox 242 1438 1815 1492; baseline -0.001 -10"><span class='ocrx_word' id='word_1_96' title='bbox 242 1443 365 1482; x_wconf 91' lang='lat' dir='ltr'><strong>nobis</strong></span> <span class='ocrx_word' id='word_1_97' title='bbox 407 1444 525 1483; x_wconf 88' lang='lat' dir='ltr'><strong>esset</strong></span> <span class='ocrx_word' id='word_1_98' title='bbox 565 1443 765 1492; x_wconf 84' lang='lat' dir='ltr'><strong>egregius</strong></span> <span class='ocrx_word' id='word_1_99' title='bbox 803 1442 874 1482; x_wconf 90' lang='lat' dir='ltr'><strong>ille</strong></span> <span class='ocrx_word' id='word_1_100' title='bbox 907 1443 1169 1492; x_wconf 88' lang='lat' dir='ltr'><strong>praeceptor,</strong></span> <span class='ocrx_word' id='word_1_101' title='bbox 1205 1441 1458 1481; x_wconf 80' lang='lat' dir='ltr'><strong>Scholiasta.</strong></span> <span class='ocrx_word' id='word_1_102' title='bbox 1491 1441 1536 1480; x_wconf 89' lang='lat' dir='ltr'><strong>Is</strong></span> <span class='ocrx_word' id='word_1_103' title='bbox 1567 1440 1684 1481; x_wconf 85' lang='lat' dir='ltr'><strong>enim</strong></span> <span class='ocrx_word' id='word_1_104' title='bbox 1714 1438 1815 1481; x_wconf 89' lang='lat' dir='ltr'><strong>huic</strong></span> 
     </span>
     <span class='ocr_line' id='line_1_14' title="bbox 241 1508 1523 1568; baseline -0.002 -10"><span class='ocrx_word' id='word_1_105' title='bbox 241 1508 396 1558; x_wconf 76' lang='lat' dir='ltr'><strong>scenae</strong></span> <span class='ocrx_word' id='word_1_106' title='bbox 427 1519 557 1559; x_wconf 87' lang='lat' dir='ltr'><strong>breve</strong></span> <span class='ocrx_word' id='word_1_107' title='bbox 589 1519 670 1558; x_wconf 90' lang='lat' dir='ltr'><strong>hoc</strong></span> <span class='ocrx_word' id='word_1_108' title='bbox 701 1518 927 1568; x_wconf 88' lang='lat' dir='ltr'><strong>praemisit</strong></span> <span class='ocrx_word' id='word_1_109' title='bbox 957 1518 1198 1558; x_wconf 88' lang='lat' dir='ltr'><strong>monitum:</strong></span> <span class='ocrx_word' id='word_1_110' title='bbox 1517 1552 1523 1557; x_wconf 86' lang='lat'>.</span> 
     </span>
    </p>

    <p class='ocr_par' dir='ltr' id='par_1_5' title="bbox 238 1592 1866 2403">
     <span class='ocr_line' id='line_1_15' title="bbox 306 1592 1812 1644; baseline -0.001 -10"><span class='ocrx_word' id='word_1_111' title='bbox 306 1595 450 1644; x_wconf 84' lang='lat' dir='ltr'><strong>„Haec</strong></span> <span class='ocrx_word' id='word_1_112' title='bbox 491 1605 676 1644; x_wconf 88' lang='lat' dir='ltr'><strong>persona</strong></span> <span class='ocrx_word' id='word_1_113' title='bbox 716 1595 828 1644; x_wconf 84' lang='lat' dir='ltr'><strong>apud</strong></span> <span class='ocrx_word' id='word_1_114' title='bbox 870 1594 1152 1634; x_wconf 85' lang='lat' dir='ltr'><strong>Menandrum</strong></span> <span class='ocrx_word' id='word_1_115' title='bbox 1193 1593 1345 1633; x_wconf 81' lang='lat' dir='ltr'><strong>rustici</strong></span> <span class='ocrx_word' id='word_1_116' title='bbox 1386 1592 1671 1633; x_wconf 83' lang='lat' dir='ltr'><strong>adolescentis</strong></span> <span class='ocrx_word' id='word_1_117' title='bbox 1701 1593 1812 1633; x_wconf 83' lang='lat' dir='ltr'><strong>est.&#39;&#39;</strong></span> 
     </span>
     <span class='ocr_line' id='line_1_16' title="bbox 242 1667 1812 1718; baseline -0.001 -9"><span class='ocrx_word' id='word_1_118' title='bbox 242 1670 335 1711; x_wconf 87' lang='lat' dir='ltr'><strong>Non</strong></span> <span class='ocrx_word' id='word_1_119' title='bbox 377 1681 428 1710; x_wconf 92' lang='lat' dir='ltr'><strong>eo</strong></span> <span class='ocrx_word' id='word_1_120' title='bbox 467 1670 645 1710; x_wconf 89' lang='lat' dir='ltr'><strong>consilio</strong></span> <span class='ocrx_word' id='word_1_121' title='bbox 687 1670 769 1710; x_wconf 93' lang='lat' dir='ltr'><strong>hoc</strong></span> <span class='ocrx_word' id='word_1_122' title='bbox 805 1670 969 1710; x_wconf 90' lang='lat' dir='ltr'><strong>dictum</strong></span> <span class='ocrx_word' id='word_1_123' title='bbox 1000 1670 1124 1718; x_wconf 84' lang='lat' dir='ltr'><strong>quasi</strong></span> <span class='ocrx_word' id='word_1_124' title='bbox 1155 1669 1281 1709; x_wconf 89' lang='lat' dir='ltr'><strong>aliter</strong></span> <span class='ocrx_word' id='word_1_125' title='bbox 1311 1668 1425 1708; x_wconf 84' lang='lat' dir='ltr'><strong>haec·</strong></span> <span class='ocrx_word' id='word_1_126' title='bbox 1448 1667 1692 1708; x_wconf 86' lang='lat' dir='ltr'><strong>Chremetis</strong></span> <span class='ocrx_word' id='word_1_127' title='bbox 1722 1678 1812 1718; x_wconf 89' lang='lat' dir='ltr'><strong>per·</strong></span> 
     </span>
     <span class='ocr_line' id='line_1_17' title="bbox 241 1742 1814 1794; baseline -0.001 -9"><span class='ocrx_word' id='word_1_128' title='bbox 241 1756 348 1785; x_wconf 88' lang='lat' dir='ltr'><strong>sona</strong></span> <span class='ocrx_word' id='word_1_129' title='bbox 389 1756 416 1785; x_wconf 88' lang='lat' dir='ltr'><strong>a</strong></span> <span class='ocrx_word' id='word_1_130' title='bbox 456 1745 656 1785; x_wconf 85' lang='lat' dir='ltr'><strong>Terentio</strong></span> <span class='ocrx_word' id='word_1_131' title='bbox 698 1745 757 1785; x_wconf 90' lang='lat' dir='ltr'><strong>sit</strong></span> <span class='ocrx_word' id='word_1_132' title='bbox 798 1745 966 1794; x_wconf 84' lang='lat' dir='ltr'><strong>depicta</strong></span> <span class='ocrx_word' id='word_1_133' title='bbox 997 1746 1126 1793; x_wconf 83' lang='lat' dir='ltr'><strong>atque</strong></span> <span class='ocrx_word' id='word_1_134' title='bbox 1158 1754 1184 1784; x_wconf 88' lang='lat' dir='ltr'><strong>a</strong></span> <span class='ocrx_word' id='word_1_135' title='bbox 1214 1744 1458 1794; x_wconf 81' lang='lat' dir='ltr'><strong>Menandro,</strong></span> <span class='ocrx_word' id='word_1_136' title='bbox 1491 1743 1567 1783; x_wconf 88' lang='lat' dir='ltr'><strong>sed</strong></span> <span class='ocrx_word' id='word_1_137' title='bbox 1597 1742 1814 1793; x_wconf 81' lang='lat' dir='ltr'><strong>significat</strong></span> 
     </span>
     <span class='ocr_line' id='line_1_18' title="bbox 241 1819 1813 1870; baseline -0.001 -9"><span class='ocrx_word' id='word_1_138' title='bbox 241 1822 352 1861; x_wconf 90' lang='lat' dir='ltr'><strong>hanc</strong></span> <span class='ocrx_word' id='word_1_139' title='bbox 394 1822 680 1861; x_wconf 89' lang='lat' dir='ltr'><strong>adolescentis</strong></span> <span class='ocrx_word' id='word_1_140' title='bbox 721 1821 871 1861; x_wconf 86' lang='lat' dir='ltr'><strong>rustici</strong></span> <span class='ocrx_word' id='word_1_141' title='bbox 914 1830 1144 1870; x_wconf 87' lang='lat' dir='ltr'><strong>personam</strong></span> <span class='ocrx_word' id='word_1_142' title='bbox 1186 1831 1212 1860; x_wconf 85' lang='lat' dir='ltr'><strong>a</strong></span> <span class='ocrx_word' id='word_1_143' title='bbox 1253 1820 1453 1860; x_wconf 85' lang='lat' dir='ltr'><strong>Terentio</strong></span> <span class='ocrx_word' id='word_1_144' title='bbox 1496 1830 1551 1859; x_wconf 82' lang='lat' dir='ltr'><strong>ex</strong></span> <span class='ocrx_word' id='word_1_145' title='bbox 1591 1819 1813 1860; x_wconf 80' lang='lat' dir='ltr'><strong>Menandri</strong></span> 
     </span>
     <span class='ocr_line' id='line_1_19' title="bbox 241 1895 1842 1947; baseline -0.001 -11"><span class='ocrx_word' id='word_1_146' title='bbox 241 1897 445 1937; x_wconf 87' lang='lat' dir='ltr'><strong>Eunucho</strong></span> <span class='ocrx_word' id='word_1_147' title='bbox 477 1899 700 1947; x_wconf 90' lang='lat' dir='ltr'><strong>sumptam</strong></span> <span class='ocrx_word' id='word_1_148' title='bbox 733 1907 841 1947; x_wconf 90' lang='lat' dir='ltr'><strong>esse,</strong></span> <span class='ocrx_word' id='word_1_149' title='bbox 871 1907 956 1936; x_wconf 91' lang='lat' dir='ltr'><strong>non</strong></span> <span class='ocrx_word' id='word_1_150' title='bbox 984 1896 1168 1946; x_wconf 87' lang='lat' dir='ltr'><strong>aliunde,</strong></span> <span class='ocrx_word' id='word_1_151' title='bbox 1198 1897 1247 1935; x_wconf 89' lang='lat' dir='ltr'><strong>ut</strong></span> <span class='ocrx_word' id='word_1_152' title='bbox 1273 1896 1460 1935; x_wconf 89' lang='lat' dir='ltr'><strong>militem</strong></span> <span class='ocrx_word' id='word_1_153' title='bbox 1487 1896 1532 1935; x_wconf 88' lang='lat' dir='ltr'><strong>et</strong></span> <span class='ocrx_word' id='word_1_154' title='bbox 1556 1895 1810 1945; x_wconf 79' lang='lat' dir='ltr'><strong>parasitum.</strong></span> <span class='ocrx_word' id='word_1_155' title='bbox 1834 1927 1842 1934; x_wconf 94' lang='lat'><em>.</em></span> 
     </span>
     <span class='ocr_line' id='line_1_20' title="bbox 240 1966 1866 2022; baseline 0 -10"><span class='ocrx_word' id='word_1_156' title='bbox 240 1973 350 2022; x_wconf 90' lang='lat' dir='ltr'><strong>Ergo</strong></span> <span class='ocrx_word' id='word_1_157' title='bbox 406 1975 455 2013; x_wconf 90' lang='lat' dir='ltr'><strong>ut</strong></span> <span class='ocrx_word' id='word_1_158' title='bbox 510 1973 642 2013; x_wconf 89' lang='lat' dir='ltr'><strong>verba</strong></span> <span class='ocrx_word' id='word_1_159' title='bbox 687 1973 887 2021; x_wconf 83' lang='lat' dir='ltr'><strong>factaque</strong></span> <span class='ocrx_word' id='word_1_160' title='bbox 933 1972 1176 2012; x_wconf 88' lang='lat' dir='ltr'><strong>Chremetis</strong></span> <span class='ocrx_word' id='word_1_161' title='bbox 1222 1972 1330 2011; x_wconf 90' lang='lat' dir='ltr'><strong>bene</strong></span> <span class='ocrx_word' id='word_1_162' title='bbox 1377 1971 1685 2022; x_wconf 84' lang='lat' dir='ltr'><strong>intelligamus,</strong></span> <span class='ocrx_word' id='word_1_163' title='bbox 1731 1971 1814 2012; x_wconf 85' lang='lat' dir='ltr'><strong>hoc</strong></span> <span class='ocrx_word' id='word_1_164' title='bbox 1864 1966 1866 1968; x_wconf 65' lang='grc'><strong>’</strong></span> 
     </span>
     <span class='ocr_line' id='line_1_21' title="bbox 239 2046 1813 2098; baseline -0.001 -10"><span class='ocrx_word' id='word_1_165' title='bbox 239 2049 475 2088; x_wconf 90' lang='lat' dir='ltr'><strong>tenendum</strong></span> <span class='ocrx_word' id='word_1_166' title='bbox 525 2071 578 2077; x_wconf 93' lang='lat'>—</span> <span class='ocrx_word' id='word_1_167' title='bbox 622 2050 751 2097; x_wconf 90' lang='lat' dir='ltr'><strong>atque</strong></span> <span class='ocrx_word' id='word_1_168' title='bbox 794 2049 901 2088; x_wconf 87' lang='lat' dir='ltr'><strong>haec</strong></span> <span class='ocrx_word' id='word_1_169' title='bbox 942 2050 1010 2088; x_wconf 90' lang='lat' dir='ltr'><strong>est</strong></span> <span class='ocrx_word' id='word_1_170' title='bbox 1051 2048 1186 2087; x_wconf 88' lang='lat' dir='ltr'><strong>totius</strong></span> <span class='ocrx_word' id='word_1_171' title='bbox 1228 2047 1544 2088; x_wconf 87' lang='lat' dir='ltr'><strong>observationis</strong></span> <span class='ocrx_word' id='word_1_172' title='bbox 1584 2046 1813 2098; x_wconf 80' lang='lat' dir='ltr'><strong>praecipua</strong></span> 
     </span>
     <span class='ocr_line' id='line_1_22' title="bbox 241 2122 1813 2173; baseline -0.001 -9"><span class='ocrx_word' id='word_1_173' title='bbox 241 2135 341 2173; x_wconf 86' lang='lat' dir='ltr'><strong>pars</strong></span> <span class='ocrx_word' id='word_1_174' title='bbox 386 2148 439 2153; x_wconf 90' lang='lat'>—</span> <span class='ocrx_word' id='word_1_175' title='bbox 484 2126 696 2165; x_wconf 87' lang='lat' dir='ltr'><strong>rusticum</strong></span> <span class='ocrx_word' id='word_1_176' title='bbox 743 2135 839 2164; x_wconf 91' lang='lat' dir='ltr'><strong>esse</strong></span> <span class='ocrx_word' id='word_1_177' title='bbox 886 2124 1206 2164; x_wconf 86' lang='lat' dir='ltr'><strong>adolescentem</strong></span> <span class='ocrx_word' id='word_1_178' title='bbox 1253 2123 1542 2164; x_wconf 89' lang='lat' dir='ltr'><strong>Chremetem.</strong></span> <span class='ocrx_word' id='word_1_179' title='bbox 1590 2123 1685 2163; x_wconf 82' lang='lat' dir='ltr'><strong>Iam</strong></span> <span class='ocrx_word' id='word_1_180' title='bbox 1730 2122 1813 2163; x_wconf 85' lang='lat' dir='ltr'><strong>hoc</strong></span> 
     </span>
     <span class='ocr_line' id='line_1_23' title="bbox 239 2199 1811 2251; baseline -0.001 -11"><span class='ocrx_word' id='word_1_181' title='bbox 239 2202 428 2241; x_wconf 90' lang='lat' dir='ltr'><strong>hominis</strong></span> <span class='ocrx_word' id='word_1_182' title='bbox 470 2202 595 2251; x_wconf 88' lang='lat' dir='ltr'><strong>longe</strong></span> <span class='ocrx_word' id='word_1_183' title='bbox 637 2202 689 2242; x_wconf 92' lang='lat' dir='ltr'><strong>ab</strong></span> <span class='ocrx_word' id='word_1_184' title='bbox 731 2202 836 2241; x_wconf 89' lang='lat' dir='ltr'><strong>urbe</strong></span> <span class='ocrx_word' id='word_1_185' title='bbox 877 2201 1078 2251; x_wconf 87' lang='lat' dir='ltr'><strong>viventis,</strong></span> <span class='ocrx_word' id='word_1_186' title='bbox 1118 2202 1211 2240; x_wconf 87' lang='lat' dir='ltr'><strong>tarn</strong></span> <span class='ocrx_word' id='word_1_187' title='bbox 1244 2201 1396 2240; x_wconf 87' lang='lat' dir='ltr'><strong>multis</strong></span> <span class='ocrx_word' id='word_1_188' title='bbox 1427 2200 1570 2240; x_wconf 90' lang='lat' dir='ltr'><strong>verbis</strong></span> <span class='ocrx_word' id='word_1_189' title='bbox 1600 2210 1727 2240; x_wconf 84' lang='lat' dir='ltr'><strong>suam</strong></span> <span class='ocrx_word' id='word_1_190' title='bbox 1758 2199 1811 2240; x_wconf 88' lang='lat' dir='ltr'><strong>de</strong></span> 
     </span>
     <span class='ocr_line' id='line_1_24' title="bbox 238 2276 1818 2328; baseline 0.001 -12"><span class='ocrx_word' id='word_1_191' title='bbox 238 2279 334 2317; x_wconf 91' lang='lat' dir='ltr'><strong>dolo</strong></span> <span class='ocrx_word' id='word_1_192' title='bbox 382 2279 497 2317; x_wconf 87' lang='lat' dir='ltr'><strong>malo</strong></span> <span class='ocrx_word' id='word_1_193' title='bbox 545 2279 832 2328; x_wconf 90' lang='lat' dir='ltr'><strong>suspicionem</strong></span> <span class='ocrx_word' id='word_1_194' title='bbox 883 2276 1147 2327; x_wconf 87' lang='lat' dir='ltr'><strong>significare:</strong></span> <span class='ocrx_word' id='word_1_195' title='bbox 1197 2277 1423 2326; x_wconf 82' lang='lat' dir='ltr'><strong>„profecto,</strong></span> <span class='ocrx_word' id='word_1_196' title='bbox 1468 2277 1628 2325; x_wconf 87' lang='lat' dir='ltr'><strong>quanto</strong></span> <span class='ocrx_word' id='word_1_197' title='bbox 1668 2276 1818 2326; x_wconf 81' lang='lat' dir='ltr'><strong>magis</strong></span> 
     </span>
     <span class='ocr_line' id='line_1_25' title="bbox 240 2354 946 2403; baseline 0.001 -12"><span class='ocrx_word' id='word_1_198' title='bbox 240 2354 464 2402; x_wconf 84' lang='lat' dir='ltr'><strong>magisque</strong></span> <span class='ocrx_word' id='word_1_199' title='bbox 498 2354 650 2403; x_wconf 85' lang='lat' dir='ltr'><strong>cogito,</strong></span> <span class='ocrx_word' id='word_1_200' title='bbox 685 2354 946 2393; x_wconf 90' lang='lat' dir='ltr'><strong>nimirum:’&#39;</strong></span> 
     </span>
    </p>

    <p class='ocr_par' dir='ltr' id='par_1_6' title="bbox 238 2428 1810 2558">
     <span class='ocr_line' id='line_1_26' title="bbox 297 2428 1688 2477; baseline 0 -10"><span class='ocrx_word' id='word_1_201' title='bbox 297 2439 360 2467; x_wconf 89' lang='lat' dir='ltr'><strong>vs.</strong></span> <span class='ocrx_word' id='word_1_202' title='bbox 395 2430 493 2467; x_wconf 81' lang='lat'>509.</span> <span class='ocrx_word' id='word_1_203' title='bbox 622 2430 714 2477; x_wconf 88' lang='lat' dir='ltr'><strong>„Ita</strong></span> <span class='ocrx_word' id='word_1_204' title='bbox 745 2440 816 2468; x_wconf 90' lang='lat' dir='ltr'><strong>me</strong></span> <span class='ocrx_word' id='word_1_205' title='bbox 847 2429 972 2468; x_wconf 87' lang='lat' dir='ltr'><strong>video</strong></span> <span class='ocrx_word' id='word_1_206' title='bbox 1004 2429 1057 2468; x_wconf 86' lang='lat' dir='ltr'><strong>ab</strong></span> <span class='ocrx_word' id='word_1_207' title='bbox 1091 2439 1142 2468; x_wconf 87' lang='lat' dir='ltr'><strong>ea</strong></span> <span class='ocrx_word' id='word_1_208' title='bbox 1173 2430 1318 2468; x_wconf 84' lang='lat' dir='ltr'><strong>astute</strong></span> <span class='ocrx_word' id='word_1_209' title='bbox 1350 2428 1688 2468; x_wconf 49' lang='lat' dir='ltr'><strong>labefactarier’fl</strong></span> 
     </span>
     <span class='ocr_line' id='line_1_27' title="bbox 238 2503 1810 2558; baseline 0.001 -16"><span class='ocrx_word' id='word_1_210' title='bbox 238 2504 411 2543; x_wconf 87' lang='lat' dir='ltr'><strong>Labef</strong></span> <span class='ocrx_word' id='word_1_211' title='bbox 420 2506 613 2544; x_wconf 86' lang='lat' dir='ltr'><strong>actare</strong></span> <span class='ocrx_word' id='word_1_212' title='bbox 656 2505 901 2558; x_wconf 80' lang='lat' dir='ltr'><strong>legitimum</strong></span> <span class='ocrx_word' id='word_1_213' title='bbox 938 2505 1120 2544; x_wconf 91' lang='lat' dir='ltr'><strong>verbum</strong></span> <span class='ocrx_word' id='word_1_214' title='bbox 1153 2506 1222 2544; x_wconf 90' lang='lat' dir='ltr'><strong>est</strong></span> <span class='ocrx_word' id='word_1_215' title='bbox 1252 2505 1303 2543; x_wconf 91' lang='lat' dir='ltr'><strong>de</strong></span> <span class='ocrx_word' id='word_1_216' title='bbox 1335 2514 1385 2543; x_wconf 92' lang='lat' dir='ltr'><strong>eo</strong></span> <span class='ocrx_word' id='word_1_217' title='bbox 1417 2504 1489 2552; x_wconf 90' lang='lat' dir='ltr'><strong>qui</strong></span> <span class='ocrx_word' id='word_1_218' title='bbox 1520 2514 1547 2543; x_wconf 86' lang='lat' dir='ltr'><strong>a</strong></span> <span class='ocrx_word' id='word_1_219' title='bbox 1576 2503 1810 2543; x_wconf 84' lang='lat' dir='ltr'><strong>severitate</strong></span> 
     </span>
    </p>
   </div>
   <div class='ocr_carea' id='block_1_5' title="bbox 237 2579 850 2632">
    <p class='ocr_par' dir='ltr' id='par_1_7' title="bbox 237 2579 850 2632">
     <span class='ocr_line' id='line_1_28' title="bbox 237 2579 850 2632; baseline 0.003 -15.094"><span class='ocrx_word' id='word_1_220' title='bbox 237 2579 289 2617; x_wconf 85' lang='lat' dir='ltr'><strong>ad</strong></span> <span class='ocrx_word' id='word_1_221' title='bbox 323 2580 560 2632; x_wconf 77' lang='lat' dir='ltr'><strong>nequitiam</strong></span> <span class='ocrx_word' id='word_1_222' title='bbox 593 2580 850 2628; x_wconf 86' lang='lat' dir='ltr'><strong>perducitur.</strong></span> 
     </span>
    </p>
   </div>
   <div class='ocr_carea' id='block_1_6' title="bbox 217 2656 1806 3017">
    <p class='ocr_par' dir='ltr' id='par_1_8' title="bbox 298 2656 494 2693">
     <span class='ocr_line' id='line_1_29' title="bbox 298 2656 494 2693; baseline 0.006 -2"><span class='ocrx_word' id='word_1_223' title='bbox 298 2664 360 2693; x_wconf 87' lang='lat' dir='ltr'><strong>VS.</strong></span> <span class='ocrx_word' id='word_1_224' title='bbox 397 2656 494 2693; x_wconf 75' lang='lat'>511.</span> 
     </span>
    </p>

    <p class='ocr_par' dir='ltr' id='par_1_9' title="bbox 217 2729 1806 3017">
     <span class='ocr_line' id='line_1_30' title="bbox 360 2729 1705 2778; baseline 0.001 -11"><span class='ocrx_word' id='word_1_225' title='bbox 360 2729 522 2777; x_wconf 85' lang='lat' dir='ltr'><strong>„Roget</strong></span> <span class='ocrx_word' id='word_1_226' title='bbox 554 2731 671 2778; x_wconf 89' lang='lat' dir='ltr'><strong>quis:</strong></span> <span class='ocrx_word' id='word_1_227' title='bbox 706 2731 805 2778; x_wconf 90' lang='lat' dir='ltr'><strong>quid</strong></span> <span class='ocrx_word' id='word_1_228' title='bbox 839 2731 916 2769; x_wconf 90' lang='lat' dir='ltr'><strong>tibi</strong></span> <span class='ocrx_word' id='word_1_229' title='bbox 949 2741 1047 2770; x_wconf 90' lang='lat' dir='ltr'><strong>cum</strong></span> <span class='ocrx_word' id='word_1_230' title='bbox 1082 2731 1187 2770; x_wconf 86' lang='lat' dir='ltr'><strong>illa?</strong></span> <span class='ocrx_word' id='word_1_231' title='bbox 1219 2741 1272 2769; x_wconf 92' lang='lat' dir='ltr'><strong>ne</strong></span> <span class='ocrx_word' id='word_1_232' title='bbox 1304 2741 1456 2770; x_wconf 88' lang='lat' dir='ltr'><strong>noram</strong></span> <span class='ocrx_word' id='word_1_233' title='bbox 1488 2730 1705 2778; x_wconf 89' lang='lat' dir='ltr'><strong>quidem.”</strong></span> 
     </span>
     <span class='ocr_line' id='line_1_31' title="bbox 239 2804 1806 2854; baseline 0.002 -13"><span class='ocrx_word' id='word_1_234' title='bbox 239 2804 371 2842; x_wconf 85' lang='lat' dir='ltr'><strong>Audis</strong></span> <span class='ocrx_word' id='word_1_235' title='bbox 424 2805 491 2843; x_wconf 84' lang='lat' dir='ltr'><strong>hic</strong></span> <span class='ocrx_word' id='word_1_236' title='bbox 539 2805 738 2844; x_wconf 88' lang='lat' dir='ltr'><strong>iuvenem</strong></span> <span class='ocrx_word' id='word_1_237' title='bbox 786 2806 1081 2845; x_wconf 85' lang='lat' dir='ltr'><strong>subrusticum</strong></span> <span class='ocrx_word' id='word_1_238' title='bbox 1127 2806 1361 2845; x_wconf 89' lang='lat' dir='ltr'><strong>mirantem</strong></span> <span class='ocrx_word' id='word_1_239' title='bbox 1409 2805 1480 2854; x_wconf 93' lang='lat' dir='ltr'><strong>qui</strong></span> <span class='ocrx_word' id='word_1_240' title='bbox 1527 2804 1806 2844; x_wconf 86' lang='lat' dir='ltr'><strong>mulierculae</strong></span> 
     </span>
     <span class='ocr_line' id='line_1_32' title="bbox 235 2879 1804 2930; baseline 0.002 -14"><span class='ocrx_word' id='word_1_241' title='bbox 235 2879 501 2918; x_wconf 78' lang='lat' dir='ltr'><strong>innotescere</strong></span> <span class='ocrx_word' id='word_1_242' title='bbox 529 2881 727 2928; x_wconf 84' lang='lat' dir='ltr'><strong>potuerit.</strong></span> <span class='ocrx_word' id='word_1_243' title='bbox 758 2881 948 2920; x_wconf 88' lang='lat' dir='ltr'><strong>Chaerea</strong></span> <span class='ocrx_word' id='word_1_244' title='bbox 975 2883 1136 2930; x_wconf 87' lang='lat' dir='ltr'><strong>contra,</strong></span> <span class='ocrx_word' id='word_1_245' title='bbox 1166 2881 1355 2920; x_wconf 90' lang='lat' dir='ltr'><strong>urbanus</strong></span> <span class='ocrx_word' id='word_1_246' title='bbox 1377 2891 1427 2920; x_wconf 91' lang='lat' dir='ltr'><strong>ac</strong></span> <span class='ocrx_word' id='word_1_247' title='bbox 1443 2880 1657 2930; x_wconf 87' lang='lat' dir='ltr'><strong>militaris,</strong></span> <span class='ocrx_word' id='word_1_248' title='bbox 1676 2880 1804 2920; x_wconf 87' lang='lat' dir='ltr'><strong>mira-</strong></span> 
     </span>
     <span class='ocr_line' id='line_1_33' title="bbox 217 2950 1359 3017; baseline 0.005 -26"><span class='ocrx_word' id='word_1_249' title='bbox 217 2950 307 3017; x_wconf 60' lang='lat' dir='ltr'><strong>{tur</strong></span> <span class='ocrx_word' id='word_1_250' title='bbox 340 2960 416 2999; x_wconf 73' lang='lat' dir='ltr'><strong>(vs.</strong></span> <span class='ocrx_word' id='word_1_251' title='bbox 453 2956 551 2999; x_wconf 84' lang='grc'>360)</span> <span class='ocrx_word' id='word_1_252' title='bbox 585 2955 694 3004; x_wconf 87' lang='lat' dir='ltr'><strong>quod</strong></span> <span class='ocrx_word' id='word_1_253' title='bbox 727 2955 935 2996; x_wconf 82' lang='lat' dir='ltr'><strong>Thaidem</strong></span> <span class='ocrx_word' id='word_1_254' title='bbox 969 2957 1160 2997; x_wconf 88' lang='lat' dir='ltr'><strong>nondum</strong></span> <span class='ocrx_word' id='word_1_255' title='bbox 1192 2956 1359 2997; x_wconf 85' lang='lat' dir='ltr'><strong>viderit.</strong></span> 
     </span>
    </p>
   </div>
   <div class='ocr_carea' id='block_1_7' title="bbox 1524 2552 1800 2562">
    <p class='ocr_par' dir='ltr' id='par_1_10' title="bbox 1524 2552 1800 2562">
     <span class='ocr_line' id='line_1_34' title="bbox 1524 2552 1800 2562; baseline 0 772"><span class='ocrx_word' id='word_1_256' title='bbox 1524 2552 1800 2562; x_wconf 95' lang='lat' dir='ltr'><strong> </strong></span> 
     </span>
    </p>
   </div>
  </div>
 </body>
</html>
