2034 3334
999 264 1087 311 110
1111 226 1114 228 ·

252 403 255 405 ·
301 389 389 435 556
421 389 502 433 Illa
531 402 685 433 manns
717 391 766 433 ut
796 388 906 433 forte
935 387 1175 433 tetenderat
1202 388 1251 432 in
1279 389 1414 433 maris
1442 387 1593 434 undas.

238 460 409 506 Heinsii
450 461 796 505 annotationem.
840 473 955 512 „non
995 462 1098 539 sunt
1137 459 1370 504 Nasoniani
1411 460 1611 504 numeri”
1649 460 1835 507 niniam

239 531 520 590 spernendam
551 534 671 575 ratus
701 530 903 575 eoniieio:

420 602 501 647 Illa
530 607 581 646 ut
611 602 722 646 forte
753 614 908 645 manus
929 604 1172 657 porrexerat
1199 602 1247 645 in
1277 602 1409 646 maris
1441 600 1591 647 undas.

240 674 311 719 Sic
341 673 475 718 simul
506 674 735 718 verborum
765 672 867 718 ordo
898 674 1041 731 magis
1071 671 1122 716 fit
1150 671 1431 717 Nasonianus.

301 821 386 865 631
416 835 478 878 sq.
511 819 715 865 Nondum
747 819 858 863 mihi
890 822 1195 877 persuaserunt
1224 817 1458 863 adversarii
1488 832 1642 864 sanum
1671 829 1788 864 eam:

421 892 507 936 Hic
538 892 767 935 hominum
798 895 973 935 cunctos
1002 891 1171 949 ingenti
1201 903 1374 948 eorpore
1404 894 1638 948 praestans.

239 964 390 1021 Neque
419 977 482 1008 vs.
518 962 631 1007 636:

420 1034 628 1078 Errabant
660 1037 705 1078 et
734 1034 921 1077 humum
952 1033 1114 1077 vicinia
1142 1031 1263 1076 nulla
1291 1031 1557 1090 premebant.

239 1106 459 1160 Quomodo
491 1105 695 1163 explicari
725 1104 804 1149 illa
834 1104 999 1148 soleant
1029 1105 1130 1148 novi
1160 1117 1299 1161 neque
1328 1117 1436 1161 puer
1464 1077 1678 1161 ignoravi.

936 1459 1071 1503 [amna
1102 1459 1151 1503 V.

303 1609 331 1652 2
357 1622 419 1665 sq.
981 1606 1183 1650 Fremida
1213 1605 1376 1663 regalia
1408 1606 1535 1650 turba

606 1678 729 1721 Atria
759 1676 1043 1734 complentur.

242 1749 316 1793 Me
362 1748 475 1806 quod
522 1747 786 1792 adiectivum
824 1747 1033 1805 fremidue
1079 1761 1291 1804 nusquam
1329 1746 1435 1790 alibi
1474 1745 1589 1804 apud
1627 1745 1836 1794 Ovidium

240 1819 417 1877 legitur,
449 1818 645 1876 quodque
677 1818 780 1862 adeo
811 1819 1019 1861 sermonis
1049 1817 1173 1861 latini
1202 1817 1321 1875 leges
1354 1816 1491 1861 violat
1519 1819 1662 1875 magis
1691 1820 1840 1862 movet
2019 1845 2021 1852 ,

242 1905 371 1948 quam
403 1889 516 1947 quod
546 1903 571 1932 a
601 1903 732 1932 manu
764 1890 905 1946 prima
933 1890 979 1932 in
1010 1888 1265 1933 melioribus
1295 1888 1460 1946 legitur
1490 1888 1721 1932 codicibus.
1755 1888 1840 1933 Ab·

241 1962 415 2005 surdam
446 1974 542 2004 eam
573 1974 722 2004 vocem
752 1974 843 2003 esse
873 1961 963 2003 iam
994 1964 1092 2003 ante
1123 1959 1287 2003 multos
1319 1973 1450 2002 annos
1481 1957 1739 2018 Madvigius
1761 1957 1839 2003 ffle

241 2033 561 2090 pronuntiavit,
603 2031 677 2075 sed
719 2030 835 2088 quod
875 2033 1068 2088 reposuit
1110 2031 1271 2086 trepida
1299 2044 1449 2074 vereor
1480 2033 1531 2073 ut
1562 2033 1731 2075 rectum
1761 2030 1835 2075 sit,

241 2104 384 2147 Turba
423 2102 500 2145 illa
541 2116 648 2159 quae
688 2104 753 2145 ira
792 2106 836 2145 et
875 2101 1172 2159 indignatione
1213 2105 1333 2144 mota
1372 2100 1571 2153 advolat,
1610 2090 1838 2147 cruentum

241 2173 404 2217 bellum
451 2172 630 2216 illatura
676 2173 1025 2224 convivantibus,
1080 2187 1188 2224 non,
1236 2175 1287 2215 ut
1334 2173 1499 2228 opinor,
1538 2171 1706 2226 trepida
1752 2160 1838 2215 dici
1898 2179 1902 2182 ⁴
1969 2171 1996 2199 ³

242 2249 402 2302 potest,
436 2244 549 2300 quod
581 2244 870 2295 adiectivum,
901 2243 1005 2287 lieet
1031 2257 1112 2287 non
1147 2257 1319 2300 prorsus
1343 2242 1460 2286 idem
1485 2241 1699 2300 significet
1723 2241 1837 2299 quod

241 2315 418 2366 umidus,
461 2314 620 2366 anxius,
665 2318 810 2357 tamen
852 2328 952 2357 oum
994 2315 1152 2357 timore
1183 2313 1440 2371 plerumque
1470 2314 1671 2356 iunctum
1701 2312 1837 2356 ammi

242 2390 405 2429 statum
437 2387 677 2442 corporisve
703 2389 874 2428 motum
901 2384 1076 2428 indicat.
1107 2382 1182 2427 Me
1207 2398 1311 2442 ergo
1337 2397 1391 2426 ne
1416 2383 1497 2426 hoe
1523 2382 1698 2440 quidem
1722 2381 1836 2440 quod

244 2456 499 2514 ‘deteriores’
531 2456 694 2499 codices
726 2460 768 2499 et
803 2455 1060 2513 ‘meliorum’
1093 2455 1227 2498 altera
1257 2469 1411 2498 manus
1429 2454 1608 2511 fremitu
1624 2479 1681 2486 --
1698 2453 1838 2497 tao-bae

242 2528 414 2579 habent,
441 2527 624 2570 deterret
655 2528 887 2583 quominus
913 2528 973 2569 sio
1000 2528 1146 2584 ipsum
1171 2526 1390 2583 scripsisse
1417 2524 1624 2569 Ovidium
1650 2520 1840 2568 credam:

243 2598 378 2640 Verba
419 2598 613 2651 implendi
649 2612 749 2640 cum
780 2598 1060 2641 substantivis
1091 2611 1246 2640 sonum
1277 2596 1463 2653 aliquem
1495 2594 1838 2653 significantibus

241 2669 420 2724 iungere
451 2669 496 2709 in
528 2667 691 2710 deliciis
723 2669 763 2711 ei
795 2668 927 2711 fuisse
959 2667 1145 2711 videtur.
1179 2665 1380 2711 Conferas
1412 2666 1563 2710 modo:

423 2737 472 2788 V,
509 2738 594 2779 153
892 2736 1148 2795 ululatuque
1178 2736 1294 2781 atria
1317 2736 1548 2794 complent.

423 2808 478 2858 II,
515 2807 599 2850 155
1146 2808 1386 2851 hinnitibus
1415 2820 1540 2850 auras

776 2879 1064 2922 Flammiferis
1093 2877 1290 2936 implent.

406 2947 481 2998 III,
516 2948 601 2990 180
749 2998 753 3001 Α
1135 2948 1376 2992 ululatibus
1406 2961 1530 2990 omne

787 3019 1024 3075 Implevere
1055 3033 1222 3063 nemus.
