2034 3334
1021 382 1106 425 152

312 524 540 555 causarum
585 512 792 567 patronus
832 511 875 552 et
918 507 1130 551 bonarum
1173 507 1331 551 artium
1364 507 1560 565 plenus.''
1592 506 1816 560 Quomodo

312 601 412 645 ergo
458 590 595 644 poeta,
640 587 677 630 si
721 598 872 629 revera
914 585 999 628 iam
1041 585 1079 627 is
1121 587 1187 628 est
1216 585 1294 641 qui
1323 583 1505 628 Veneris
1537 585 1626 628 vim
1658 585 1818 630 sentire

311 678 398 707 non
441 664 585 720 possit,
627 666 771 706 tamen
812 674 906 705 eam
938 673 1092 704 rursus
1121 660 1234 704 bella
1267 673 1437 705 movere
1467 661 1630 705 sentit?
1660 660 1745 705 Sed
1775 664 1818 706 et

311 742 413 783 hinc
458 741 598 783 omnis
644 739 802 782 amoris
849 750 1004 782 sensus
1052 737 1204 794 procul
1251 737 1408 781 exulat.
1451 736 1676 789 Quomodo
1718 750 1819 783 vere

312 817 473 861 amanti
503 819 807 873 argumentum
838 815 1110 858 tractandum
1139 814 1293 858 fuisset
1323 814 1535 869 vidimus;
1570 827 1688 859 nunc
1713 815 1818 860 haec

313 895 404 939 sola
444 894 643 951 cogitatio
679 896 847 950 poetam
889 895 1145 948 occupatum
1188 892 1378 935 tenuisse
1409 891 1601 935 videtur:
1638 890 1819 948 „Nonne

311 984 425 1014 novo
457 971 697 1013 carminum
730 969 941 1012 volumini
973 969 1102 1012 etiam
1133 968 1296 1024 aliquid
1327 968 1380 1012 de
1411 981 1555 1012 amore
1570 967 1818 1028 addendum

312 1047 409 1092 est?
454 1047 595 1104 Turpe
637 1047 692 1090 sit
733 1049 884 1103 poetae
920 1045 1058 1100 lyrico
1091 1045 1144 1088 de
1174 1045 1248 1088 illo
1279 1048 1432 1101 tacere,
1463 1057 1566 1102 ergo
1597 1044 1651 1089 de
1679 1043 1818 1089 Paulo

312 1123 504 1167 Maximo
527 1151 529 1154 -
550 1136 769 1178 canamus,
815 1126 915 1165 nam
959 1122 1075 1179 quod
1117 1121 1172 1165 ad
1215 1135 1284 1165 me
1323 1123 1467 1179 ipsum
1498 1122 1682 1178 pertinet
1714 1121 1819 1179 quid

313 1213 433 1244 amor
474 1201 530 1244 sit
562 1201 717 1243 nescio.
756 1200 813 1242 At
845 1200 924 1242 hoc
957 1200 994 1242 si
1026 1199 1079 1242 de
1111 1211 1180 1242 me
1210 1197 1374 1242 fatebor
1403 1198 1607 1242 ridebunt
1636 1211 1707 1243 me
1735 1184 1820 1242 lec·

312 1282 436 1333 tores,
467 1277 606 1333 deque
639 1289 733 1319 mea
763 1276 889 1330 lyrici
919 1278 1067 1332 poe'tae
1097 1274 1213 1318 fama
1243 1278 1387 1318 actum
1414 1275 1505 1319 erit.
1533 1273 1648 1327 Quid
1662 1273 1820 1332 agam?

311 1353 549 1397 Pulchrum
579 1352 835 1410 Ligurinum
866 1353 952 1395 huc
982 1352 1145 1395 traham
1176 1351 1413 1395 vinctum''.

370 1429 436 1474 Ne
481 1442 582 1487 ergo
629 1430 759 1472 nimis
806 1430 945 1473 severi
990 1430 1036 1471 in
1079 1431 1248 1485 poetam
1292 1429 1430 1471 simus
1472 1429 1599 1485 eique
1629 1440 1823 1486 spurcos,

311 1509 483 1562 taetros,
519 1505 829 1549 abominandos
859 1517 1026 1548 amores
1058 1504 1393 1561 exprobremus:
1429 1506 1507 1561 qui
1538 1505 1654 1548 enim
1685 1508 1821 1550 semet

310 1584 454 1639 ipsum
486 1585 658 1626 accuset
689 1581 821 1625 simul
846 1581 970 1624 nobis
997 1581 1172 1638 praebet
1200 1584 1453 1637 argumenta
1479 1581 1640 1638 quibus
1654 1581 1820 1626 nullam

310 1660 358 1702 in
389 1671 439 1702 eo
469 1658 605 1702 fuisse
637 1659 809 1715 culpam
839 1671 916 1715 pro
946 1661 1060 1701 certo
1093 1661 1269 1702 constet.
1301 1658 1502 1702 Alterum
1534 1658 1650 1715 quod
1683 1662 1750 1703 est
1765 1658 1820 1703 de

310 1734 518 1792 Ligurino
549 1748 719 1779 carmen
753 1734 827 1790 (X)
855 1736 1126 1791 aspiciamus.
1155 1734 1394 1778 Pulchrum
1420 1734 1545 1778 illum
1571 1748 1597 1779 a
1622 1747 1669 1779 se
1683 1735 1820 1779 amari

311 1824 495 1868 puerum
525 1811 709 1854 affirmat
739 1814 874 1867 poeta,
906 1811 981 1854 sed
1011 1811 1194 1864 frustra3
1228 1811 1444 1854 crudelem
1477 1812 1592 1854 enim
1609 1822 1820 1856 eumesee

311 1892 354 1931 et
383 1900 429 1931 se
460 1900 649 1944 suasque
681 1889 902 1944 aspernari
931 1900 1088 1943 preces.
1121 1887 1236 1944 Ergo
1269 1889 1309 1930 ei
1336 1889 1526 1930 minatur
1551 1892 1595 1931 et
1618 1889 1820 1932 instantis

312 1977 413 2007 eum
459 1963 659 2006 admonet
704 1964 894 2020 periculi.
948 1963 1129 2018 „Nunc”
1172 1965 1231 2006 ait
1279 1968 1354 2018 „tu
1396 1964 1604 2020 superbis,
1645 1977 1750 2008 mox
1778 1971 1823 2009 be

313 2044 515 2096 spernent
559 2039 672 2082 alii.’'
719 2041 778 2083 At
820 2040 928 2082 nihil
970 2041 1040 2083 hic
1080 2053 1188 2097 puer
1217 2040 1345 2083 habet
1377 2042 1494 2097 quod
1525 2045 1711 2096 metuat3
1743 2041 1822 2086 ubi

313 2117 427 2159 enim
474 2117 740 2172 praeterierit
781 2120 952 2173 tempus
995 2130 1081 2173 quo
1123 2121 1272 2174 turpes
1303 2118 1408 2160 istas
1439 2117 1635 2162 flammas
1666 2121 1822 2174 movet,

314 2193 448 2235 multo
496 2193 714 2248 pulchrior
759 2193 895 2236 aderit
940 2193 1251 2237 adolescentiae
1291 2199 1429 2249 aetas;
1474 2196 1512 2238 is
1545 2195 1661 2238 euim
1689 2193 1821 2252 Ligu-

313 2270 437 2312 rinus
476 2273 542 2312 est

915 2359 1002 2403 quo
1033 2346 1142 2389 calet
1173 2348 1380 2390 iuventus

583 2422 713 2476 Nunc
744 2423 884 2465 omnis
916 2425 958 2466 et
990 2436 1093 2485 mg}
1123 2424 1313 2480 virgines
1345 2424 1560 2481 tepebunt.

375 2538 469 2590 Quo
502 2540 581 2582 hoc
614 2540 824 2583 laboraret
856 2553 1026 2584 carmen
1054 2542 1159 2584 vitio
1189 2543 1357 2599 egregie
1384 2544 1518 2586 sensit
1536 2544 1610 2599 qui
1627 2543 1822 2587 imitatus

316 2620 379 2658 est
412 2616 659 2673 4usonius3
692 2630 715 2659 e
746 2630 879 2673 puero
906 2619 1020 2660 enim
1048 2619 1238 2680 puellam
1257 2619 1358 2663 fecit
1373 2623 1415 2685 et
1430 2621 1493 2662 sic
1509 2620 1822 2676 lepidissimum

317 2692 396 2733 hoc
427 2693 566 2747 potuit
596 2692 734 2735 facere
767 2694 1030 2757 epigramma
1063 2684 1226 2749 (Xmfi
1257 2705 1325 2726 ⁷1⁷«
1348 2701 1392 2731 A<
1418 2693 1490 2733 MC

494 2801 713 2857 Sprevisti,
745 2802 932 2859 obrepsit
962 2817 1050 2846 non
1082 2805 1296 2848 intellecta
1326 2809 1524 2849 senectus

555 2877 644 2920 Nec
676 2891 874 2922 revocare
903 2883 1024 2936 potes
1057 2881 1133 2937 qui
1164 2882 1328 2937 periere
1359 2882 1460 2925 dies.
