2034 3334
886 365 937 407 17

195 490 331 543 ‚Quid
371 492 435 534 illi
466 504 617 534 versus
650 491 890 548 significare
921 491 1138 548 possunt?
1169 490 1356 547 Nempe:
1394 504 1659 546 „sermonem

161 568 359 611 Latinum
386 573 520 611 metro
547 569 714 611 cuidam
745 568 917 623 Graeco,
943 569 1149 611 inusitato
1173 571 1297 610 antea
1313 567 1426 623 apud
1444 570 1665 622 nostrates,

161 643 394 702 adaptavi”.
436 645 611 688 Nihilne
653 645 873 701 amplius?
906 644 1067 687 Immo:
1107 644 1437 698 „Archilochum
1470 645 1664 686 imitatus

162 737 256 766 sum
300 723 440 780 specie
481 724 617 779 magis
661 736 791 779 quam
834 735 1005 776 revera3
1039 735 1242 765 versuum
1279 721 1494 777 quoddam
1526 734 1664 777 genus

159 799 212 842 ab
254 813 303 843 eo
346 801 523 856 sumpsi,
566 799 825 856 Lycamben,
860 812 989 855 quem
1022 812 1121 842 oum
1153 798 1325 841 filiabus
1359 797 1523 840 acerbis
1556 799 1662 840 iocis

159 877 391 920 insectarer
437 879 478 918 et
519 876 573 918 ad
617 876 901 918 voluntariam
935 878 1113 918 mortem
1148 875 1462 931 compellerem,
1495 887 1665 917 sumere

161 965 246 995 non
293 954 425 1008 potui.
469 951 582 1002 Quid
624 965 723 1008 ergo
765 952 879 995 feci?
923 951 1071 994 Parios
1117 951 1283 994 iambos
1316 951 1484 993 ostendi
1515 949 1662 1003 Lati03

162 1030 348 1086 copvitia
395 1029 705 1085 maledictaque
752 1032 793 1072 et
834 1030 926 1085 ipse
970 1029 1116 1072 eodem
1163 1041 1248 1084 quo
1280 1027 1351 1070 ille
1382 1030 1517 1070 metro
1550 1040 1663 1069 com-

161 1107 301 1162 posui,
333 1118 420 1147 non
451 1106 514 1147 ira
546 1105 702 1147 ductus
734 1118 875 1161 neque
907 1109 956 1147 ut
988 1105 1281 1147 adversarium
1314 1104 1500 1159 aliquem
1532 1104 1664 1146 laces-

163 1195 313 1236 serem,
345 1182 419 1225 sed
449 1186 498 1224 ut
524 1182 698 1238 peritiae
725 1183 926 1224 metricae
954 1182 1099 1224 darem
1128 1179 1664 1229 documentum.''Mirum,

163 1256 317 1313 hercle,
364 1259 504 1314 poesis
550 1271 698 1314 genus.
758 1257 994 1301 Videamus
1041 1261 1184 1300 tamen
1232 1257 1374 1299 sintne
1420 1269 1568 1299 revera
1612 1256 1664 1298 ad

163 1335 269 1378 illud
301 1334 525 1378 Horatiani
561 1335 694 1378 iambi
725 1335 959 1388 referendi3
992 1335 1146 1390 raptim
1178 1333 1351 1390 Epodos
1385 1334 1459 1389 qui
1490 1346 1539 1375 eo
1572 1345 1664 1388 per—

163 1412 302 1454 tinent
331 1424 643 1467 percurramus.

161 1521 236 1564 lv.
454 1521 587 1578 Lupis
619 1525 661 1564 et
692 1523 814 1578 agnis
846 1524 1007 1577 quanta
1038 1522 1188 1564 sortito
1221 1520 1382 1577 obtigit,

515 1598 673 1640 Tecum
706 1598 812 1640 mihi
843 1597 1105 1640 discordiast.

221 1714 417 1758 Verusne
449 1715 605 1771 aliquis
637 1715 770 1758 hostis
801 1716 1111 1758 contumelioso
1144 1716 1224 1757 hoo
1256 1715 1444 1757 carmine
1473 1713 1663 1770 petitur?

161 1790 249 1832 Vix
280 1790 416 1833 credo.
448 1791 526 1834 Ille
557 1792 684 1846 enim,
718 1793 755 1834 si
786 1793 832 1833 in
864 1804 1009 1834 rerum
1040 1791 1125 1833 fuit
1157 1795 1326 1846 natura,
1357 1794 1432 1833 aut
1466 1791 1518 1833 de
1542 1789 1664 1846 plebe

163 1866 318 1922 aliquis
349 1867 431 1910 fuit
460 1867 690 1923 maleficus,
723 1881 851 1924 quem
880 1881 1027 1910 omnes
1054 1871 1231 1910 nossent
1257 1866 1391 1909 δοῦλον
1407 1867 1487 1909 κάκ
1502 1865 1661 1912 δούλων,

163 1945 305 1998 pravis
336 1943 499 1987 artibus
530 1944 768 1988 libertatem
801 1945 1017 2001 adeptum,
1047 1944 1174 1987 furtis
1207 1945 1454 2000 rapinisque
1485 1944 1660 1986 divitem

163 2017 339 2061 factum.
383 2019 495 2070 Quid
541 2034 661 2076 ergo⁸
688 2034 796 2077 opus
845 2025 934 2063 erat
980 2025 1098 2063 tanto
1147 2020 1298 2062 hiatu?
1349 2020 1414 2062 Ad
1458 2020 1661 2062 tresviros

166 2099 397 2138 nocturnos
442 2098 584 2152 potius
627 2110 783 2139 nomen
826 2098 920 2139 eius
965 2097 1163 2153 deferres,
1206 2097 1467 2151 simulatque
1498 2109 1661 2137 novum

165 2172 258 2213 eius
286 2171 552 2215 malefactum
580 2173 939 2229 deprehenderes:
969 2173 1030 2214 illi
1057 2174 1171 2215 enim
1199 2173 1413 2214 hominem
1433 2172 1514 2214 sibi
1531 2172 1662 2213 notis—

166 2248 322 2290 simum
355 2249 522 2303 capitali
553 2261 689 2304 poena
719 2249 886 2292 afficere
919 2262 1006 2291 non
1039 2249 1294 2308 dubitarent.
1322 2249 1411 2290 Aut
1437 2248 1519 2289 fuit
1534 2248 1661 2289 homo

167 2324 242 2379 qui
275 2323 370 2365 dolo
401 2327 442 2366 et
472 2326 628 2367 astutia
658 2326 711 2367 ad
741 2326 936 2381 iniquam
971 2326 1205 2381 potentiam
1239 2325 1513 2380 pervenisset,
1532 2336 1658 2379 quem

165 2403 421 2443 metuerent·
446 2413 604 2454 omnes,
636 2414 721 2456 quo
753 2403 844 2457 ipse
878 2403 1116 2457 Augustus,
1151 2415 1286 2456 quum
1319 2413 1342 2442 e
1375 2401 1544 2442 civitate
1575 2399 1663 2455 pel—

163 2477 249 2519 lere
296 2489 394 2519 eum
442 2489 529 2518 non
577 2477 760 2532 auderet,
807 2481 1025 2533 tamquam
1071 2479 1358 2520 instrumento
1406 2476 1550 2531 aliquo
1600 2476 1664 2518 uti

165 2551 316 2595 mallet.
363 2551 428 2594 Ne
474 2553 536 2594 sic
579 2552 750 2607 quidem
794 2554 895 2596 satis
943 2553 1133 2609 lepidum
1176 2553 1347 2595 exsistit
1378 2565 1562 2594 carmen.
1594 2552 1664 2593 An

162 2627 270 2670 forte
301 2628 545 2671 tribunatus
583 2628 767 2670 militum
799 2630 1013 2684 potentiae
1043 2628 1260 2683 fastigium
1295 2631 1358 2670 est
1389 2627 1662 2683 putandum?

164 2704 235 2746 An
278 2717 404 2747 nosse
436 2705 551 2746 cives
582 2706 777 2759 poterant
809 2705 906 2759 quis
938 2717 986 2746 eo
1017 2703 1181 2746 tribuni
1213 2705 1385 2746 nomine
1417 2703 1666 2759 peteretur?

163 2779 258 2822 Hoc
301 2794 401 2823 vero
433 2781 609 2823 minime
642 2779 842 2822 credibile
872 2780 1043 2822 videtur
1074 2779 1313 2835 Horatium,
1347 2781 1504 2822 amisso
1537 2781 1664 2836 patri-

165 2858 319 2912 monio,
349 2870 576 2913 pauperem
603 2860 644 2899 et
670 2856 784 2898 unde
813 2857 955 2899 vivere
980 2860 1123 2912 posset
1153 2861 1424 2913 quaerentem
1456 2857 1663 2900 lacessere

1507 2930 1528 2954 c)

1510 2951 1529 2963 d
