2034 3334
922 374 1006 416 129

214 511 343 553 quam
374 498 541 541 diversa
573 501 637 541 est
667 498 719 541 ab
751 499 868 541 inani
899 499 971 541 illo
998 498 1226 541 verborum
1255 500 1435 554 strepitu
1465 512 1550 555 quo
1579 499 1702 551 Qni-

206 573 327 625 diam
359 574 602 630 aggreditur
632 574 847 617 Horatius.
879 575 1035 617 Veram
1062 576 1181 630 iram,
1210 587 1358 617 verum
1378 575 1536 631 odium,
1552 589 1703 620 verum

214 653 502 706 contemptum
537 651 720 707 quisque
751 651 960 707 Propertii
993 651 1124 707 spirat
1156 663 1320 706 versus,
1348 651 1422 694 sed
1437 664 1537 708 prae
1553 653 1703 696 ceteris

213 726 354 768 ultimi
387 727 458 781 (75
491 733 622 783 sqq.):

389 837 452 880 Sit
482 837 677 880 tumulus
709 838 831 881 lenae
863 841 982 880 curto
1014 842 1139 880 vetus
1170 838 1375 894 amphora
1406 838 1537 880 collo:

448 913 609 970 Urgeat
638 914 754 956 hunc
785 927 914 969 supra
944 914 1021 968 vis,
1053 913 1259 969 caprifice,
1289 916 1374 956 tua.

389 988 594 1046 Quisquis
626 1003 754 1044 amas,
786 988 945 1032 scabris
976 989 1056 1031 hoc
1084 988 1258 1032 bustum
1291 989 1452 1032 caedito
1480 990 1608 1044 saxis,

444 1065 666 1121 Mixtaque
710 1078 808 1107 cum
842 1066 958 1108 saxis
990 1065 1132 1107 addite
1163 1064 1293 1108 verba
1324 1065 1446 1108 mala.

268 1181 365 1224 Non
412 1185 551 1225 tamen
596 1182 666 1224 hic
705 1181 915 1238 Propertii
957 1185 998 1224 et
1040 1181 1246 1236 Cynthiae
1279 1183 1435 1224 amoris
1466 1181 1588 1224 finis:
1623 1183 1740 1241 qui33
1764 1213 1798 1237 V„-
1959 1168 1975 1214 ,Ῐ

209 1270 308 1300 vere
339 1271 530 1314 unquam
563 1258 721 1300 amavit
749 1261 952 1314 perpetuo
986 1258 1125 1300 odisse
1151 1271 1238 1300 non
1263 1261 1412 1314 potest.
1443 1257 1560 1308 Quae
1578 1258 1696 1301 sedat
1839 1263 1841 1267 ⁴
1870 1258 1873 1262 '
1934 1257 1939 1267 ¹

173 1371 175 1374 .
208 1337 250 1377 et
280 1336 493 1390 componit
525 1336 666 1377 omnia
697 1347 811 1378 mors
838 1336 963 1377 etiam
989 1337 1155 1378 tristem
1173 1335 1346 1391 odiique
1362 1336 1530 1391 plenam
1548 1339 1696 1391 poe'tae

206 1413 388 1453 mentem
429 1411 622 1466 placavit.
658 1411 825 1454 Mortua
856 1413 970 1455 enim
1001 1414 1040 1455 ei
1073 1412 1256 1467 Cynthia
1286 1426 1309 1455 e
1341 1413 1567 1469 sepulchro
1600 1427 1694 1456 sur-

203 1488 376 1542 rexisse,
406 1500 537 1543 seque
567 1500 642 1544 per
672 1501 870 1531 somnum
903 1489 1058 1532 adiisse
1082 1489 1274 1532 videtur:
1303 1489 1422 1532 audit
1450 1502 1544 1532 eam
1562 1492 1695 1533 semet

202 1562 338 1618 ipsam
370 1563 678 1619 defendentem,
708 1565 1010 1621 gravissimum
1042 1565 1241 1621 perfidiae
1267 1566 1428 1608 crimen
1454 1579 1479 1608 a
1497 1579 1542 1608 se
1558 1579 1694 1608 remo-

202 1642 393 1693 ventem3
443 1640 516 1682 sed
564 1641 668 1696 quid
709 1645 847 1684 cetera
887 1642 1151 1697 persequor?
1195 1641 1313 1692 Quae
1344 1643 1457 1684 enim
1489 1642 1605 1684 illius
1638 1643 1693 1685 sit

201 1717 400 1759 carminis
447 1717 514 1772 (V,
558 1717 597 1772 7)
642 1719 898 1774 praestantia
937 1731 1062 1762 nemo
1103 1732 1294 1775 unquam
1327 1720 1429 1762 satis
1462 1719 1589 1775 digne
1620 1719 1690 1762 de-

199 1792 462 1835 monstrabit.

255 1942 415 1986 Multos
461 1956 561 2000 ergo
606 1957 869 2000 magnosque
924 1945 1089 1987 dolores
1133 1943 1340 1999 Cynthiae
1381 1958 1500 1987 amor
1540 1948 1687 2001 poetae

197 2019 336 2062 affert:
371 2023 474 2075 quot
505 2033 606 2062 vero
638 2023 680 2063 et
714 2024 872 2076 quanta
900 2021 1079 2076 gaudia!
1114 2020 1251 2071 Quam
1283 2022 1466 2077 egregiis
1491 2021 1566 2063 illa
1593 2034 1688 2064 ver-

196 2095 314 2139 sibus
360 2096 651 2139 celebrantur!
698 2097 864 2139 Paucos
910 2097 1103 2140 afferam:
1149 2098 1210 2140 sic
1251 2110 1274 2140 e
1305 2097 1424 2140 brevi
1454 2100 1685 2152 conspectu

197 2175 383 2228 quantus
413 2173 485 2215 ille
513 2172 642 2215 fuerit
669 2173 821 2216 artifex
848 2174 1046 2229 cognosci
1074 2174 1235 2228 poterit.
1254 2172 1340 2215 Suo
1357 2174 1472 2216 enim
1489 2173 1683 2228 exemplo

195 2247 315 2290 docet
359 2249 405 2290 in
445 2249 534 2290 vita
574 2248 794 2291 hominum
836 2250 898 2291 sic
941 2250 1053 2291 inter
1084 2262 1129 2291 se
1163 2250 1320 2291 mixtas
1351 2262 1444 2292 esse
1475 2249 1683 2291 secundas

194 2324 480 2379 adversasque
511 2336 579 2366 res
611 2327 659 2366 ut
689 2325 781 2366 sine
811 2324 877 2366 his
908 2325 1007 2367 illae
1039 2337 1132 2367 esse
1162 2337 1249 2366 non
1280 2326 1454 2380 possint.
1486 2324 1619 2379 Bona,
1646 2326 1684 2367 si

192 2413 414 2456 nunquam
454 2399 576 2442 malis
616 2400 1040 2456 interrumperentur,
1083 2401 1119 2443 si
1161 2402 1363 2443 continua
1393 2414 1540 2444 eorum
1571 2404 1683 2444 esset

193 2477 335 2532 series,
382 2477 457 2518 vix
498 2476 767 2519 sentirentur.
800 2476 974 2519 Nullam
1004 2490 1094 2520 rem
1126 2490 1204 2520 suo
1234 2478 1366 2533 pretio
1397 2478 1681 2534 aestimamus,

191 2553 276 2595 nisi
319 2551 392 2594 ubi
435 2565 526 2594 eam
567 2553 815 2606 amisimus,
847 2557 1135 2608 recuperatam
1171 2553 1344 2596 demum
1376 2566 1474 2596 vere
1505 2557 1680 2610 totoque

191 2632 358 2684 pectore
389 2642 604 2682 amamus;
639 2630 700 2671 sic
733 2642 842 2685 quae
874 2630 1005 2672 semel
1038 2631 1231 2673 tristitiae
1262 2644 1392 2673 causa
1421 2630 1502 2673 fuit
1532 2634 1678 2687 postea

191 2708 376 2748 mentem
408 2706 556 2761 implet
585 2705 755 2761 gaudio.

249 2780 382 2838 Saepe
413 2781 464 2823 de
495 2781 660 2837 puellae
691 2794 793 2823 suae
822 2781 992 2824 levitate
1025 2782 1217 2838 queritur
1249 2785 1382 2838 poe'ta,
1409 2795 1534 2839 saepe
1558 2783 1673 2825 illam

189 2859 376 2914 graviter
406 2859 445 2901 ei
474 2857 714 2914 exprobrat.
748 2857 831 2901 Sed
861 2871 963 2914 pace
994 2860 1225 2915 composita
1254 2859 1301 2901 in
1330 2859 1440 2901 hanc
1471 2872 1562 2902 eam
1580 2872 1675 2915 pec-

1519 2932 1542 2967 9
