2034 3334
963 365 1044 403 103

215 494 354 533 simus
399 493 471 533 ille
517 504 651 532 senex
698 492 1081 548 Mulier-Strubing,
1130 501 1259 564 quem
1301 491 1408 530 duos
1450 491 1605 531 abhinc
1646 503 1782 531 annos

215 570 330 609 tristi
377 570 465 609 fato
512 570 717 618 vegetum
765 569 898 608 etiam
946 539 1217 615 alacreffiicsue
1265 568 1461 616 ereptum
1504 567 1627 606 nobis
1668 567 1780 616 luge-

214 654 314 683 mus
346 644 487 684 amici.

275 721 389 760 Satis
435 721 536 771 iam,
585 722 634 761 ut
679 722 839 771 opinor,
889 732 944 760 ex
989 721 1043 760 iis
1090 731 1199 769 quae
1247 720 1467 768 hucusque
1511 720 1625 759 dicta
1666 721 1780 768 sunt,

215 799 391 846 apparet
421 798 522 846 quid
553 798 635 836 sibi
667 798 908 837 Scholiasta
938 798 1085 836 noster
1117 797 1427 836 commentario
1455 806 1532 835 suo
1560 796 1782 835 scribendo

213 873 494 922 proposuerit.
528 873 754 913 Terentius
786 876 834 913 ut
865 874 1022 912 melius
1054 873 1378 922 intelligeretur,
1412 873 1461 911 ut
1493 883 1601 920 quae
1628 873 1783 912 fuisset

214 949 306 988 eius
338 949 502 989 indoles
533 950 690 989 melius
721 950 965 999 sentiretur,
999 949 1081 988 hoc
1111 949 1288 998 studuit,
1323 949 1402 987 hoc
1430 948 1654 997 spectavit.
1685 948 1781 987 Om-

213 1025 335 1064 nium
367 1025 439 1074 qui
472 1026 806 1065 commentarios
839 1026 891 1064 ad
923 1025 1153 1074 scriptores
1179 1026 1384 1074 poetasve
1411 1024 1455 1062 in
1481 1024 1623 1063 lucem
1651 1024 1783 1064 edunt

142 1125 147 1128 -
214 1101 425 1140 eiusmodi
471 1112 566 1141 esse
613 1102 842 1141 consilium
888 1101 1061 1140 dixeris.
1110 1102 1168 1140 At
1209 1101 1400 1149 plerique
1441 1100 1596 1139 horum
1627 1110 1782 1149 pueros

213 1176 295 1216 sibi
336 1177 518 1217 lectores
559 1177 728 1227 fingunt
769 1179 814 1217 in
854 1178 952 1293 1υέῼέ
989 1177 1181 1253 Ιὲῑθῐειῑῑο
1213 1177 1525 1226 grammaticae
1555 1178 1784 1226 praecepta

213 1252 450 1301 discentes;
484 1255 631 1293 noster
661 1264 763 1293 vero
795 1264 820 1292 a
850 1265 878 1293 u
919 1264 1042 1293 orum
1075 1254 1214 1302 gratia
1245 1252 1405 1302 scribit,
1439 1252 1501 1291 ita
1533 1241 1782 1292 Terentium

213 1329 355 1378 legere
402 1329 682 1386 cupientium*
708 1331 934 1378 tamquam
976 1329 1013 1368 si
1054 1329 1222 1368 fabulas
1255 1329 1346 1368 eius
1379 1329 1424 1367 in
1456 1338 1588 1367 cavea
1619 1329 1781 1376 specta-

213 1406 332 1453 rent;
366 1405 553 1445 artifices
580 1406 773 1446 scenicos
800 1407 1012 1455 quomodo
1039 1406 1208 1445 fabulae
1236 1405 1328 1445 eius
1355 1405 1605 1454 singulaeve
1633 1415 1783 1443 earum

213 1483 358 1531 partes
404 1483 493 1521 sint
536 1483 738 1532 agendae,
783 1483 949 1521 ceteros
991 1492 1142 1520 omnes
1184 1481 1395 1530 quomodo
1442 1480 1782 1529 pronuntiandae

213 1558 302 1597 sint
332 1558 468 1598 docet.
501 1559 652 1607 Itaque
683 1559 721 1598 si
752 1558 853 1607 quid
885 1559 923 1597 ei
955 1558 1142 1597 innotuit
1172 1558 1223 1596 de
1254 1557 1392 1606 lepido
1421 1557 1561 1605 aliquo
1591 1557 1779 1606 invento,

215 1635 327 1682 quod
373 1634 477 1674 olim
524 1635 576 1674 ad
623 1635 814 1683 aliquam
861 1645 1038 1674 scenam
1086 1634 1381 1673 exornandam
1427 1632 1608 1671 feliciter
1654 1632 1784 1671 fuerit

215 1710 467 1760 adhibitum,
501 1711 605 1750 illud
639 1721 979 1750 commemorare
1011 1720 1098 1749 non
1128 1709 1319 1758 negligit.

273 1787 445 1827 Phorm.
475 1788 559 1827 315
588 1789 632 1827 et
649 1788 747 1827 321.
768 1787 957 1836 Antipho
976 1787 1153 1826 absente
1170 1787 1292 1835 patre
1311 1786 1642 1825 amicamvsuam
1660 1784 1784 1823 duxit

214 1873 408 1902 uxorem.
441 1864 534 1903 Hoc
564 1865 612 1903 ut
644 1863 735 1902 fieri
761 1865 909 1912 posset
935 1864 1128 1902 adiutore
1154 1872 1259 1901 usus
1287 1863 1354 1901 est
1376 1862 1654 1900 callidissimo
1673 1871 1781 1899 mor-

215 1939 368 1978 talium
386 1939 656 1978 Phormione.
675 1939 755 1978 Hic
774 1940 890 1978 enim
906 1940 1133 1987 tamquam
1145 1937 1310 1977 amicae
1322 1937 1437 1976 illius
1449 1938 1656 1986 patronus
1669 1935 1783 1975 diem

214 2015 450 2064 Antiphoni
467 2015 589 2065 dixit,
607 2016 772 2068 legibus
790 2026 898 2064 quae
916 2016 1062 2055 essent
1077 2012 1164 2067 περὶ
1178 2013 1389 2064 ἕπικλήοου
1403 2015 1513 2053 hanc
1526 2014 1564 2052 ei
1577 2014 1784 2052 destinari

215 2102 397 2131 uxorem
423 2092 640 2131 mentiens
655 2103 662 2140 ;
692 2092 783 2140 ipse
806 2092 954 2130 autern
971 2090 1160 2140 Antipho
1177 2091 1226 2129 ut
1244 2090 1602 2129 condemnaretur
1619 2089 1783 2127 silendo

215 2167 417 2216 omnique
444 2167 683 2206 omittenda
709 2167 955 2206 defensione
982 2166 1170 2215 perfecit.
1199 2166 1258 2205 At
1284 2176 1456 2204 reverso
1474 2166 1607 2214 patre,
1627 2164 1783 2203 timore

214 2243 436 2292 perculsus
482 2243 638 2292 latitat,
682 2253 792 2282 uxor
833 2244 924 2281 tam
969 2241 1119 2281 callide
1152 2241 1348 2290 quaesita
1380 2251 1432 2279 ne
1466 2240 1547 2279 sibi
1580 2240 1784 2289 eripiatur

215 2319 374 2359 metuit
404 2320 479 2358 sed
506 2320 717 2368 quomodo
746 2329 842 2358 earn
870 2318 1055 2357 retineat
1081 2318 1232 2356 nescit.
1261 2317 1398 2366 Igitur
1414 2316 1573 2355 iterum
1591 2317 1784 2355 adiutore

216 2395 473 2434 Phormione
505 2405 611 2444 opus
644 2396 733 2434 est:
767 2395 819 2434 ad
851 2394 974 2432 illum
1002 2393 1110 2432 Geta
1137 2403 1289 2432 servus
1316 2392 1517 2441 mittitur,
1548 2392 1615 2430 cui
1633 2392 1784 2430 obvius

215 2471 356 2510 factus
403 2469 605 2509 Phormio
652 2470 752 2518 quid
798 2469 1000 2509 acciderit
1042 2469 1226 2517 quidque
1267 2469 1488 2507 metuatur
1541 2468 1782 2516 cognoscit3

216 2557 321 2586 mox
362 2557 409 2585 se
445 2546 622 2595 periculi
653 2545 893 2584 remedium
925 2544 1142 2583 invenisse
1175 2543 1401 2592 significat.
1436 2543 1573 2582 Actus
1604 2543 1685 2582 hoc
1717 2544 1784 2582 est

217 2623 402 2672 initium,
437 2633 519 2670 quo
547 2623 590 2661 et
607 2622 739 2661 Getae
765 2621 1029 2670 perturbatio
1058 2621 1102 2659 et
1128 2619 1400 2659 Phormionis
1428 2630 1579 2658 secura
1606 2618 1785 2657 audacia

217 2698 386 2747 egregie
428 2697 682 2747 depingitur.
727 2697 808 2736 Sed
850 2707 1003 2735 verum
1040 2695 1079 2734 ei
1111 2695 1298 2734 colorem
1329 2695 1524 2744 praebuit
1555 2694 1784 2734 Ambivius

217 2774 385 2827 Turpio,
421 2774 471 2812 de
504 2783 586 2821 quo
618 2773 725 2811 haec
754 2772 887 2811 tradit
919 2771 1180 2810 Scholiasta:

282 2849 458 2898 „Adhuc
499 2849 698 2888 narratur
737 2848 882 2887 fabula
919 2847 970 2886 de
1002 2847 1200 2886 Terentio
1233 2847 1276 2885 et
1307 2846 1508 2885 Ambivio
1541 2846 1679 2894 ebrio;
1714 2847 1786 2894 qui

219 2926 393 2964 acturus
419 2925 530 2964 hanc
555 2924 758 2974 fabulam,
787 2924 976 2964 oscitans
996 2923 1268 2973 temulenter,
1292 2923 1420 2973 atque
1437 2932 1587 2974 aurem
1603 2922 1785 2975 minimo

1798 2851 1814 2959 Ι
