2034 3334
962 387 1041 426 177

273 514 344 564 IV,
363 514 394 563 I,
417 514 483 552 13.
506 513 637 562 „Vide
653 513 913 562 magistrum
931 514 983 552 ad
996 513 1245 563 nequitiam,
1259 514 1308 552 ut
1319 513 1504 562 simplici
1517 513 1777 556 adolescenti

214 590 451 629 mentiendi
492 590 609 629 viam
652 590 930 639 demonstret,
965 591 1009 629 et
1040 590 1271 628 honesturn
1303 590 1444 628 tentet
1476 589 1628 628 afferre
1661 589 1783 638 argu-⁴

216 667 414 704 mentum
460 666 512 704 ad
554 666 851 704 mendacium:
895 666 1066 714 propter
1109 665 1324 714 clientem,
1359 665 1549 704 amicum
1582 666 1657 703 aut
1688 665 1782 703 hos-

215 741 350 791 pitem
396 742 440 780 in
486 741 588 780 urbe
636 748 811 780 cessare·
846 741 1034 779 visum.”
1079 741 1160 779 Pro
1204 750 1430 779 cessare
1472 740 1656 779 visum
1688 739 1781 788 lege

216 817 555 865 cessavisse.
599 817 691 855 Hoc
733 817 848 856 enim
885 816 1160 855 mendacium
1192 826 1344 854 servus
1377 815 1638 854 adolescenti
1670 825 1781 854 com-

215 891 415 931 mendat:
449 893 645 941 „propter
673 892 887 941 clientem,
917 891 1118 941 amicum,
1148 891 1364 940 hospitem
1391 891 1434 929 in
1451 891 1554 930 urbe
1572 891 1782 930 cessavi.’'
1848 932 1850 934 ,

278 1041 346 1091 IV,
378 1042 415 1091 2,
447 1042 515 1079 21.
548 1041 677 1090 „Mire
704 1041 929 1080 Terentius
957 1051 1029 1080 eos
1056 1041 1184 1090 ipsos,
1216 1041 1287 1089 qui
1313 1040 1532 1089 falluntur,
1562 1050 1616 1078 ex
1640 1039 1782 1087 aliqua

193 1104 195 1106 ’
216 1100 336 1166 parte
359 1118 508 1156 cautos
523 1117 639 1166 facit,
658 1118 707 1155 ut
723 1126 771 1155 eo
790 1116 1083 1156 delectabilius
1101 1116 1415 1165 spectatoribus
1434 1116 1666 1165 procedant
1684 1115 1780 1154 doli.

217 1193 328 1231 Nam
370 1202 477 1240 quae
519 1192 658 1240 gratia
698 1193 765 1231 est
807 1193 882 1231 aut
912 1192 1138 1231 delectatio
1171 1202 1256 1231 non
1287 1191 1599 1230 stultissimum
1632 1191 1782 1230 falli?”

219 1268 402 1307 Omnino
444 1278 569 1317 non,
615 1268 724 1316 quod
761 1268 860 1306 ante
902 1267 1321 1322 stultissimum
1353 1267 1520 1316 legitur,
1555 1266 1783 1305 delendum

219 1346 297 1394 est,
346 1345 395 1382 ut
441 1344 859 1382 stultissimum
905 1343 984 1382 sit:
1033 1343 1159 1392 plane
1206 1344 1249 1382 et
1291 1343 1383 1381 sine
1414 1342 1503 1381 ulla
1534 1342 1784 1391 exceptione

219 1420 416 1459 stultum.

280 1496 348 1535 25.
395 1495 576 1544 „Laud0,
621 1494 834 1544 Ctesipho,
878 1495 1115 1543 patrissas”
1158 1494 1289 1533 verba
1331 1494 1436 1532 haec
1467 1495 1570 1533 sunt
1599 1494 1785 1532 Demeae

219 1570 336 1610 senis
367 1570 483 1609 illius
514 1570 646 1608 nimis
677 1570 818 1609 severi
849 1570 1064 1618 nimisque
1098 1580 1201 1609 suae
1235 1569 1316 1608 sibi
1348 1570 1585 1618 sapientiae
1613 1569 1784 1608 conscii.

219 1647 486 1686 Annotatur:
534 1646 848 1694 patrissas]
901 1646 1101 1695 „attende
1150 1656 1281 1693 quam
1321 1645 1429 1684 bene
1471 1645 1698 1684 inventum
1730 1645 1788 1683 sit

220 1723 394 1762 inanem
435 1732 482 1761 se
519 1722 679 1760 dicere·
704 1722 852 1760 Nonne
885 1721 1054 1760 videtur
1086 1721 1143 1760 ibi
1176 1721 1476 1770 stultissimus,
1512 1731 1610 1760 cum
1642 1721 1784 1759 huius-

221 1797 337 1836 modi
366 1798 492 1836 laude
523 1808 609 1836 non
640 1798 767 1836 modo
799 1808 845 1836 se
877 1808 959 1836 non
993 1797 1166 1836 laudare
1193 1797 1315 1847 velle,
1345 1797 1455 1846 quod
1483 1797 1678 1836 odiosum
1706 1798 1783 1845 est,

221 1873 296 1912 sed
323 1873 456 1912 etiam
482 1872 619 1912 filium
643 1873 754 1922 apud
770 1873 1060 1922 intelligentes
1077 1874 1321 1922 vituperare
1337 1872 1576 1911 videatur.”
1595 1871 1785 1910 Emendo

222 1949 307 1987 sic:
355 1948 626 1987 inventus
673 1949 751 1987 sit
797 1949 986 1988 inanis
1033 1959 1207 1988 senex
1254 1959 1328 1997 pro
1375 1949 1668 1987 inventum
1711 1946 1788 1985 sit

223 2025 446 2063 inanem
477 2034 533 2062 se
566 2024 766 2063 dicere.

284 2101 353 2139 31.
389 2099 483 2138 Scio
515 2100 586 2138 ubi
618 2100 687 2148 sit,
723 2109 876 2138 verum
908 2099 1033 2138 hodie
1064 2109 1286 2147 nunquam
1317 2099 1580 2138 monstrabo.

282 2175 484 2214 Verum
526 2175 689 2213 hodie
732 2185 1011 2223 nunquam
1043 2175 1395 2221 monstrabo]
1434 2174 1608 2224 „volens
1639 2184 1789 2213 senem

225 2251 392 2291 avidius
424 2261 628 2299 quaerere
655 2251 766 2298 quod
793 2250 862 2289 hic
889 2250 1012 2289 ardor
1037 2261 1209 2299 semper
1236 2251 1539 2299 paratissimus
1567 2251 1788 2290 credentes

225 2328 358 2366 etiam
390 2326 513 2375 fallit,
548 2326 585 2365 ei
613 2325 737 2374 fingit
763 2336 810 2364 se
837 2325 949 2364 nolle
977 2326 1158 2365 dicere.”
1188 2324 1418 2375 Corrupta3
1447 2326 1677 2374 requiritur
1702 2325 1790 2364 fere

225 2402 559 2440 tardissime
597 2401 898 2440 credentes
928 2412 1003 2450 pro
1035 2402 1443 2450 paratissimus
1476 2402 1789 2441 credentes.

227 2477 336 2515 Sunt
367 2478 513 2515 autem
546 2476 881 2515 tardissime
913 2477 1213 2515 credentes
1245 2477 1490 2525 suspicaces
1521 2477 1719 2515 homines
1746 2477 1790 2515 et

227 2552 299 2600 qui
330 2562 416 2590 non
447 2551 572 2590 facile
603 2550 733 2589 fidem
764 2551 937 2590 habent.
1133 2542 1140 2549 ’

289 2628 357 2666 32.
402 2628 469 2666 At
511 2637 707 2665 nomen
749 2626 940 2665 nescio
985 2627 1148 2665 illius
1181 2627 1449 2666 hominis:
1483 2627 1577 2666 sed
1609 2627 1792 2666 locum

228 2702 358 2741 novi
405 2702 496 2740 ubi
543 2702 680 2747 siet]
729 2703 880 2750 „recte,
926 2703 1025 2750 quia
1056 2703 1093 2741 si
1125 2703 1346 2742 hominem
1378 2703 1548 2752 diceret,
1583 2712 1668 2741 non
1701 2703 1794 2740 erat

229 2777 459 2816 errandum
506 2777 652 2825 agnita
699 2787 880 2825 persona
921 2777 1131 2815 hominis:
1166 2778 1209 2816 et
1242 2777 1312 2816 ubi
1344 2777 1509 2816 habitet
1540 2778 1721 2827 cognito,
1755 2777 1794 2815 si

230 2854 358 2891 notus
395 2853 522 2901 esset,
557 2852 675 2891 nulla
706 2862 836 2891 causa
867 2853 1139 2900 quaerendi.’'
1174 2852 1336 2891 Sanum
1368 2863 1544 2891 sensum
1578 2853 1677 2891 hinc
1709 2863 1793 2891 non

231 2929 419 2967 extundo
451 2929 595 2975 itaque
624 2924 968 2966 emendationem
995 2938 1181 2976 propono
1209 2928 1340 2966 hanc:
1373 2930 1513 2977 „recte
1541 2928 1664 2977 siet,
1695 2929 1794 2976 quia

1653 2997 1689 3028 12
