2034 3334
964 337 1048 376 125

210 461 343 501 etiam
376 463 443 501 est
475 462 689 502 codicibus
716 463 1010 502 addicentibus
1036 464 1085 502 ut
1111 463 1218 502 haec
1245 463 1489 502 coniectura
1515 463 1776 512 recipiatur?

269 537 399 577 Hisce
431 537 562 587 igitur
593 538 805 588 exemplis
835 549 941 578 usus
973 540 1015 578 et
1047 538 1139 588 ipse
1167 538 1325 587 aliquid
1354 549 1486 578 ausus
1513 549 1625 589 sum,
1654 539 1773 579 scho-

208 613 362 662 liisque
409 615 689 654 emendandis
736 625 911 664 operam
957 614 1065 654 dedi.
1113 615 1255 663 Atque
1298 615 1526 654 conamina
1566 626 1666 654 mea
1707 615 1777 654 hic

207 699 455 740 proponam,
504 691 578 729 sed
625 691 712 730 iam
755 701 866 730 nunc
908 691 1114 730 lectorem
1146 701 1300 730 moneo
1332 691 1440 730 nihil
1473 702 1498 729 a
1528 701 1599 730 me
1630 701 1775 740 propo-

208 765 343 804 situm
389 765 441 804 iri
483 766 594 814 quod
634 766 741 805 mihi
784 766 866 815 ipsi
897 766 1299 816 praestantissimis,
1334 777 1440 814 quas
1471 767 1598 806 modo
1631 767 1774 816 citavi,

207 840 497 880 Westerhovii
539 842 911 881 emendationibus
952 853 1029 891 par
1066 843 1194 891 atque
1226 842 1368 881 simile
1399 842 1620 882 videatur:
1654 843 1778 882 abest

207 927 461 967 semperque
503 917 628 967 absit,
671 928 831 968 precor,
865 929 891 957 a
921 929 992 957 me
1025 919 1236 958 eiusmodi
1269 918 1525 967 arrogantia.
1559 919 1675 957 Nihil
1707 919 1776 957 hic

208 993 313 1032 certi
349 993 556 1043 invenies,
591 993 699 1033 nihil
730 994 841 1042 quod
873 1004 958 1033 non
991 994 1127 1033 cuivis
1159 995 1203 1033 in
1229 996 1424 1033 mentem
1450 995 1597 1033 venire
1624 994 1773 1043 possit.

207 1068 342 1118 Saepe
387 1080 441 1108 ne
488 1069 779 1109 coniecturam
825 1069 998 1118 quidem
1040 1080 1288 1120 proponam,
1333 1071 1407 1109 sed
1450 1072 1524 1109 aut
1556 1071 1655 1118 quid
1687 1070 1775 1109 fere

206 1145 448 1193 requiratur
493 1146 789 1185 demonstrare
836 1146 1020 1185 conabor
1066 1148 1141 1186 aut
1182 1147 1484 1186 tantummodo
1527 1148 1776 1196 corruptum

206 1230 302 1259 esse
333 1221 526 1260 scholion
558 1221 711 1260 dicam.
740 1222 885 1270 Neque
912 1223 1061 1261 tamen
1086 1222 1212 1271 plane
1240 1233 1414 1272 operam
1441 1233 1512 1261 me
1539 1223 1775 1271 perdidisse

206 1297 367 1346 opinor.
401 1298 512 1336 Nam
544 1297 718 1337 etiamsi
748 1308 852 1337 vera
884 1299 1065 1337 alicuius
1095 1299 1178 1338 loci
1209 1298 1336 1338 lectio
1370 1310 1426 1338 ex
1458 1298 1599 1346 aliquo
1632 1299 1775 1338 codice

206 1374 381 1412 eruatur
427 1373 496 1413 vel
535 1373 824 1423 peringeniosi
865 1374 1054 1413 hominis
1097 1374 1295 1413 acumine
1327 1374 1592 1423 restituatur,
1627 1376 1776 1414 tamen

206 1448 374 1487 nullum
421 1450 488 1488 est
534 1448 700 1488 inventi
735 1449 923 1498 pretium
955 1449 1039 1488 nisi
1071 1450 1309 1498 praecessit
1339 1450 1467 1499 longa
1499 1451 1542 1489 et
1574 1452 1776 1490 accurata

205 1523 398 1563 virorum
445 1525 669 1564 doctorum
715 1525 766 1563 de
812 1535 967 1573 genere
1010 1525 1105 1564 vitii
1137 1526 1272 1574 deque
1304 1525 1521 1564 sententia
1553 1536 1637 1574 qua
1668 1536 1774 1575 opus

206 1600 273 1638 est
319 1599 552 1649 disputatio
599 1600 944 1649 deliberatioque.
993 1601 1154 1640 Deinde
1201 1612 1373 1650 semper
1418 1602 1497 1641 hoc
1539 1603 1773 1641 tenendum

204 1674 370 1714 nullam
416 1675 647 1715 lectionem
693 1676 848 1715 idcirco
890 1687 1040 1715 veram
1083 1687 1178 1715 esse
1221 1677 1332 1725 quod
1366 1677 1410 1715 in
1442 1677 1583 1726 aliquo
1616 1678 1771 1727 codice,

205 1751 327 1790 cuius
367 1762 527 1800 magna
568 1753 635 1791 est
677 1751 924 1802 auctoritas,
968 1753 1225 1801 inveniatur,
1270 1753 1344 1791 sed
1386 1753 1466 1792 hoc
1497 1753 1621 1792 unIce
1649 1764 1772 1802 quae-

204 1826 386 1865 rendum
431 1837 540 1875 quae
585 1828 712 1866 lectio
759 1838 915 1867 sanum
961 1828 1164 1877 praebeat
1209 1839 1387 1867 sensum
1429 1839 1591 1878 suoque
1623 1831 1773 1879 aptum

204 1901 309 1940 loco.
342 1901 459 1941 Dabo
493 1903 754 1952 exemplum.
788 1904 854 1943 Ad
886 1904 989 1943 Hec.
1023 1904 1092 1953 IV,
1131 1905 1166 1954 1,
1203 1906 1281 1943 57:

322 1977 434 2017 Nam
467 1989 600 2026 quum
633 1989 880 2027 compressa
911 1980 979 2018 est
1009 1981 1152 2029 gnata,
1186 1980 1326 2019 forma
1358 1980 1402 2019 in
1432 1981 1621 2020 tenebris
1653 1982 1772 2021 nosci

1362 2059 1462 2103 [non
1494 2057 1614 2105 quita
1646 2060 1713 2097 est

204 2139 375 2178 semper
420 2129 531 2168 lecta
577 2130 658 2168 fuit
704 2130 811 2169 haec
857 2131 1078 2169 annotatio
1125 2141 1256 2170 sensu
1304 2142 1449 2171 cassa:
1497 2133 1588 2182 „Ab
1630 2134 1771 2173 activo

204 2215 363 2254 queo,
406 2205 630 2254 passivum
671 2205 774 2244 fecit
814 2216 1004 2255 queor,
1048 2206 1270 2245 retinendo
1307 2208 1581 2256 participium
1613 2210 1772 2257 quita

205 2280 333 2318 est.”
382 2280 522 2320 .Vidit
587 2281 829 2329 nescioquis
889 2292 965 2330 pro
1026 2282 1327 2321 retinendo
1389 2283 1618 2332 legendum
1675 2295 1770 2324 esse

205 2356 258 2394 et
303 2355 451 2405 inde,
501 2357 629 2404 atque
676 2367 731 2395 ex
777 2356 922 2405 inepta
963 2356 1112 2396 literae
1153 2367 1179 2395 r
1208 2358 1461 2406 repetitione
1493 2360 1643 2398 natam
1675 2371 1770 2399 esse

204 2430 410 2470 vitiosam
449 2431 692 2481 lectionem,
736 2442 866 2479 quam
898 2442 976 2470 suo
1007 2432 1142 2471 Marte
1174 2432 1373 2471 librarius
1405 2444 1558 2473 sanare
1590 2437 1770 2474 conatus

205 2508 332 2545 esset.
366 2506 686 2556 Recipiendum‚
721 2508 768 2545 ut
799 2507 959 2556 opinor,
988 2507 1092 2546 illud
1119 2509 1172 2546 et
1203 2508 1351 2558 inde,
1380 2519 1466 2548 non
1493 2511 1603 2558 quod
1620 2512 1770 2559 postea

205 2592 231 2620 a
278 2582 533 2621 Sabbadinio
580 2582 625 2620 in
671 2582 812 2630 aliquo
860 2583 1002 2621 codice
1048 2583 1210 2622 lectum
1257 2584 1326 2633 sit,
1376 2585 1451 2623 sed
1493 2586 1602 2633 quod
1644 2587 1768 2626 unice

204 2667 357 2696 verum
389 2659 468 2696 est.
501 2657 684 2706 Aliquod
715 2657 827 2696 felici
855 2658 1030 2697 invento
1056 2660 1329 2698 momentum
1356 2660 1538 2699 adiicere
1565 2661 1769 2701 dicendus

205 2734 321 2771 esset
362 2733 497 2772 codex
527 2732 760 2781 LeidensiS,
796 2732 867 2780 qui
899 2734 952 2771 et
982 2733 1184 2772 timida
1216 2735 1302 2772 est
1334 2735 1491 2782 quita
1522 2737 1608 2775 est
1639 2737 1769 2776 habet

204 2807 311 2846 vitio
353 2818 408 2846 ex
448 2807 598 2850 literae
639 2809 653 2846 t
693 2807 945 2856 repetitione
986 2809 1100 2858 nato,
1144 2809 1181 2847 si
1213 2809 1254 2848 id
1286 2810 1397 2857 quod
1428 2810 1472 2849 in
1504 2821 1581 2850 suo
1613 2822 1768 2860 genere

205 2883 444 2931 perfectum
487 2884 554 2922 est
594 2882 681 2921 ullo
722 2883 849 2922 modo
890 2883 1047 2922 melius
1087 2882 1179 2923 fieri
1220 2886 1378 2933 posset.
1412 2886 1530 2925 Haec
1560 2887 1654 2926 ideo
1685 2888 1766 2927 dis-
