2034 3334
922 296 978 340 65

155 416 240 458 huc
281 418 561 472 pertinentia,
606 431 713 473 quae
744 430 880 473 neque
913 431 989 459 suo
1021 430 1189 472 semper
1219 417 1356 471 pretio
1389 416 1605 458 aestimari
1636 414 1748 457 mihi

155 487 396 538 videantur,
438 491 482 530 et
522 501 621 543 prae
665 488 815 529 ceteris
858 487 1057 529 omnibus
1099 490 1247 542 poetae
1278 490 1446 528 nostrae
1478 499 1585 542 quae
1617 485 1747 527 fuerit

152 557 314 600 indoles
346 557 542 609 doceant,
577 558 702 600 hocce
734 571 967 613 proponam
1000 558 1151 612 capite.
1185 556 1347 599 Deinde
1373 558 1417 598 in
1445 570 1591 599 meum
1619 569 1747 598 usum

156 643 204 671 ea
236 632 480 671 convertere
513 630 706 672 conabor.

216 700 356 755 Atque
398 701 591 756 primum
631 700 700 742 hic
739 703 931 754 repetam
964 698 1171 755 quaedam
1203 712 1311 754 quae
1343 698 1394 740 de
1426 697 1581 740 Ovidio
1613 696 1748 740 decla-

156 773 301 812 mante
333 770 464 812 tradit
495 769 665 813 Seneca.

216 854 257 896 p.
295 840 379 882 154
414 840 626 895 (editionis
657 840 953 896 Bipoutinae):
990 839 1214 890 „Latronis
1246 839 1478 881 admirator
1510 842 1600 881 erat
1632 837 1749 891 (Ovi-

155 910 283 963 dius),
325 924 423 952 cum
466 910 684 952 diversum
727 915 973 965 sequeretur
1013 909 1179 952 dicendi
1209 923 1362 965 genus.
1404 909 1602 951 Habebat
1633 910 1748 950 enim

153 980 228 1023 ille
271 984 465 1024 constans
506 985 548 1023 et
590 981 739 1023 decens
780 985 823 1023 et
864 980 1048 1023 amabile
1079 982 1319 1036 ingenium.
1355 980 1500 1022 Oratio
1534 981 1626 1022 eius
1659 981 1748 1021 iam

153 1055 247 1095 tum
291 1051 401 1093 nihil
443 1051 562 1094 aliud
602 1055 769 1108 poterat
810 1051 949 1094 videri
991 1065 1121 1106 quam
1163 1051 1355 1094 solutum
1397 1065 1580 1093 carmen.
1626 1050 1744 1092 Adeo

153 1128 299 1165 autem
331 1122 521 1165 studiose
553 1122 781 1165 Latronem
815 1122 1004 1172 audivit,
1039 1126 1088 1163 ut
1120 1122 1280 1164 multas
1313 1123 1405 1164 eius
1438 1122 1669 1164 sententias
1702 1123 1746 1162 in

151 1207 300 1236 versus
347 1207 445 1236 suos
493 1192 774 1235 transtulerit.
822 1192 870 1234 In
913 1207 1131 1235 armorum
1173 1192 1331 1235 iudicio
1379 1193 1544 1235 dixerat
1591 1192 1744 1235 Latro:

156 1264 415 1315 „Mittamus
447 1277 565 1306 arma
594 1265 639 1305 in
672 1264 837 1314 hostes,
871 1267 912 1305 et
945 1264 1188 1319 petamus''.
1221 1263 1333 1306 Naso
1365 1263 1494 1305 dixit:

337 1335 469 1376 Arma
502 1336 585 1376 viri
616 1334 738 1376 fortis
768 1334 931 1377 medios
962 1336 1195 1376 mittantur
1225 1336 1266 1376 in
1301 1335 1466 1376 hostes:

335 1404 436 1447 Inde
467 1405 612 1447 iubete
643 1405 775 1461 peti’'.

215 1490 257 1532 p.
293 1474 392 1517 155.
440 1475 652 1525 „Memini
694 1475 922 1518 Latronem
962 1477 1007 1516 in
1049 1476 1306 1531 praefatione
1352 1475 1534 1531 quadam
1583 1475 1745 1517 dicere:

157 1560 268 1596 „non
300 1545 442 1596 vides,
476 1547 542 1587 uti
572 1547 754 1588 immota
786 1546 855 1588 fax
886 1549 1052 1601 torpeat
1085 1550 1128 1588 et
1153 1547 1370 1602 exagitata
1396 1545 1544 1587 reddat
1569 1544 1745 1601 ignes?’'

156 1648 166 1658 .
187 1648 196 1658 .
218 1647 227 1658 .
262 1615 374 1658 Naso
407 1616 537 1658 di'xit:

337 1686 436 1729 Vidi
467 1701 546 1743 ego
578 1688 755 1729 iactatas
787 1690 903 1729 mota
933 1687 1022 1729 face
1055 1701 1237 1730 crescere
1269 1687 1487 1738 flammas,

397 1757 454 1799 Et
484 1771 656 1808 rursus,
689 1756 809 1799 nullo
842 1759 1133 1808 concutiente,
1166 1757 1321 1800 mori.''

215 1842 257 1884 p.
293 1826 378 1869 156
395 1841 456 1883 sq.
507 1827 810 1879 „Declamabat
851 1831 993 1869 autem
1037 1828 1147 1870 Naso
1184 1843 1278 1870 raro
1311 1829 1640 1878 controversias,
1675 1827 1746 1870 sed

154 1911 238 1940 non
281 1899 366 1939 nisi
406 1898 587 1940 ethicas:
630 1897 835 1940 libentius
877 1898 1043 1940 dicebat
1085 1901 1308 1940 suasorias.
1353 1898 1540 1940 Molesta
1582 1900 1621 1940 ei
1654 1905 1745 1940 erat

152 1969 289 2010 omnis
328 1970 668 2024 argumentatio:
713 1969 855 2011 verbis
898 1971 1076 2011 minime
1119 1969 1297 2012 licenter
1338 1983 1440 2011 usus
1473 1973 1550 2019 est,
1586 1970 1669 2011 nisi
1700 1971 1745 2010 in

154 2039 438 2089 carminibus,
471 2041 514 2080 111
547 2039 702 2094 quibus
732 2054 810 2081 non
842 2039 1045 2093 imm-avit
1075 2039 1177 2081 vitia
1207 2055 1281 2081 sua
1311 2041 1381 2080 sed
1410 2039 1572 2081 amavit.
1607 2039 1744 2081 Mani-

153 2108 311 2151 festum
353 2112 492 2164 potest
532 2123 643 2160 esse,
677 2109 788 2164 quod
820 2113 996 2165 rogatus
1029 2109 1253 2164 aliquando
1285 2109 1336 2151 ab
1370 2111 1518 2151 amicis
1551 2110 1662 2159 suis,
1697 2115 1746 2150 ut

153 2178 324 2221 tolleret
365 2183 449 2221 tres
493 2193 662 2230 versus,
705 2181 889 2221 invicem
929 2181 1077 2234 petiit,
1110 2184 1160 2221 ut
1191 2181 1282 2235 ipse
1315 2183 1399 2222 tres
1432 2180 1667 2234 exciperet,
1700 2181 1744 2220 in

155 2263 259 2305 quos
291 2249 402 2291 nihil
432 2249 520 2291 illis
549 2249 710 2292 liceret.
745 2251 892 2304 Aequa
923 2249 992 2292 lex
1026 2251 1116 2292 visa
1143 2254 1218 2292 est.
1252 2249 1524 2305 Scripserunt
1548 2248 1617 2290 illi
1642 2263 1746 2304 quos

152 2319 251 2362 tolli
293 2319 455 2362 vellent
496 2323 679 2369 secreto,
724 2319 794 2361 hic
835 2333 941 2374 quos
984 2323 1100 2361 tutos
1143 2334 1231 2362 esse
1273 2319 1416 2362 vellet.
1459 2319 1508 2361 In
1551 2321 1745 2374 utrisque

157 2389 363 2432 codicillis
392 2389 525 2432 iidem
557 2404 705 2432 versus
737 2394 879 2431 erant:
912 2404 964 2431 ex
996 2391 1150 2445 quibus
1176 2392 1366 2445 primum
1393 2390 1523 2432 fuisse
1550 2390 1746 2432 narrabat

157 2459 453 2502 Albinovanus
483 2459 620 2510 Pedo,
653 2461 727 2515 qui
756 2461 869 2501 inter
901 2460 1080 2502 arbitros
1111 2460 1214 2501 fuit:

338 2529 694 2585 Semibovemque
726 2531 895 2581 virum,
927 2531 1264 2585 semivirumque
1295 2530 1463 2573 bovem.

217 2598 484 2642 Secundum:

398 2670 454 2711 Et
485 2669 679 2725 gelidum
713 2668 912 2719 Boream,
947 2668 1248 2725 egelidumque
1278 2670 1435 2712 Noton.

215 2739 281 2781 Ex
325 2754 408 2796 quo
451 2744 647 2796 apparet,
693 2741 853 2781 summi
885 2741 1048 2796 ingenii
1082 2742 1173 2782 viro
1205 2741 1415 2783 iudicium
1446 2754 1528 2782 non
1562 2729 1744 2783 defuisse

155 2809 208 2851 ad
239 2799 586 2865 compescendam
616 2809 832 2852 licentiam
867 2812 1106 2852 carminum
1138 2825 1338 2862 suorum,
1371 2811 1444 2853 sed
1475 2810 1712 2853 animum'’.

216 2893 258 2934 p.
293 2879 380 2922 308
398 2894 459 2936 sq.
495 2879 701 2931 „Ovidius
735 2881 893 2930 nescit,
926 2880 1036 2936 quod
1066 2881 1167 2922 bene
1194 2884 1342 2931 cessit,
1369 2880 1620 2937 relinquere.
1650 2881 1744 2923 Non

155 2949 295 2991 multa
329 2951 510 2993 referam
647 2965 731 2993 uno
764 2954 986 2992 contentus
1018 2965 1102 2993 ero.
1138 2950 1248 2994 Cum
1281 2951 1499 3007 Polyxena
1530 2954 1641 2993 esset
1674 2951 1743 2992 ab-

158 3018 304 3070 ducta,
338 3025 387 3062 ut
419 3021 470 3063 ad
502 3020 726 3063 tumulum
758 3020 939 3062 Achillis
969 3020 1277 3072 immolaretur,
1310 3021 1488 3064 Hecuba
1520 3021 1650 3062 dixit:

1527 3103 1545 3132 5
