2034 3334
1013 384 1096 425 180

383 512 563 562 Accede,
598 511 736 562 rogito
769 511 997 562 Pamphila
1027 511 1128 561 quid
1160 512 1283 562 agat:
1318 511 1393 552 illa
1424 510 1667 552 exclamat:
1698 511 1770 552 abi

1328 587 1413 635 [abi
1444 589 1544 638 iam,
1578 586 1807 629 Aeschine.

268 666 333 705 Ad
365 665 468 705 illa
499 664 788 704 exclamat
819 665 1073 704 annotatur:
1111 674 1222 714 „non
1249 664 1479 714 respondet
1504 664 1579 704 sed
1606 663 1839 715 exclamat.

268 741 321 780 Et
361 741 469 780 bene
510 741 601 780 vim
643 739 806 780 addidit
847 739 900 779 ad
942 739 1309 779 exclamationem
1340 739 1488 780 fuisse.
1522 739 1632 790 Ergo
1663 747 1691 780 a
1718 739 1840 781 vocis

268 827 387 867 sone,
426 827 511 857 non
545 827 570 857 a
600 816 787 856 verbis.”
821 816 891 856 Sic
922 815 1123 866 equidem
1152 816 1265 856 hanc
1296 816 1623 856 annotationem
1654 814 1840 866 accipio:

273 893 661 944 „exclamandi
688 893 870 933 verbum
898 893 1116 933 interdum
1143 893 1446 933 tantummodo
1473 892 1680 935 orationis
1705 901 1842 943 genus

269 969 496 1022 significat,
526 980 608 1020 quo
636 970 732 1020 quis
757 970 917 1019 utitur;
946 969 1016 1009 hic
1042 970 1191 1010 tamen
1218 969 1473 1020 Aeschinus,
1502 967 1697 1009 dumille
1711 966 1843 1009 verbo

269 1047 418 1096 utitur,
466 1047 546 1086 hoc
593 1046 711 1086 addit
756 1046 1016 1086 narrationi:
1071 1045 1267 1086 aniculae
1299 1046 1434 1086 etiam
1465 1043 1730 1096 superfuisse
1761 1042 1842 1084 cla-

270 1122 418 1162 mandi
443 1123 578 1162 vim..'’
607 1123 755 1173 Ipsum
783 1122 1000 1162 Donatum
1022 1122 1149 1172 paulo
1167 1122 1409 1172 elegantius
1425 1122 1619 1163 locutum
1634 1120 1843 1171 suspicor.

331 1199 383 1238 21
419 1209 482 1247 sq.
516 1198 586 1238 Sic
617 1200 759 1238 semet
785 1199 929 1248 ipsum
956 1198 1189 1247 alloquitur
1215 1198 1552 1247 adhortaturque
1577 1196 1843 1238 Aeschinus:

391 1274 620 1315 Cessatum
651 1285 788 1324 usque
820 1274 960 1314 adhuc
990 1275 1080 1314 est:
1116 1284 1230 1314 nunc
1261 1284 1399 1324 porro,
1432 1273 1661 1324 Aeschine,
1694 1282 1765 1313 ex-

1535 1349 1814 1400 [pergiscerel

392 1427 515 1467 Nunc
545 1427 625 1467 hoc
657 1427 847 1476 primum
881 1427 969 1466 est:
1005 1427 1058 1466 ad
1091 1426 1188 1466 illas
1220 1426 1289 1466 ibo
1320 1428 1370 1466 ut
1400 1437 1580 1476 purgem
1610 1435 1706 1466 me:

1323 1503 1542 1550 [accedam
1573 1501 1628 1542 ad
1657 1501 1785 1542 fores·

274 1579 542 1618 Annotatur:
600 1578 752 1618 Nunc
809 1579 913 1618 hoc·
961 1578 1225 1628 primum]
1278 1577 1495 1628 „primum
1540 1577 1593 1617 ab
1639 1587 1690 1618 eo
1734 1577 1847 1627 quod

278 1655 494 1705 rogandus
541 1656 609 1695 est
653 1655 818 1704 pater.”
867 1654 948 1694 Pro
991 1656 1078 1694 est
1119 1654 1350 1704 legendum
1381 1654 1531 1703 opinor
1561 1654 1696 1694 erat.
1729 1653 1848 1693 Haec

278 1731 395 1771 enim
441 1731 673 1780 requiritur
718 1730 958 1770 sententia:
1011 1730 1226 1780 „primum
1275 1731 1374 1779 post
1419 1729 1537 1780 illud,
1586 1723 1698 1778 quod
1743 1729 1848 1769 olim

278 1807 523 1847 faciendum
555 1808 660 1856 erat,
693 1808 743 1846 ut
775 1817 800 1846 a
830 1807 952 1856 patre
983 1806 1150 1855 peteret
1180 1807 1231 1845 ut
1256 1815 1438 1845 uxorem
1465 1804 1547 1845 sibi
1574 1803 1848 1855 Pamphilam

279 1884 434 1924 ducere
465 1884 656 1923 liceret.”

342 2033 412 2083 IV,
443 2035 481 2083 ὅ,
511 2034 551 2072 9.
580 2033 747 2072 Gaudet
773 2031 896 2072 Micio
923 2031 1062 2072 filium
1090 2031 1341 2082 adoptivum
1371 2042 1456 2071 non
1479 2032 1584 2072 adeo
1601 2041 1698 2071 esse
1714 2030 1849 2080 impu-

282 2110 456 2149 dentem
498 2109 600 2157 quin
644 2109 894 2148 erubescere
925 2108 1064 2158 possit
1095 2110 1138 2147 et
1170 2108 1419 2158 erubuit,
1453 2108 1614 2148 salva
1643 2094 1733 2147 res
1764 2107 1853 2147 est

283 2186 356 2225 ait.
390 2186 656 2224 Annotatur:
695 2185 853 2234 „nimis
884 2186 1065 2234 paterna
1096 2184 1325 2224 sententia.
1358 2184 1412 2223 Et
1443 2194 1466 2223 e
1492 2183 1706 2224 contrario
1731 2182 1851 2223 Simo

283 2261 327 2300 in
384 2261 566 2300 Andria:
616 2261 763 2309 vide,
814 2271 936 2300 num
984 2260 1105 2299 eius
1153 2260 1306 2299 color
1351 2260 1583 2309 pudoris
1628 2258 1851 2315 signum

283 2346 517 2385 usquam
584 2336 815 2376 indicat.
873 2336 927 2375 Et
982 2336 1132 2384 quanti
1188 2335 1370 2375 affectus
1426 2337 1494 2374 est
1548 2344 1634 2374 non
1689 2334 1853 2375 dixisse

285 2413 534 2461 erubuit,
589 2412 787 2451 salvus
834 2413 922 2450 est
967 2411 1042 2450 sed
1089 2410 1251 2450 salva
1297 2421 1387 2450 res
1434 2412 1532 2450 est.
1580 2410 1730 2450 Nonne
1773 2409 1852 2450 tibi

284 2489 455 2527 videtur
496 2498 564 2526 res
606 2488 699 2527 eius
730 2488 872 2526 omnis
904 2487 948 2526 in
978 2486 1194 2526 Aeschino
1226 2487 1493 2526 constituta?
1524 2487 1676 2526 eodem
1706 2486 1853 2526 animo

287 2567 330 2602 et
362 2575 491 2613 supra
522 2564 644 2613 dixit,
680 2564 733 2602 in
763 2573 822 2602 eo
854 2573 935 2602 me
967 2562 1215 2602 oblecto:
1249 2562 1430 2601 solum
1464 2562 1515 2601 id
1547 2564 1634 2602 est
1665 2571 1853 2602 carum

287 2639 437 2678 mihi.
496 2639 587 2678 Non
646 2639 761 2678 enim
809 2638 989 2688 solum
1037 2637 1183 2677 intulit
1228 2637 1339 2686 quod
1386 2637 1730 2688 exspectabatur,
1777 2636 1854 2677 sed

288 2715 494 2763 absolute,
529 2714 652 2762 quasi
684 2725 739 2753 ex
771 2713 971 2753 omnibus
1003 2713 1183 2752 solum
1211 2713 1251 2751 id
1279 2715 1346 2752 est
1372 2713 1553 2761 inquit.''
1580 2703 1866 2763 Legendum:

294 2801 404 2838 „non
447 2791 562 2829 enim
605 2790 762 2828 solus
805 2789 951 2828 intulit
986 2799 1021 2829 e.
1050 2799 1089 2837 q.
1118 2789 1182 2828 S.'’
1215 2788 1308 2827 Hoc
1339 2789 1455 2827 enirn
1487 2789 1568 2828 sibi
1599 2788 1695 2828 vult
1725 2798 1852 2829 anno·

289 2866 418 2904 tatio:
471 2865 634 2913 „multo
681 2866 859 2904 maioris
905 2867 972 2904 est
1018 2864 1212 2904 caritatis
1259 2864 1438 2903 solum
1485 2864 1535 2903 id
1582 2865 1634 2903 de
1679 2864 1854 2903 homine

290 2942 428 2980 dicere
461 2952 590 2989 quum
623 2942 821 2981 soluS.''
