2034 3334
1053 350 1136 393 162

413 475 610 520 Ridicule
655 476 758 519 haec
799 487 898 518 cum
941 475 1137 532 proxime
1168 474 1518 532 praecedentibus
1547 478 1735 531 certant3
1766 489 1855 521 non

354 553 466 595 enim
500 552 691 595 eiusdem
725 555 789 594 est
818 551 1089 608 impudenter
1119 552 1326 595 iuvenum
1361 551 1510 595 domos
1537 564 1790 609 expugnare
1813 555 1856 596 et

354 628 536 671 lascivae
583 628 764 671 similem
806 627 954 671 ludere
995 640 1182 684 capreae.
1214 627 1346 672 Recte
1375 641 1426 672 ea
1457 629 1683 673 adhibetur
1711 630 1855 686 imago

354 703 406 747 de
437 703 526 747 filia
552 704 734 747 vixdum
760 707 928 747 matura
954 707 996 747 et
1019 705 1152 760 igitur
1180 706 1326 761 „tangi
1352 704 1609 748 metuente”.
1624 705 1855 762 Sequitur:

589 822 647 866 Te
678 822 800 865 lanae
831 835 962 879 prope
994 821 1179 866 nobilem

649 899 813 942 Tonsae
846 898 1081 955 Luceriam,
1112 912 1200 942 non
1232 898 1418 943 citharae
1445 898 1607 942 decent.

353 1025 520 1068 Audio:
569 1025 738 1068 vetulae
783 1027 849 1068 est
895 1025 1010 1067 domi
1053 1025 1200 1068 sedere
1240 1027 1283 1067 et
1323 1023 1466 1067 lanam
1505 1023 1657 1080 facere,
1687 1023 1856 1081 puellae

351 1102 532 1159 psallere
563 1105 605 1145 et
639 1105 821 1146 cantare.

589 1219 680 1264 Nec
710 1219 790 1263 flos
821 1232 1064 1276 purpureus
1095 1231 1217 1262 rosae

354 1345 448 1388 Hoc
490 1358 664 1402 quoque
703 1349 837 1388 recte:
881 1348 945 1388 est
976 1346 1089 1388 enim
1122 1344 1364 1400 puellarum
1396 1344 1512 1387 istud
1543 1346 1854 1388 ornamentum.

353 1422 556 1466 Nondum
597 1422 725 1479 plena
757 1422 931 1478 stropha
962 1425 1037 1465 est.
1069 1421 1182 1472 Quid
1214 1421 1331 1464 addit
1362 1421 1517 1478 poe‘ta?
1551 1419 1665 1472 Quid
1695 1420 1854 1477 putas?

650 1540 742 1583 Nec
771 1541 862 1597 poti
891 1539 1079 1583 vetulam
1111 1539 1228 1583 faece
1258 1542 1386 1582 tenus
1422 1539 1527 1582 cadi.

354 1675 414 1717 At
462 1675 637 1731 opponit
679 1675 791 1716 inter
838 1686 884 1716 se
930 1686 1039 1729 quae
1085 1673 1271 1729 puellam
1317 1673 1505 1727 deceant,
1550 1685 1664 1729 quae
1706 1686 1851 1717 anum.

355 1751 606 1793 Puellamne
636 1763 736 1805 ergo
768 1749 889 1792 decet
919 1753 1004 1791 tam
1037 1749 1238 1791 immanis
1275 1748 1557 1791 temulentia?

413 1826 483 1869 Ab
529 1827 610 1869 hoc
656 1827 844 1868 carmine
886 1826 940 1868 ad
962 1825 1147 1895 22}ss
1190 1824 1326 1867 facilis
1367 1828 1431 1867 est
1463 1825 1693 1868 transitus:
1726 1825 1774 1868 in
1802 1836 1854 1868 eo

355 1907 497 1946 autem
530 1907 673 1959 aperte
704 1902 887 1945 declarat
918 1905 1042 1958 poeta
1068 1915 1161 1944 eam
1189 1915 1318 1958 quam
1347 1914 1465 1944 nunc
1489 1901 1676 1945 ludibrio
1702 1901 1856 1946 habeat

355 1979 457 2022 olim
489 1979 571 2022 sibi
600 1979 733 2022 fuisse
764 1978 1093 2021 dilectissimam.
1125 1977 1195 2020 Sic
1226 1978 1340 2020 enim
1373 1990 1465 2020 eam
1498 1977 1753 2034 alloquitur:

892 2094 1005 2146 Quid
1036 2095 1167 2138 habes
1198 2095 1327 2151 illius,
1362 2095 1480 2138 illius

772 2171 890 2222 Quae
922 2170 1109 2227 spirabat
1140 2184 1317 2227 amores,

832 2247 951 2299 Quae
983 2261 1051 2291 me
1084 2251 1312 2304 surpuerat
1342 2248 1457 2290 mihi.

414 2382 605 2425 Hoccine
639 2382 788 2436 credis,
817 2381 998 2424 Lector?
1029 2381 1127 2424 Non
1164 2394 1259 2437 ego.
1286 2381 1386 2437 Ipsa
1416 2385 1570 2424 natura
1595 2384 1711 2425 vetat
1724 2381 1858 2438 illam,

357 2473 483 2514 quam
528 2459 626 2500 olim
665 2459 832 2511 amaria,
864 2462 949 2500 tam
984 2457 1103 2500 duris
1134 2457 1466 2513 crudelibusque
1495 2457 1679 2500 lacerare
1709 2458 1855 2500 convi-

357 2536 437 2576 tiis.
486 2534 596 2585 Quid
640 2535 766 2590 quod,
808 2536 845 2577 si
886 2534 1027 2590 puella
1058 2547 1175 2589 cana,
1204 2534 1415 2589 edentula,
1447 2548 1605 2590 rugosa
1634 2534 1745 2577 facta
1774 2537 1852 2592 est,

357 2623 442 2651 non
474 2612 643 2652 iuvenis
677 2611 833 2653 mansit
862 2611 1070 2666 pristinus
1102 2611 1195 2652 eius
1228 2613 1400 2652 amator.
1432 2609 1488 2652 Et
1515 2623 1640 2665 quem
1658 2622 1850 2666 unquam

357 2686 521 2740 puellae
553 2689 810 2742 contemptio
837 2700 885 2729 eo
913 2686 1099 2742 abripuit
1115 2687 1336 2729 vecordiae
1350 2690 1401 2729 ut
1417 2687 1480 2728 illi
1497 2685 1643 2737 μανίαν
1660 2687 1851 2729 tristissi—

358 2775 557 2816 mamque
604 2764 759 2805 mentis
806 2764 1016 2805 insaniam
1063 2763 1400 2818 imprecaretur?
1447 2762 1517 2805 Sic
1564 2763 1677 2805 enim
1723 2758 1850 2817 primi

358 2839 591 2893 accipiendi
624 2852 775 2881 versus
806 2843 908 2881 sunt
938 2842 986 2881 ut
1017 2842 1155 2882 totum
1186 2839 1295 2881 illud
