<?xml version="1.0" encoding="UTF-8"?>
<!DOCTYPE html PUBLIC "-//W3C//DTD XHTML 1.0 Transitional//EN"
    "http://www.w3.org/TR/xhtml1/DTD/xhtml1-transitional.dtd">
<html xmlns="http://www.w3.org/1999/xhtml" xml:lang="en" lang="en">
 <head>
  <title>
</title>
<meta http-equiv="Content-Type" content="text/html;charset=utf-8" />
  <meta name='ocr-system' content='tesseract 3.04.00' />
  <meta name='ocr-capabilities' content='ocr_page ocr_carea ocr_par ocr_line ocrx_word'/>
</head>
<body>
  <div class='ocr_page' id='page_1' title='image "./dehoratiopota00hartuoft_0128.png"; bbox 0 0 2034 3334; ppageno 0'>
   <div class='ocr_carea' id='block_1_1' title="bbox 1047 361 1130 403">
    <p class='ocr_par' dir='ltr' id='par_1_1' title="bbox 1047 361 1130 403">
     <span class='ocr_line' id='line_1_1' title="bbox 1047 361 1130 403; baseline 0 0"><span class='ocrx_word' id='word_1_1' title='bbox 1047 361 1130 403; x_wconf 84' lang='lat'>120</span> 
     </span>
    </p>
   </div>
   <div class='ocr_carea' id='block_1_2' title="bbox 346 484 1847 546">
    <p class='ocr_par' dir='ltr' id='par_1_2' title="bbox 346 484 1847 546">
     <span class='ocr_line' id='line_1_2' title="bbox 346 484 1847 546; baseline -0.006 -11"><span class='ocrx_word' id='word_1_2' title='bbox 346 493 454 535; x_wconf 88' lang='lat' dir='ltr'>mari</span> <span class='ocrx_word' id='word_1_3' title='bbox 483 491 731 546; x_wconf 88' lang='lat' dir='ltr'>tempestate</span> <span class='ocrx_word' id='word_1_4' title='bbox 762 490 945 531; x_wconf 84' lang='lat' dir='ltr'>vexatus</span> <span class='ocrx_word' id='word_1_5' title='bbox 976 490 1110 530; x_wconf 87' lang='lat' dir='ltr'>semet</span> <span class='ocrx_word' id='word_1_6' title='bbox 1139 487 1284 542; x_wconf 91' lang='lat' dir='ltr'>ipsum</span> <span class='ocrx_word' id='word_1_7' title='bbox 1316 488 1489 528; x_wconf 87' lang='lat' dir='ltr'>accusat</span> <span class='ocrx_word' id='word_1_8' title='bbox 1517 484 1565 541; x_wconf 92' lang='lat' dir='ltr'>(I,</span> <span class='ocrx_word' id='word_1_9' title='bbox 1595 484 1663 540; x_wconf 83' lang='lat'>17,</span> <span class='ocrx_word' id='word_1_10' title='bbox 1691 484 1713 526; x_wconf 94' lang='lat'>1</span> <span class='ocrx_word' id='word_1_11' title='bbox 1743 485 1847 542; x_wconf 85' lang='lat' dir='ltr'>sq.):</span> 
     </span>
    </p>
   </div>
   <div class='ocr_carea' id='block_1_3' title="bbox 523 579 1596 731">
    <p class='ocr_par' dir='ltr' id='par_1_3' title="bbox 523 579 1596 731">
     <span class='ocr_line' id='line_1_3' title="bbox 523 579 1596 654; baseline -0.004 -12"><span class='ocrx_word' id='word_1_12' title='bbox 523 599 580 642; x_wconf 80' lang='lat' dir='ltr'>Et</span> <span class='ocrx_word' id='word_1_13' title='bbox 611 600 774 653; x_wconf 91' lang='lat' dir='ltr'>merito,</span> <span class='ocrx_word' id='word_1_14' title='bbox 807 598 1008 654; x_wconf 88' lang='lat' dir='ltr'>quoniam</span> <span class='ocrx_word' id='word_1_15' title='bbox 1039 597 1159 654; x_wconf 89' lang='lat' dir='ltr'>potui</span> <span class='ocrx_word' id='word_1_16' title='bbox 1189 596 1352 652; x_wconf 84' lang='lat' dir='ltr'>fugisse</span> <span class='ocrx_word' id='word_1_17' title='bbox 1373 579 1596 652; x_wconf 86' lang='lat' dir='ltr'>puellam!</span> 
     </span>
     <span class='ocr_line' id='line_1_4' title="bbox 585 672 1519 731; baseline -0.004 -13"><span class='ocrx_word' id='word_1_18' title='bbox 585 675 713 718; x_wconf 91' lang='lat' dir='ltr'>Nunc</span> <span class='ocrx_word' id='word_1_19' title='bbox 746 688 824 731; x_wconf 90' lang='lat' dir='ltr'>ego</span> <span class='ocrx_word' id='word_1_20' title='bbox 856 675 1042 717; x_wconf 87' lang='lat' dir='ltr'>desertas</span> <span class='ocrx_word' id='word_1_21' title='bbox 1073 673 1270 729; x_wconf 93' lang='lat' dir='ltr'>alloquor</span> <span class='ocrx_word' id='word_1_22' title='bbox 1307 672 1519 727; x_wconf 87' lang='lat' dir='ltr'>alcyones.</span> 
     </span>
    </p>
   </div>
   <div class='ocr_carea' id='block_1_4' title="bbox 349 789 1852 1072">
    <p class='ocr_par' dir='ltr' id='par_1_4' title="bbox 349 789 1852 1072">
     <span class='ocr_line' id='line_1_5' title="bbox 408 789 1847 850; baseline -0.003 -14"><span class='ocrx_word' id='word_1_23' title='bbox 408 794 534 837; x_wconf 87' lang='lat' dir='ltr'>Solus</span> <span class='ocrx_word' id='word_1_24' title='bbox 580 806 655 850; x_wconf 91' lang='lat' dir='ltr'>per</span> <span class='ocrx_word' id='word_1_25' title='bbox 701 792 830 835; x_wconf 80' lang='lat' dir='ltr'>silvas</span> <span class='ocrx_word' id='word_1_26' title='bbox 870 794 981 834; x_wconf 89' lang='lat' dir='ltr'>errat</span> <span class='ocrx_word' id='word_1_27' title='bbox 1022 803 1077 833; x_wconf 92' lang='lat' dir='ltr'>ne</span> <span class='ocrx_word' id='word_1_28' title='bbox 1120 793 1317 846; x_wconf 86' lang='lat' dir='ltr'>aspectus</span> <span class='ocrx_word' id='word_1_29' title='bbox 1358 802 1516 845; x_wconf 85' lang='lat' dir='ltr'>rerum,</span> <span class='ocrx_word' id='word_1_30' title='bbox 1548 803 1659 846; x_wconf 84' lang='lat' dir='ltr'>quae</span> <span class='ocrx_word' id='word_1_31' title='bbox 1690 789 1773 833; x_wconf 89' lang='lat' dir='ltr'>sibi</span> <span class='ocrx_word' id='word_1_32' title='bbox 1804 790 1847 832; x_wconf 93' lang='lat' dir='ltr'>in</span> 
     </span>
     <span class='ocr_line' id='line_1_6' title="bbox 350 865 1850 925; baseline -0.003 -12"><span class='ocrx_word' id='word_1_33' title='bbox 350 874 534 914; x_wconf 90' lang='lat' dir='ltr'>mentem</span> <span class='ocrx_word' id='word_1_34' title='bbox 565 874 717 912; x_wconf 85' lang='lat' dir='ltr'>vocent</span> <span class='ocrx_word' id='word_1_35' title='bbox 748 869 948 925; x_wconf 82' lang='lat' dir='ltr'>puellam,</span> <span class='ocrx_word' id='word_1_36' title='bbox 979 882 1004 909; x_wconf 93' lang='lat' dir='ltr'>a</span> <span class='ocrx_word' id='word_1_37' title='bbox 1035 881 1121 923; x_wconf 86' lang='lat' dir='ltr'>qua</span> <span class='ocrx_word' id='word_1_38' title='bbox 1153 866 1382 910; x_wconf 91' lang='lat' dir='ltr'>crudeliter</span> <span class='ocrx_word' id='word_1_39' title='bbox 1409 867 1464 909; x_wconf 89' lang='lat' dir='ltr'>sit</span> <span class='ocrx_word' id='word_1_40' title='bbox 1491 866 1706 923; x_wconf 87' lang='lat' dir='ltr'>repulsus,</span> <span class='ocrx_word' id='word_1_41' title='bbox 1733 865 1850 908; x_wconf 92' lang='lat' dir='ltr'>dolo-</span> 
     </span>
     <span class='ocr_line' id='line_1_7' title="bbox 349 941 1852 1001; baseline -0.003 -11"><span class='ocrx_word' id='word_1_42' title='bbox 349 960 440 990; x_wconf 92' lang='lat' dir='ltr'>rem</span> <span class='ocrx_word' id='word_1_43' title='bbox 487 959 614 989; x_wconf 92' lang='lat' dir='ltr'>suum</span> <span class='ocrx_word' id='word_1_44' title='bbox 659 958 824 1001; x_wconf 81' lang='lat' dir='ltr'><strong>semper</strong></span> <span class='ocrx_word' id='word_1_45' title='bbox 865 948 1051 987; x_wconf 81' lang='lat' dir='ltr'><strong>renovet.</strong></span> <span class='ocrx_word' id='word_1_46' title='bbox 1093 943 1176 986; x_wconf 86' lang='lat' dir='ltr'>Sed</span> <span class='ocrx_word' id='word_1_47' title='bbox 1214 943 1318 999; x_wconf 91' lang='lat' dir='ltr'>quid</span> <span class='ocrx_word' id='word_1_48' title='bbox 1361 946 1542 999; x_wconf 85' lang='lat' dir='ltr'>possunt</span> <span class='ocrx_word' id='word_1_49' title='bbox 1582 941 1768 985; x_wconf 90' lang='lat' dir='ltr'>solitudo</span> <span class='ocrx_word' id='word_1_50' title='bbox 1811 945 1852 985; x_wconf 86' lang='lat' dir='ltr'>et</span> 
     </span>
     <span class='ocr_line' id='line_1_8' title="bbox 351 1019 1660 1072; baseline -0.004 -6"><span class='ocrx_word' id='word_1_51' title='bbox 351 1022 592 1066; x_wconf 86' lang='lat' dir='ltr'>silentium!</span> <span class='ocrx_word' id='word_1_52' title='bbox 627 1020 762 1072; x_wconf 80' lang='lat' dir='ltr'>Quam</span> <span class='ocrx_word' id='word_1_53' title='bbox 797 1020 970 1063; x_wconf 89' lang='lat' dir='ltr'>assidua</span> <span class='ocrx_word' id='word_1_54' title='bbox 1001 1021 1144 1062; x_wconf 89' lang='lat' dir='ltr'>animo</span> <span class='ocrx_word' id='word_1_55' title='bbox 1183 1019 1276 1062; x_wconf 89' lang='lat' dir='ltr'>eius</span> <span class='ocrx_word' id='word_1_56' title='bbox 1306 1019 1524 1063; x_wconf 87' lang='lat' dir='ltr'>inhaereat</span> <span class='ocrx_word' id='word_1_57' title='bbox 1556 1031 1660 1062; x_wconf 88' lang='lat' dir='ltr'>cura</span> 
     </span>
    </p>
   </div>
   <div class='ocr_carea' id='block_1_5' title="bbox 530 1128 1823 1491">
    <p class='ocr_par' dir='ltr' id='par_1_5' title="bbox 530 1128 1823 1491">
     <span class='ocr_line' id='line_1_9' title="bbox 530 1128 1651 1185; baseline -0.002 -12"><span class='ocrx_word' id='word_1_58' title='bbox 530 1131 619 1173; x_wconf 90' lang='lat' dir='ltr'>Vos</span> <span class='ocrx_word' id='word_1_59' title='bbox 652 1131 769 1173; x_wconf 89' lang='lat' dir='ltr'>eritis</span> <span class='ocrx_word' id='word_1_60' title='bbox 802 1133 942 1184; x_wconf 87' lang='lat' dir='ltr'>testes,</span> <span class='ocrx_word' id='word_1_61' title='bbox 974 1130 1122 1185; x_wconf 88' lang='lat' dir='ltr'>siquos</span> <span class='ocrx_word' id='word_1_62' title='bbox 1155 1128 1282 1172; x_wconf 89' lang='lat' dir='ltr'>habet</span> <span class='ocrx_word' id='word_1_63' title='bbox 1313 1128 1440 1171; x_wconf 90' lang='lat' dir='ltr'>arbor</span> <span class='ocrx_word' id='word_1_64' title='bbox 1472 1140 1651 1185; x_wconf 88' lang='lat' dir='ltr'>amores,</span> 
     </span>
     <span class='ocr_line' id='line_1_10' title="bbox 591 1205 1478 1263; baseline -0.002 -14"><span class='ocrx_word' id='word_1_65' title='bbox 591 1207 733 1263; x_wconf 82' lang='lat' dir='ltr'>Fagus</span> <span class='ocrx_word' id='word_1_66' title='bbox 765 1210 806 1249; x_wconf 91' lang='lat' dir='ltr'>et</span> <span class='ocrx_word' id='word_1_67' title='bbox 837 1206 1020 1248; x_wconf 89' lang='lat' dir='ltr'>Arcadio</span> <span class='ocrx_word' id='word_1_68' title='bbox 1053 1206 1183 1261; x_wconf 80' lang='lat' dir='ltr'>pinus</span> <span class='ocrx_word' id='word_1_69' title='bbox 1217 1209 1357 1248; x_wconf 86' lang='lat' dir='ltr'>amata</span> <span class='ocrx_word' id='word_1_70' title='bbox 1389 1205 1478 1248; x_wconf 91' lang='lat' dir='ltr'>deo.</span> 
     </span>
     <span class='ocr_line' id='line_1_11' title="bbox 530 1280 1823 1339; baseline -0.002 -13"><span class='ocrx_word' id='word_1_71' title='bbox 530 1285 569 1326; x_wconf 90' lang='lat' dir='ltr'>A</span> <span class='ocrx_word' id='word_1_72' title='bbox 601 1284 768 1339; x_wconf 90' lang='lat' dir='ltr'>quoties</span> <span class='ocrx_word' id='word_1_73' title='bbox 799 1287 966 1325; x_wconf 88' lang='lat' dir='ltr'>teneras</span> <span class='ocrx_word' id='word_1_74' title='bbox 999 1285 1201 1324; x_wconf 83' lang='lat' dir='ltr'>resonant</span> <span class='ocrx_word' id='word_1_75' title='bbox 1234 1294 1328 1324; x_wconf 88' lang='lat' dir='ltr'>mea</span> <span class='ocrx_word' id='word_1_76' title='bbox 1361 1281 1490 1324; x_wconf 86' lang='lat' dir='ltr'>verba</span> <span class='ocrx_word' id='word_1_77' title='bbox 1522 1280 1602 1324; x_wconf 90' lang='lat' dir='ltr'>sub</span> <span class='ocrx_word' id='word_1_78' title='bbox 1635 1280 1823 1336; x_wconf 84' lang='lat' dir='ltr'>umbras,</span> 
     </span>
     <span class='ocr_line' id='line_1_12' title="bbox 589 1357 1558 1413; baseline -0.003 -10"><span class='ocrx_word' id='word_1_79' title='bbox 589 1359 798 1403; x_wconf 85' lang='lat' dir='ltr'>Scribitur</span> <span class='ocrx_word' id='word_1_80' title='bbox 830 1363 871 1402; x_wconf 93' lang='lat' dir='ltr'>et</span> <span class='ocrx_word' id='word_1_81' title='bbox 904 1360 1056 1402; x_wconf 86' lang='lat' dir='ltr'>vestris</span> <span class='ocrx_word' id='word_1_82' title='bbox 1090 1358 1273 1413; x_wconf 87' lang='lat' dir='ltr'>Cynthia</span> <span class='ocrx_word' id='word_1_83' title='bbox 1303 1357 1558 1401; x_wconf 81' lang='lat' dir='ltr'>corticibus!</span> 
     </span>
     <span class='ocr_line' id='line_1_13' title="bbox 1402 1434 1792 1491; baseline -0.005 -14"><span class='ocrx_word' id='word_1_84' title='bbox 1402 1434 1450 1491; x_wconf 89' lang='lat' dir='ltr'>(I,</span> <span class='ocrx_word' id='word_1_85' title='bbox 1484 1435 1552 1490; x_wconf 89' lang='grc'>18,</span> <span class='ocrx_word' id='word_1_86' title='bbox 1586 1435 1641 1477; x_wconf 90' lang='grc'>19</span> <span class='ocrx_word' id='word_1_87' title='bbox 1672 1435 1792 1491; x_wconf 73' lang='lat' dir='ltr'>sqq).</span> 
     </span>
    </p>
   </div>
   <div class='ocr_carea' id='block_1_6' title="bbox 351 1550 1854 1839">
    <p class='ocr_par' dir='ltr' id='par_1_6' title="bbox 351 1550 1854 1839">
     <span class='ocr_line' id='line_1_14' title="bbox 411 1550 1854 1609; baseline -0.001 -13"><span class='ocrx_word' id='word_1_88' title='bbox 411 1553 568 1597; x_wconf 89' lang='lat' dir='ltr'>Doctas</span> <span class='ocrx_word' id='word_1_89' title='bbox 615 1554 800 1609; x_wconf 90' lang='lat' dir='ltr'>denique</span> <span class='ocrx_word' id='word_1_90' title='bbox 842 1552 1111 1609; x_wconf 86' lang='lat' dir='ltr'>profecturus</span> <span class='ocrx_word' id='word_1_91' title='bbox 1153 1556 1216 1596; x_wconf 91' lang='lat' dir='ltr'>est</span> <span class='ocrx_word' id='word_1_92' title='bbox 1246 1553 1462 1595; x_wconf 83' lang='lat' dir='ltr'>Athenas:</span> <span class='ocrx_word' id='word_1_93' title='bbox 1495 1552 1570 1594; x_wconf 88' lang='lat' dir='ltr'>illa</span> <span class='ocrx_word' id='word_1_94' title='bbox 1601 1553 1716 1595; x_wconf 91' lang='lat' dir='ltr'>enim</span> <span class='ocrx_word' id='word_1_95' title='bbox 1750 1550 1854 1596; x_wconf 88' lang='lat' dir='ltr'>urbs</span> 
     </span>
     <span class='ocr_line' id='line_1_15' title="bbox 352 1629 1854 1686; baseline -0.001 -13"><span class='ocrx_word' id='word_1_96' title='bbox 352 1631 541 1674; x_wconf 83' lang='lat' dir='ltr'>abundat</span> <span class='ocrx_word' id='word_1_97' title='bbox 587 1630 716 1673; x_wconf 89' lang='lat' dir='ltr'>rebus</span> <span class='ocrx_word' id='word_1_98' title='bbox 757 1643 867 1686; x_wconf 87' lang='lat' dir='ltr'>quae</span> <span class='ocrx_word' id='word_1_99' title='bbox 910 1634 1057 1685; x_wconf 77' lang='lat' dir='ltr'>poetae</span> <span class='ocrx_word' id='word_1_100' title='bbox 1098 1633 1297 1684; x_wconf 83' lang='lat' dir='ltr'>mentem,</span> <span class='ocrx_word' id='word_1_101' title='bbox 1330 1629 1367 1672; x_wconf 92' lang='lat' dir='ltr'>si</span> <span class='ocrx_word' id='word_1_102' title='bbox 1397 1642 1485 1672; x_wconf 91' lang='lat' dir='ltr'>non</span> <span class='ocrx_word' id='word_1_103' title='bbox 1518 1641 1680 1684; x_wconf 83' lang='lat' dir='ltr'>sanare,</span> <span class='ocrx_word' id='word_1_104' title='bbox 1710 1632 1854 1671; x_wconf 87' lang='lat' dir='ltr'>tamen</span> 
     </span>
     <span class='ocr_line' id='line_1_16' title="bbox 351 1706 1854 1763; baseline -0.001 -13"><span class='ocrx_word' id='word_1_105' title='bbox 351 1708 495 1763; x_wconf 87' lang='lat' dir='ltr'>aliquo</span> <span class='ocrx_word' id='word_1_106' title='bbox 531 1707 720 1750; x_wconf 90' lang='lat' dir='ltr'>mulcere</span> <span class='ocrx_word' id='word_1_107' title='bbox 750 1708 917 1763; x_wconf 86' lang='lat' dir='ltr'>possint</span> <span class='ocrx_word' id='word_1_108' title='bbox 949 1707 1110 1750; x_wconf 89' lang='lat' dir='ltr'>solatio.</span> <span class='ocrx_word' id='word_1_109' title='bbox 1143 1706 1226 1750; x_wconf 83' lang='lat' dir='ltr'>Sed</span> <span class='ocrx_word' id='word_1_110' title='bbox 1261 1720 1389 1763; x_wconf 86' lang='lat' dir='ltr'>quam</span> <span class='ocrx_word' id='word_1_111' title='bbox 1417 1707 1574 1762; x_wconf 85' lang='lat' dir='ltr'>exigua</span> <span class='ocrx_word' id='word_1_112' title='bbox 1600 1718 1676 1762; x_wconf 90' lang='lat' dir='ltr'>spe</span> <span class='ocrx_word' id='word_1_113' title='bbox 1691 1718 1854 1748; x_wconf 82' lang='lat' dir='ltr'>novum</span> 
     </span>
     <span class='ocr_line' id='line_1_17' title="bbox 353 1783 1744 1839; baseline -0.001 -13"><span class='ocrx_word' id='word_1_114' title='bbox 353 1786 486 1826; x_wconf 88' lang='lat' dir='ltr'>tentet</span> <span class='ocrx_word' id='word_1_115' title='bbox 517 1783 752 1826; x_wconf 90' lang='lat' dir='ltr'>remedium</span> <span class='ocrx_word' id='word_1_116' title='bbox 788 1784 854 1826; x_wconf 90' lang='lat' dir='ltr'>his</span> <span class='ocrx_word' id='word_1_117' title='bbox 887 1787 1067 1826; x_wconf 86' lang='lat' dir='ltr'>testatur</span> <span class='ocrx_word' id='word_1_118' title='bbox 1099 1783 1297 1827; x_wconf 86' lang='lat' dir='ltr'>versibus</span> <span class='ocrx_word' id='word_1_119' title='bbox 1328 1783 1418 1838; x_wconf 92' lang='lat' dir='ltr'>(IV,</span> <span class='ocrx_word' id='word_1_120' title='bbox 1452 1783 1520 1839; x_wconf 88' lang='lat'>21,</span> <span class='ocrx_word' id='word_1_121' title='bbox 1554 1783 1611 1825; x_wconf 89' lang='lat'>34</span> <span class='ocrx_word' id='word_1_122' title='bbox 1641 1783 1744 1838; x_wconf 85' lang='lat' dir='ltr'>sq.):</span> 
     </span>
    </p>
   </div>
   <div class='ocr_carea' id='block_1_7' title="bbox 532 1847 2030 1950">
    <p class='ocr_par' dir='ltr' id='par_1_7' title="bbox 532 1847 2030 1950">
     <span class='ocr_line' id='line_1_18' title="bbox 1716 1847 1984 1882; baseline -0.015 -2"><span class='ocrx_word' id='word_1_123' title='bbox 1716 1854 1730 1880; x_wconf 77' lang='lat' dir='ltr'><em>f</em></span> <span class='ocrx_word' id='word_1_124' title='bbox 1825 1847 1878 1871; x_wconf 63' lang='lat'>&lt;1</span> <span class='ocrx_word' id='word_1_125' title='bbox 1921 1866 1984 1882; x_wconf 73' lang='lat'>,.„.</span> 
     </span>
     <span class='ocr_line' id='line_1_19' title="bbox 532 1863 2030 1950; baseline -0.01 -14"><span class='ocrx_word' id='word_1_126' title='bbox 532 1892 618 1936; x_wconf 88' lang='lat' dir='ltr'>Seu</span> <span class='ocrx_word' id='word_1_127' title='bbox 651 1894 817 1948; x_wconf 85' lang='lat' dir='ltr'>moriar,</span> <span class='ocrx_word' id='word_1_128' title='bbox 847 1893 946 1948; x_wconf 87' lang='lat' dir='ltr'>fato,</span> <span class='ocrx_word' id='word_1_129' title='bbox 977 1907 1065 1936; x_wconf 91' lang='lat' dir='ltr'>non</span> <span class='ocrx_word' id='word_1_130' title='bbox 1096 1895 1211 1950; x_wconf 88' lang='lat' dir='ltr'>turpi</span> <span class='ocrx_word' id='word_1_131' title='bbox 1242 1893 1402 1936; x_wconf 87' lang='lat' dir='ltr'>fractus</span> <span class='ocrx_word' id='word_1_132' title='bbox 1434 1905 1590 1948; x_wconf 85' lang='lat' dir='ltr'>amore,</span> <span class='ocrx_word' id='word_1_133' title='bbox 1646 1863 1895 1948; x_wconf 41' lang='lat' dir='ltr'>&#39;‘ww&#39;‘fsj</span> <span class='ocrx_word' id='word_1_134' title='bbox 1944 1907 1955 1929; x_wconf 62' lang='lat'>,=</span> <span class='ocrx_word' id='word_1_135' title='bbox 1979 1906 2030 1922; x_wconf 54' lang='grc' dir='ltr'>ω</span> 
     </span>
    </p>
   </div>
   <div class='ocr_carea' id='block_1_8' title="bbox 592 1969 1617 2025">
    <p class='ocr_par' dir='ltr' id='par_1_8' title="bbox 592 1969 1617 2025">
     <span class='ocr_line' id='line_1_20' title="bbox 592 1969 1617 2025; baseline 0.001 -14"><span class='ocrx_word' id='word_1_136' title='bbox 592 1970 738 2025; x_wconf 89' lang='lat' dir='ltr'>Atque</span> <span class='ocrx_word' id='word_1_137' title='bbox 768 1970 848 2012; x_wconf 87' lang='lat' dir='ltr'>erit</span> <span class='ocrx_word' id='word_1_138' title='bbox 879 1970 952 2012; x_wconf 90' lang='lat' dir='ltr'>illa</span> <span class='ocrx_word' id='word_1_139' title='bbox 983 1971 1088 2012; x_wconf 88' lang='lat' dir='ltr'>mihi</span> <span class='ocrx_word' id='word_1_140' title='bbox 1119 1971 1271 2012; x_wconf 88' lang='lat' dir='ltr'>mortis</span> <span class='ocrx_word' id='word_1_141' title='bbox 1302 1970 1484 2012; x_wconf 86' lang='lat' dir='ltr'>honesta</span> <span class='ocrx_word' id='word_1_142' title='bbox 1516 1969 1617 2012; x_wconf 87' lang='lat' dir='ltr'>dies.</span> 
     </span>
    </p>
   </div>
   <div class='ocr_carea' id='block_1_9' title="bbox 356 2085 1858 2218">
    <p class='ocr_par' dir='ltr' id='par_1_9' title="bbox 356 2085 1858 2218">
     <span class='ocr_line' id='line_1_21' title="bbox 414 2085 1852 2143; baseline 0 -15"><span class='ocrx_word' id='word_1_143' title='bbox 414 2085 469 2128; x_wconf 91' lang='lat' dir='ltr'>Et</span> <span class='ocrx_word' id='word_1_144' title='bbox 500 2088 674 2129; x_wconf 90' lang='lat' dir='ltr'>omnino</span> <span class='ocrx_word' id='word_1_145' title='bbox 706 2088 845 2129; x_wconf 86' lang='lat' dir='ltr'>invisa</span> <span class='ocrx_word' id='word_1_146' title='bbox 871 2099 938 2129; x_wconf 89' lang='lat' dir='ltr'>res</span> <span class='ocrx_word' id='word_1_147' title='bbox 965 2088 1101 2143; x_wconf 78' lang='lat' dir='ltr'>poetis</span> <span class='ocrx_word' id='word_1_148' title='bbox 1127 2086 1332 2129; x_wconf 86' lang='lat' dir='ltr'>Romanis</span> <span class='ocrx_word' id='word_1_149' title='bbox 1350 2090 1453 2129; x_wconf 88' lang='lat' dir='ltr'>sunt</span> <span class='ocrx_word' id='word_1_150' title='bbox 1469 2086 1852 2142; x_wconf 86' lang='lat' dir='ltr'>peregrinationes:</span> 
     </span>
     <span class='ocr_line' id='line_1_22' title="bbox 356 2162 1858 2218; baseline 0 -13"><span class='ocrx_word' id='word_1_151' title='bbox 356 2162 505 2205; x_wconf 92' lang='lat' dir='ltr'>urbem</span> <span class='ocrx_word' id='word_1_152' title='bbox 552 2162 732 2205; x_wconf 86' lang='lat' dir='ltr'>Romam</span> <span class='ocrx_word' id='word_1_153' title='bbox 775 2167 929 2218; x_wconf 88' lang='lat' dir='ltr'>amant,</span> <span class='ocrx_word' id='word_1_154' title='bbox 974 2163 1034 2205; x_wconf 93' lang='lat' dir='ltr'>ibi</span> <span class='ocrx_word' id='word_1_155' title='bbox 1066 2177 1215 2206; x_wconf 84' lang='lat' dir='ltr'>revera</span> <span class='ocrx_word' id='word_1_156' title='bbox 1248 2163 1329 2206; x_wconf 91' lang='lat' dir='ltr'>sibi</span> <span class='ocrx_word' id='word_1_157' title='bbox 1362 2164 1506 2206; x_wconf 86' lang='lat' dir='ltr'>vivere</span> <span class='ocrx_word' id='word_1_158' title='bbox 1538 2163 1752 2218; x_wconf 88' lang='lat' dir='ltr'>videntur,</span> <span class='ocrx_word' id='word_1_159' title='bbox 1782 2162 1858 2205; x_wconf 82' lang='lat' dir='ltr'>illa</span> 
     </span>
    </p>
   </div>
   <div class='ocr_carea' id='block_1_10' title="bbox 218 2237 1858 2307">
    <p class='ocr_par' dir='ltr' id='par_1_10' title="bbox 218 2237 1858 2307">
     <span class='ocr_line' id='line_1_23' title="bbox 218 2237 1858 2307; baseline 0.001 -27"><span class='ocrx_word' id='word_1_160' title='bbox 218 2300 221 2307; x_wconf 25' lang='lat' dir='ltr'><em>V</em></span> <span class='ocrx_word' id='word_1_161' title='bbox 279 2261 301 2274; x_wconf 74' lang='lat'>-.</span> <span class='ocrx_word' id='word_1_162' title='bbox 355 2239 501 2282; x_wconf 88' lang='lat' dir='ltr'>relicta</span> <span class='ocrx_word' id='word_1_163' title='bbox 548 2243 681 2281; x_wconf 88' lang='lat' dir='ltr'>semet</span> <span class='ocrx_word' id='word_1_164' title='bbox 727 2240 843 2295; x_wconf 88' lang='lat' dir='ltr'>ipsos</span> <span class='ocrx_word' id='word_1_165' title='bbox 886 2243 1109 2295; x_wconf 85' lang='lat' dir='ltr'>quaerunt.</span> <span class='ocrx_word' id='word_1_166' title='bbox 1143 2238 1268 2290; x_wconf 86' lang='lat' dir='ltr'>Quod</span> <span class='ocrx_word' id='word_1_167' title='bbox 1300 2239 1430 2282; x_wconf 89' lang='lat' dir='ltr'>semel</span> <span class='ocrx_word' id='word_1_168' title='bbox 1462 2238 1711 2282; x_wconf 84' lang='lat' dir='ltr'>observasse</span> <span class='ocrx_word' id='word_1_169' title='bbox 1742 2237 1858 2281; x_wconf 83' lang='lat' dir='ltr'>haud</span> 
     </span>
    </p>
   </div>
   <div class='ocr_carea' id='block_1_11' title="bbox 356 2315 1859 2448">
    <p class='ocr_par' dir='ltr' id='par_1_11' title="bbox 356 2315 1859 2448">
     <span class='ocr_line' id='line_1_24' title="bbox 356 2315 1859 2372; baseline 0.001 -15"><span class='ocrx_word' id='word_1_170' title='bbox 356 2315 509 2358; x_wconf 90' lang='lat' dir='ltr'>inutile</span> <span class='ocrx_word' id='word_1_171' title='bbox 539 2315 719 2358; x_wconf 86' lang='lat' dir='ltr'>videtur.</span> <span class='ocrx_word' id='word_1_172' title='bbox 751 2316 900 2372; x_wconf 90' lang='lat' dir='ltr'>Nuper</span> <span class='ocrx_word' id='word_1_173' title='bbox 931 2318 1043 2359; x_wconf 91' lang='lat' dir='ltr'>enim</span> <span class='ocrx_word' id='word_1_174' title='bbox 1071 2317 1318 2360; x_wconf 83' lang='lat' dir='ltr'>Theodorus</span> <span class='ocrx_word' id='word_1_175' title='bbox 1346 2316 1640 2359; x_wconf 86' lang='lat' dir='ltr'>Mommsenus</span> <span class='ocrx_word' id='word_1_176' title='bbox 1669 2316 1859 2359; x_wconf 88' lang='lat' dir='ltr'>oratione</span> 
     </span>
     <span class='ocr_line' id='line_1_25' title="bbox 359 2391 1859 2448; baseline 0.001 -16"><span class='ocrx_word' id='word_1_177' title='bbox 359 2391 541 2446; x_wconf 90' lang='lat' dir='ltr'>quadam</span> <span class='ocrx_word' id='word_1_178' title='bbox 592 2391 750 2444; x_wconf 85' lang='lat' dir='ltr'>(habita</span> <span class='ocrx_word' id='word_1_179' title='bbox 790 2392 864 2434; x_wconf 89' lang='lat' dir='ltr'>illa</span> <span class='ocrx_word' id='word_1_180' title='bbox 904 2396 967 2435; x_wconf 88' lang='lat' dir='ltr'>est</span> <span class='ocrx_word' id='word_1_181' title='bbox 1010 2393 1201 2436; x_wconf 84' lang='lat' dir='ltr'>Berolini</span> <span class='ocrx_word' id='word_1_182' title='bbox 1242 2393 1296 2434; x_wconf 83' lang='lat'>27</span> <span class='ocrx_word' id='word_1_183' title='bbox 1332 2392 1427 2435; x_wconf 88' lang='lat' dir='ltr'>Jan.</span> <span class='ocrx_word' id='word_1_184' title='bbox 1464 2393 1592 2447; x_wconf 87' lang='lat'>1889)</span> <span class='ocrx_word' id='word_1_185' title='bbox 1636 2404 1746 2448; x_wconf 83' lang='lat' dir='ltr'>quae</span> <span class='ocrx_word' id='word_1_186' title='bbox 1775 2391 1859 2434; x_wconf 89' lang='lat' dir='ltr'>loci</span> 
     </span>
    </p>
   </div>
   <div class='ocr_carea' id='block_1_12' title="bbox 237 2459 1857 2526">
    <p class='ocr_par' dir='ltr' id='par_1_12' title="bbox 237 2459 1857 2526">
     <span class='ocr_line' id='line_1_26' title="bbox 237 2459 1857 2526; baseline 0 -15"><span class='ocrx_word' id='word_1_187' title='bbox 237 2459 288 2516; x_wconf 46' lang='lat' dir='ltr'>,5ss</span> <span class='ocrx_word' id='word_1_188' title='bbox 357 2466 580 2509; x_wconf 89' lang='lat' dir='ltr'>Horatiani</span> <span class='ocrx_word' id='word_1_189' title='bbox 622 2468 701 2523; x_wconf 84' lang='lat'>111,</span> <span class='ocrx_word' id='word_1_190' title='bbox 729 2463 779 2523; x_wconf 66' lang='lat'>3,</span> <span class='ocrx_word' id='word_1_191' title='bbox 813 2469 866 2510; x_wconf 84' lang='lat'>57</span> <span class='ocrx_word' id='word_1_192' title='bbox 902 2482 992 2525; x_wconf 91' lang='lat' dir='ltr'>sqq.</span> <span class='ocrx_word' id='word_1_193' title='bbox 1037 2482 1136 2512; x_wconf 87' lang='lat' dir='ltr'>vera</span> <span class='ocrx_word' id='word_1_194' title='bbox 1178 2473 1290 2512; x_wconf 87' lang='lat' dir='ltr'>esset</span> <span class='ocrx_word' id='word_1_195' title='bbox 1331 2471 1397 2512; x_wconf 86' lang='lat' dir='ltr'>vis</span> <span class='ocrx_word' id='word_1_196' title='bbox 1429 2470 1599 2526; x_wconf 87' lang='lat' dir='ltr'>egregie</span> <span class='ocrx_word' id='word_1_197' title='bbox 1631 2469 1857 2525; x_wconf 78' lang='lat' dir='ltr'>exposuit3</span> 
     </span>
    </p>
   </div>
   <div class='ocr_carea' id='block_1_13' title="bbox 359 2545 1858 2682">
    <p class='ocr_par' dir='ltr' id='par_1_13' title="bbox 359 2545 1858 2682">
     <span class='ocr_line' id='line_1_27' title="bbox 359 2545 1858 2602; baseline 0.002 -17"><span class='ocrx_word' id='word_1_198' title='bbox 359 2546 620 2599; x_wconf 83' lang='lat' dir='ltr'>argumentis</span> <span class='ocrx_word' id='word_1_199' title='bbox 652 2546 766 2587; x_wconf 90' lang='lat' dir='ltr'>enim</span> <span class='ocrx_word' id='word_1_200' title='bbox 798 2559 954 2602; x_wconf 87' lang='lat' dir='ltr'>magno</span> <span class='ocrx_word' id='word_1_201' title='bbox 983 2548 1179 2589; x_wconf 84' lang='lat' dir='ltr'>acumine</span> <span class='ocrx_word' id='word_1_202' title='bbox 1206 2559 1446 2602; x_wconf 90' lang='lat' dir='ltr'>magnaque</span> <span class='ocrx_word' id='word_1_203' title='bbox 1474 2546 1664 2588; x_wconf 88' lang='lat' dir='ltr'>doctrina</span> <span class='ocrx_word' id='word_1_204' title='bbox 1693 2545 1858 2588; x_wconf 85' lang='lat' dir='ltr'>collatis</span> 
     </span>
     <span class='ocr_line' id='line_1_28' title="bbox 361 2617 1857 2682; baseline 0.002 -22"><span class='ocrx_word' id='word_1_205' title='bbox 361 2619 664 2662; x_wconf 83' lang='lat' dir='ltr'>demonstravit</span> <span class='ocrx_word' id='word_1_206' title='bbox 709 2622 794 2663; x_wconf 88' lang='lat' dir='ltr'>iam</span> <span class='ocrx_word' id='word_1_207' title='bbox 840 2623 1089 2677; x_wconf 90' lang='lat' dir='ltr'>Augustum</span> <span class='ocrx_word' id='word_1_208' title='bbox 1139 2623 1190 2665; x_wconf 93' lang='lat' dir='ltr'>de</span> <span class='ocrx_word' id='word_1_209' title='bbox 1238 2623 1337 2665; x_wconf 91' lang='lat' dir='ltr'>sede</span> <span class='ocrx_word' id='word_1_210' title='bbox 1382 2623 1550 2682; x_wconf 68' lang='lat' dir='ltr'>imperii</span> <span class='ocrx_word' id='word_1_211' title='bbox 1590 2617 1769 2664; x_wconf 83' lang='lat' dir='ltr'>Romani</span> <span class='ocrx_word' id='word_1_212' title='bbox 1812 2622 1857 2663; x_wconf 92' lang='lat' dir='ltr'>in</span> 
     </span>
    </p>
   </div>
   <div class='ocr_carea' id='block_1_14' title="bbox 1278 2670 1378 2686">
    <p class='ocr_par' dir='ltr' id='par_1_14' title="bbox 1278 2670 1378 2686">
     <span class='ocr_line' id='line_1_29' title="bbox 1278 2670 1378 2686; baseline 0 -9"><span class='ocrx_word' id='word_1_213' title='bbox 1278 2670 1378 2686; x_wconf 39' lang='grc' dir='ltr'><em>β</em></span> 
     </span>
    </p>
   </div>
   <div class='ocr_carea' id='block_1_15' title="bbox 361 2693 1860 2829">
    <p class='ocr_par' dir='ltr' id='par_1_15' title="bbox 361 2693 1860 2829">
     <span class='ocr_line' id='line_1_30' title="bbox 362 2693 1860 2752; baseline 0.003 -17"><span class='ocrx_word' id='word_1_214' title='bbox 362 2693 589 2750; x_wconf 91' lang='lat' dir='ltr'>Orientem,</span> <span class='ocrx_word' id='word_1_215' title='bbox 636 2709 726 2739; x_wconf 76' lang='lat' dir='ltr'>swe</span> <span class='ocrx_word' id='word_1_216' title='bbox 772 2697 952 2751; x_wconf 87' lang='lat' dir='ltr'>Troiam,</span> <span class='ocrx_word' id='word_1_217' title='bbox 992 2699 1083 2741; x_wconf 88' lang='lat' dir='ltr'>sive</span> <span class='ocrx_word' id='word_1_218' title='bbox 1125 2700 1170 2740; x_wconf 91' lang='lat' dir='ltr'>in</span> <span class='ocrx_word' id='word_1_219' title='bbox 1211 2699 1337 2741; x_wconf 86' lang='lat' dir='ltr'>aliam</span> <span class='ocrx_word' id='word_1_220' title='bbox 1371 2698 1533 2752; x_wconf 90' lang='lat' dir='ltr'>urbem,</span> <span class='ocrx_word' id='word_1_221' title='bbox 1565 2697 1860 2751; x_wconf 57' lang='lat' dir='ltr'>transferenda</span> 
     </span>
     <span class='ocr_line' id='line_1_31' title="bbox 361 2771 1860 2829; baseline 0.003 -18"><span class='ocrx_word' id='word_1_222' title='bbox 361 2772 578 2825; x_wconf 85' lang='lat' dir='ltr'>cogitasse.</span> <span class='ocrx_word' id='word_1_223' title='bbox 622 2771 748 2814; x_wconf 88' lang='lat' dir='ltr'>Nunc</span> <span class='ocrx_word' id='word_1_224' title='bbox 791 2773 964 2815; x_wconf 91' lang='lat' dir='ltr'>demum</span> <span class='ocrx_word' id='word_1_225' title='bbox 1010 2774 1114 2829; x_wconf 92' lang='lat' dir='ltr'>quid</span> <span class='ocrx_word' id='word_1_226' title='bbox 1147 2774 1228 2817; x_wconf 90' lang='lat' dir='ltr'>sibi</span> <span class='ocrx_word' id='word_1_227' title='bbox 1258 2775 1330 2817; x_wconf 85' lang='lat' dir='ltr'>illa</span> <span class='ocrx_word' id='word_1_228' title='bbox 1365 2775 1546 2828; x_wconf 62' lang='lat' dir='ltr'>Iunonis</span> <span class='ocrx_word' id='word_1_229' title='bbox 1577 2774 1679 2816; x_wconf 86' lang='lat' dir='ltr'>velit</span> <span class='ocrx_word' id='word_1_230' title='bbox 1711 2774 1860 2829; x_wconf 58' lang='lat' dir='ltr'>[atici-</span> 
     </span>
    </p>
   </div>
   <div class='ocr_carea' id='block_1_16' title="bbox 1354 2827 1452 2841">
    <p class='ocr_par' dir='ltr' id='par_1_16' title="bbox 1354 2827 1452 2841">
     <span class='ocr_line' id='line_1_32' title="bbox 1354 2827 1452 2841; baseline 0 -8"><span class='ocrx_word' id='word_1_231' title='bbox 1354 2827 1452 2841; x_wconf 43' lang='lat' dir='ltr'>‘A&#39;</span> 
     </span>
    </p>
   </div>
   <div class='ocr_carea' id='block_1_17' title="bbox 362 2847 1855 2907">
    <p class='ocr_par' dir='ltr' id='par_1_17' title="bbox 362 2847 1855 2907">
     <span class='ocr_line' id='line_1_33' title="bbox 362 2847 1855 2907; baseline 0.004 -21"><span class='ocrx_word' id='word_1_232' title='bbox 362 2847 474 2887; x_wconf 87' lang='lat' dir='ltr'>natio</span> <span class='ocrx_word' id='word_1_233' title='bbox 522 2847 810 2903; x_wconf 86' lang='lat' dir='ltr'>intelligimus.</span> <span class='ocrx_word' id='word_1_234' title='bbox 857 2849 1080 2906; x_wconf 86' lang='lat' dir='ltr'>Simulque</span> <span class='ocrx_word' id='word_1_235' title='bbox 1124 2852 1192 2892; x_wconf 84' lang='lat' dir='ltr'>vir</span> <span class='ocrx_word' id='word_1_236' title='bbox 1233 2853 1431 2907; x_wconf 88' lang='lat' dir='ltr'>egregius</span> <span class='ocrx_word' id='word_1_237' title='bbox 1466 2865 1491 2893; x_wconf 88' lang='lat' dir='ltr'>a</span> <span class='ocrx_word' id='word_1_238' title='bbox 1525 2850 1855 2893; x_wconf 86' lang='lat' dir='ltr'>Wilamowitzio</span> 
     </span>
    </p>
   </div>
  </div>
 </body>
</html>
