2034 3334
942 377 997 419 65

218 509 340 548 extra
370 504 479 547 fines
510 505 549 547 ei
580 505 742 560 positos
774 503 983 560 vagatur'’
1017 504 1099 545 viri
1131 503 1244 546 docti
1271 503 1402 545 aiunt.
1437 501 1575 556 „Quia
1590 505 1724 545 metro

217 580 522 624 conveniebat'’
567 580 796 623 dicendum
839 584 940 623 erat.
990 579 1129 622 Ceae
1169 582 1455 622 retractes
1497 592 1727 622 munera

216 659 465 701 naeniae.
497 655 644 711 Docte,
677 656 831 711 hercle,
863 657 1025 699 dictum
1058 656 1139 699 hoc
1170 659 1235 699 est
1265 659 1307 698 et
1337 657 1397 698 ita
1429 659 1478 698 ut
1504 656 1580 698 vix
1609 655 1725 711 quis-

218 749 347 791 quam
406 734 651 790 aequalium
711 733 815 790 quid
867 733 950 776 sibi
995 733 1124 776 vellet
1170 735 1294 788 poeta
1342 732 1482 775 dicere
1527 733 1724 788 potuerit.

217 811 414 855 Meliores
447 824 596 854 versus
626 810 766 854 facere
799 814 962 867 poterat
993 809 1331 865 Peerlkampius‚
1364 809 1440 865 qui
1473 809 1724 851 coniecerit:

217 886 301 930 Cea
342 891 546 931 retractes
578 887 758 930 vulnera
790 878 966 939 naeni53
1001 885 1075 929 sed
1108 898 1158 928 ea
1188 885 1435 928 coniectura
1468 885 1604 941 ipsius
1635 884 1726 927 Ho-

216 965 326 1019 ratii,
367 977 454 1007 non
495 964 656 1006 indocti
700 962 863 1006 scribae
894 975 1079 1005 errorem
1113 962 1310 1005 correxit.
1343 960 1597 1004 Dionaeo
1629 964 1725 1018 apte

218 1053 370 1084 versus
400 1041 599 1083 lacunam
630 1039 779 1095 implet
812 1039 886 1082 sed
918 1052 1017 1082 cum
1051 1039 1301 1082 sententiae·
1321 1039 1588 1082 detrimento.

277 1190 358 1233 His
406 1190 559 1233 addam
601 1190 810 1233 nonnulla
852 1190 904 1233 de
944 1190 1132 1233 carmine
1160 1189 1347 1246 quodam
1375 1189 1473 1232 libri
1507 1190 1648 1249 Q
1682 1193 1724 1232 et

218 1268 280 1310 sic
319 1268 396 1310 toti
432 1268 560 1323 capiti
590 1267 806 1323 imponam
837 1266 981 1309 finem.
1014 1265 1093 1309 Est
1125 1270 1266 1309 autem
1301 1279 1472 1309 carmen
1507 1270 1722 1322 quartum.

281 1342 488 1398 „Rhaeti”
520 1346 644 1399 poeta
676 1343 735 1385 ait
770 1346 838 1397 „et
869 1342 1114 1386 Vindelici’'
1149 1343 1232 1396 (vel
1269 1342 1446 1407 „Rhaeti
1477 1342 1722 1386 Vindelici'’

218 1420 288 1463 vel
338 1419 579 1474 „Vindelici
622 1419 702 1462 sub
744 1419 930 1476 Alpibus
972 1418 1201 1463 Rhaetis’':
1236 1434 1368 1476 parva
1399 1421 1512 1463 enim
1544 1421 1647 1463 vitia
1679 1422 1725 1462 in

219 1497 298 1539 hoc
329 1497 501 1552 quidem
530 1497 717 1539 carmine
742 1510 892 1552 parum
920 1497 1110 1539 curanda
1137 1499 1304 1551 censeo)
1327 1496 1544 1551 „Drusum
1563 1497 1723 1540 bellum

218 1576 435 1629 gerentem
483 1573 686 1615 viderunt
730 1574 901 1616 iuvenis
943 1574 1110 1630 aquilae
1152 1574 1343 1617 leonisve
1387 1573 1561 1617 instar’'.
1604 1573 1722 1616 Haec

221 1650 396 1707 quidem
445 1651 658 1693 sententia
705 1651 931 1694 sanissima
977 1655 1053 1706 est,
1099 1651 1172 1694 sed
1213 1652 1436 1695 videamus
1479 1665 1564 1708 quo
1597 1652 1722 1694 modo

219 1728 360 1783 imago
408 1730 655 1770 exornetur.
701 1726 785 1769 Pro
827 1728 921 1783 ipso
962 1728 1193 1784 aquilae
1235 1729 1409 1771 nomine
1439 1731 1564 1784 poeta
1595 1728 1721 1770 dicit:

220 1804 547 1846 ministrum
578 1803 841 1846 fulminis
873 1803 1092 1859 alitem,
1123 1804 1282 1860 quibus
1309 1804 1451 1847 verbis
1478 1805 1723 1861 explicandi

217 1881 354 1936 gratia
386 1880 430 1922 hi
462 1880 684 1922 adduntur
717 1893 895 1923 versus:

518 1979 599 2022 Cui
628 1993 707 2023 rex
737 1979 927 2023 Deorum
959 1993 1141 2037 regnum
1172 1982 1219 2023 in
1250 1994 1351 2024 aves
1381 1994 1513 2036 vagas

579 2055 779 2099 Permisit
810 2060 1014 2113 expertus
1045 2057 1214 2100 fidelem

636 2132 830 2189 Iuppiter
858 2134 904 2176 in
937 2133 1185 2188 Ganymede
1221 2133 1335 2177 flavo

221 2247 330 2290 quos
385 2233 707 2291 Peerlkampius
757 2246 856 2278 cum
905 2236 1037 2279 altero
1083 2238 1301 2292 sequentis
1348 2237 1544 2293 strophae
1589 2250 1721 2280 versu

221 2311 422 2354 delendos
454 2315 599 2353 censet
630 2315 759 2367 atque
790 2313 850 2355 ita
883 2325 905 2355 e
938 2313 1106 2356 duabus
1140 2313 1324 2369 strophis
1356 2327 1488 2356 unam
1521 2313 1631 2355 facit.
1664 2314 1724 2356 At

221 2388 334 2430 enim
393 2401 522 2443 supra
575 2388 661 2430 iam
709 2388 1096 2432 demonstravimus
1143 2390 1339 2446 strophas
1390 2389 1722 2446 „explicativas”

219 2463 397 2507 Horatio
429 2477 517 2505 non
549 2463 830 2519 displicuisse.
860 2463 1067 2520 Compara
1093 2466 1196 2508 mihi
1214 2479 1366 2508 versus
1384 2479 1408 2508 a
1425 2465 1719 2522 Peerlkampio

220 2540 379 2583 deletos
410 2553 508 2582 cum
541 2540 607 2582 his
640 2552 663 2583 e
696 2539 807 2582 libro
841 2540 876 2595 Ι,
909 2541 989 2582 22;

519 2639 652 2690 Quale
683 2643 925 2695 portentum
961 2653 1101 2696 neque
1138 2641 1335 2684 militaris

518 2715 710 2759 Daunias
742 2716 839 2758 latis
873 2716 946 2758 alit
977 2717 1205 2760 aesculetis

518 2792 608 2835 Nec
638 2791 771 2834 Iubae
802 2791 931 2834 tellus
962 2797 1147 2848 generat,
1189 2793 1364 2836 leonum

637 2868 772 2911 Arida
805 2868 968 2925 nutrix,
