2034 3334
953 235 1038 279 124

191 360 262 405 Sic
306 358 535 403 Ehwaldus
578 358 679 403 edit.
723 358 836 413 Quid
875 358 992 402 istud
1035 362 1188 402 eentum
1218 359 1299 403 sibi
1331 358 1440 404 velit
1470 358 1625 419 rogas?
1655 358 1788 405 Adest

191 431 307 475 idem
334 435 401 474 et:
430 433 568 482 „trotz
594 430 709 474 ihrer
734 429 923 488 Menge''
949 433 1137 474 annotat.
1166 430 1287 483 Non,
1314 431 1478 489 opinor,
1505 434 1595 475 tam
1613 431 1790 477 obscuro

192 501 387 560 loquitur
417 501 613 545 Ovidius.
647 501 822 545 Rectius
854 499 1094 545 Merkelius
1124 505 1162 544 et
1192 501 1326 546 celeri.

252 648 341 693 826
368 663 429 706 sq.
476 649 683 700 „Procrin
714 638 898 692 meam’s
925 649 986 692 sic
1018 647 1234 706 Cephalus
1265 653 1408 693 narrat
1442 649 1577 701 „adiit
1608 648 1790 708 aliquis,

192 722 266 777 qui
299 720 429 764 verba
461 719 670 777 quaedam
700 734 820 772 mea,
854 734 877 764 θ
907 720 1063 777 quibus
1095 719 1288 764 effecerat
1317 720 1358 765 N
1358 722 1568 779 ympham
1600 720 1790 779 aliquam

193 805 218 835 a
248 805 319 835 me
350 792 509 843 amari,
543 792 584 834 ei
616 791 928 835 renuntiavit’'.
958 790 1079 835 'l'unc
1111 792 1172 835 sic
1202 805 1374 836 narrare
1405 794 1570 850 pergit:

377 860 562 906 Credula
592 876 660 906 res
691 876 812 906 amor
842 865 927 906 est:
961 863 1104 906 subito
1137 861 1325 920 collapsa
1354 862 1519 916 dolore,

374 933 435 976 Ut
468 934 578 976 mihi
609 937 820 987 narratur,
853 934 1007 978 cecidit
1038 933 1256 992 longoque
1287 935 1445 978 refecta

375 1004 584 1062 Tempore
614 1019 658 1049 se
689 1006 915 1058 miseram,
948 1020 992 1050 se
1023 1006 1102 1049 fati
1134 1005 1244 1049 dixit
1272 1007 1426 1067 iniqui.

193 1075 264 1119 Sic
295 1079 360 1119 est
391 1078 436 1119 in
468 1076 685 1120 codicibus
718 1080 761 1120 et
791 1078 851 1120 sic
883 1074 1028 1121 editur
1058 1077 1111 1120 ab
1142 1075 1362 1121 Ehwaldo.
1395 1077 1454 1120 At
1479 1076 1597 1120 istud
1621 1081 1668 1120 ut
1691 1076 1793 1120 mihi

190 1152 386 1190 narratur
427 1162 511 1205 quo
552 1148 786 1192 referamus
827 1149 1056 1192 nescimus.
1107 1147 1212 1202 Quis
1253 1148 1296 1191 id
1339 1146 1528 1206 Cephalo
1568 1146 1791 1193 narravit?

189 1220 341 1277 Ipsane
367 1218 650 1263 moribunda?
682 1220 741 1263 At
765 1233 918 1277 parum
946 1219 1026 1263 hoc
1052 1218 1266 1263 credibile.
1301 1219 1367 1262 An
1393 1223 1542 1277 postea
1567 1233 1791 1264 servorum

192 1289 376 1349 aliquis?
418 1291 477 1334 At
517 1305 678 1348 opusne
719 1294 810 1334 erat
853 1290 1066 1334 eiusmodi
1107 1291 1170 1334 rei
1201 1288 1381 1334 nuntio?
1411 1290 1562 1335 Nonne
1591 1290 1638 1334 id
1667 1289 1791 1335 facile

192 1362 275 1406 sibi
316 1363 459 1420 potuit
499 1365 597 1405 ante
638 1361 783 1405 oculos
826 1376 982 1419 ponere
1025 1360 1240 1419 Cephalus
1269 1359 1389 1419 ipse?
1419 1361 1541 1416 Quod
1570 1363 1793 1423 proposuit

195 1434 402 1478 Heinsius
450 1437 529 1486 „ut
575 1433 653 1476 sibi
700 1433 924 1477 narratur’'
974 1433 1190 1478 soloecum
1237 1433 1424 1486 videtur,
1471 1436 1538 1486 et,
1580 1434 1664 1477 nisi
1703 1437 1789 1487 est,

194 1509 339 1549 tamen
371 1504 497 1562 plane
523 1509 588 1548 est
614 1517 943 1562 supervacuum.
976 1504 1058 1548 Sed
1087 1529 1143 1537 —
1172 1518 1272 1548 nam
1298 1504 1378 1548 hoc
1403 1506 1789 1562 gravissimum-

198 1576 412 1633 „collapsa
454 1575 661 1620 cecidit”:
705 1578 801 1633 quis
842 1589 1035 1632 unquam
1075 1577 1134 1619 sic
1175 1579 1238 1618 est
1281 1574 1480 1619 locutus?
1522 1574 1615 1629 Quo
1645 1577 1788 1635 magis

191 1646 336 1690 locum
368 1646 649 1703 contemplor,
682 1661 732 1690 θο
765 1647 874 1689 mihi
906 1646 954 1689 fit
984 1647 1142 1690 certius
1173 1645 1379 1689 Ovidium
1411 1645 1598 1690 dedisse:

376 1716 560 1762 Credula
590 1731 657 1760 res
687 1730 807 1760 amor
838 1720 925 1760 est:
959 1716 1111 1760 cecidit
1141 1716 1356 1775 longoque
1387 1717 1543 1760 refecta

376 1786 585 1844 Tempore
615 1802 651 1830 θ.
669 1802 710 1844 q.
729 1802 761 1830 s.

193 1859 314 1913 Quod
346 1874 445 1902 cum
477 1858 607 1902 alicui
638 1860 768 1902 nimis
797 1858 910 1902 exile
941 1858 1173 1910 videretur,
1206 1860 1389 1916 priorem
1423 1872 1596 1902 versum
1629 1860 1690 1903 sic
1720 1873 1789 1903 ex-

193 1930 330 1987 plevit
370 1930 500 1973 subito
541 1930 719 1985 collapsa
750 1930 900 1982 dolore,
934 1934 977 1973 et
1008 1930 1192 1974 secundo
1224 1932 1359 1973 assuit
1392 1945 1582 1987 pannum
1613 1935 1659 1974 ut
1688 1930 1788 1973 mibi

189 2006 399 2053 narratur,
432 2015 560 2058 quem
591 2002 773 2059 putabat
803 2003 893 2045 sine
927 2001 1018 2045 ullo
1050 2001 1307 2045 detrimento
1338 2003 1452 2044 assui
1484 2015 1619 2058 posse.

252 2147 339 2191 836
372 2147 581 2205 Egredior
612 2146 850 2204 silvamque
883 2150 1006 2205 peto,
1037 2149 1259 2205 victorque
1290 2162 1366 2205 per
1394 2148 1546 2192 herbas

374 2219 521 2270 „Aura
551 2219 679 2262 veni''
712 2219 815 2262 dixi.

189 2290 308 2333 Vidit
346 2289 584 2333 Merkelius
625 2289 735 2332 nihil
775 2304 865 2333 esse
900 2305 980 2345 per
1017 2290 1158 2332 herbae
1189 2291 1272 2332 nisi
1303 2289 1478 2347 aliquod
1510 2291 1783 2348 participium

190 2361 404 2404 accederet
436 2375 622 2418 erg-oque
641 2376 859 2415 pererrans
883 2362 1128 2418 proposuit,
1157 2360 1389 2404 admodum
1414 2360 1656 2413 infeliciter,
1683 2374 1784 2404 nam

188 2431 334 2474 nullus
366 2436 542 2475 venator
574 2432 700 2474 vietor
731 2431 814 2474 dici
846 2433 935 2475 iam
967 2435 1108 2488 potest
1137 2445 1236 2474 cum
1254 2431 1394 2486 prima
1422 2433 1509 2474 luce
1531 2435 1593 2484 (v.
1611 2445 1674 2475 vs.
1694 2430 1782 2475 835

192 2503 395 2553 „Postera
423 2502 673 2559 depulerant
701 2503 890 2546 Aurorae
916 2502 1084 2545 lumina
1096 2502 1312 2554 noctem'')
1329 2502 1460 2546 silvas
1468 2507 1670 2557 pererrat,
1686 2516 1783 2555 non,

189 2572 327 2616 hercle
369 2573 570 2629 praedam
611 2578 831 2630 reportans
873 2573 945 2617 sed
988 2573 1187 2630 praedam
1223 2587 1427 2630 quaerens
1465 2575 1782 2631 vestigansque.

188 2643 388 2700 Suspicor
431 2645 639 2700 quaedam
676 2644 745 2687 hic
777 2644 982 2687 excidisse
1014 2648 1056 2687 θῖ
1087 2645 1147 2687 sic
1182 2644 1267 2687 fere
1300 2646 1517 2701 scripsisse
1552 2643 1781 2687 Ovidium:

369 2715 577 2770 Egredior
608 2715 848 2771 silvamque
879 2719 1002 2771 peto,
1034 2714 1273 2771 praedaque
1306 2717 1494 2772 potitus,

370 2784 485 2827 Dum
519 2790 677 2828 stratus
709 2786 848 2843 frigus
881 2790 1004 2843 capto
1035 2787 1314 2842 requiemque
1345 2799 1420 2842 per
1450 2785 1614 2828 herbas.
