2034 3334
971 222 1025 264 91

210 347 400 399 praestat
446 348 604 399 quanto
652 343 755 386 deus
802 346 944 400 quivis
992 343 1293 388 animalibus''.
1340 344 1464 387 Nunc
1504 343 1657 400 praeda
1699 356 1799 385 cum

205 414 372 470 praeda,
405 418 582 458 venator
613 429 711 457 cum
746 419 945 458 venatore
978 420 1260 472 comparatur,
1295 417 1551 469 rec-tissime;
1590 416 1634 456 in
1667 413 1799 457 Hein-

206 486 323 527 siana
353 486 417 527 bis
450 489 628 528 venator
660 500 759 528 cum
792 487 969 542 praeda,
1003 486 1114 542 quod
1147 489 1249 528 satis
1279 486 1526 529 absurdum.
1560 485 1675 527 Haec
1702 485 1796 527 ideo

205 557 376 612 scripsi,
410 570 461 599 ne
493 558 588 612 quis
621 557 797 613 posthac
830 559 874 599 in
908 557 1090 600 eundem
1115 557 1274 599 incidat
1301 571 1484 599 errorem
1509 558 1553 598 in
1581 570 1663 612 quo
1690 554 1796 598 olim

206 628 402 671 versabar
432 642 524 685 ego.

267 781 351 827 4¹71
381 798 443 840 sq.

202 853 375 907 (telum)
403 855 512 910 quod
537 855 638 897 facit
665 860 891 908 (amorem)
918 859 1117 898 auratum
1142 858 1206 898 est
1233 859 1274 897 et
1303 854 1476 910 cuspide
1496 853 1637 910 fulget
1654 855 1790 900 acuta,

399 925 521 978 Quod
548 926 672 982 fugat
696 927 899 968 obtusum
922 931 986 969 est
1003 931 1045 968 et
1060 927 1189 968 habet
1205 926 1284 968 sub
1301 925 1536 967 harundine
1552 924 1793 979 plumbum.

205 994 590 1052 Elegantissimum
623 997 864 1039 chiasmum
891 996 1128 1039 Merkelius
1155 1011 1232 1039 suo
1259 997 1458 1038 hamanum
1483 1000 1576 1051 (pro
1593 997 1794 1045 auratum)

204 1067 417 1122 corrupit:
451 1066 583 1109 altera
615 1069 773 1124 sagitta
799 1081 971 1110 auream
999 1081 1178 1123 eamque
1206 1075 1376 1109 acutam
1404 1067 1531 1108 habet
1558 1064 1791 1120 cuspidem,

203 1135 335 1179 altera
366 1137 613 1193 plumbeam
645 1152 824 1194 eamque
855 1139 1064 1181 obtusam.
1100 1130 1173 1181 'Sic
1205 1138 1402 1194 equidem
1435 1136 1661 1192 vulgatam
1693 1137 1795 1178 acci-

202 1207 402 1262 piendam
432 1221 604 1259 censeo,
638 1223 721 1251 non
754 1213 804 1250 ut
835 1210 987 1265 accipit
1017 1208 1260 1251 Ehwaldus.

266 1361 354 1405 474
381 1377 471 1419 sqq.

370 1433 587 1475 ‘Protinus
618 1433 725 1476 alter
755 1438 894 1486 amat,
928 1435 1043 1491 fugit
1073 1434 1206 1477 altera
1236 1448 1392 1477 nomen
1423 1419 1659 1483 amantiss

384 1502 601 1546 Silvarum
633 1505 818 1547 tenebris
849 1506 1199 1560 captivarumque
1232 1505 1419 1547 ferarum

385 1573 566 1616 Exuviis
597 1574 788 1631 gaudens
819 1577 1109 1631 innuptaeque
1140 1575 1310 1618 aemula
1343 1574 1547 1617 Phoebes.

385 1644 518 1686 Multi
548 1644 670 1687 illam
703 1647 881 1701 petiere,
913 1645 989 1688 illa
1021 1651 1216 1688 aversata
1248 1649 1439 1701 petentes
1471 1659 1507 1687 e.
1527 1659 1566 1700 q.
1585 1658 1617 1686 s.

203 1712 391 1770 Egregia
432 1714 534 1756 haec
574 1719 616 1757 et
656 1717 818 1770 optime
860 1717 1150 1765 cohaerentia,
1196 1715 1269 1758 sed
1311 1716 1524 1758 disturbat
1566 1716 1708 1756 omnia
1751 1717 1794 1756 et

203 1786 440 1839 corrumpit
471 1798 618 1827 versus
646 1788 719 1841 qui
747 1791 842 1841 post
869 1786 999 1828 illum
1026 1786 1180 1828 exuviis
1207 1800 1241 1828 e.
1262 1801 1300 1842 q.
1319 1801 1352 1828 s.
1380 1786 1501 1828 nobis
1529 1784 1793 1828 obtruditur:

385 1853 502 1897 Vitta
534 1856 750 1898 coercebat
782 1858 943 1912 positos
975 1858 1064 1899 sine
1094 1857 1192 1913 lege
1224 1855 1410 1912 capillos.

202 1923 298 1966 Non
345 1924 671 1976 intercederem,
719 1928 756 1967 si
802 1930 918 1968 totus
966 1928 1035 1969 hic
1078 1929 1305 1969 venatricis
1352 1926 1494 1969 cultus
1536 1930 1793 1980 ornatusque

206 1994 525 2044 describeretur,
573 1996 646 2038 sed
678 1997 808 2038 nimis
840 1996 962 2038 exilis
994 2011 1107 2039 unus
1139 1997 1213 2040 ille
1246 1997 1296 2039 de
1328 1996 1494 2051 capillis
1525 2010 1673 2039 versus
1705 1999 1792 2044 est,

204 2065 279 2119 qui
310 2078 422 2106 nunc
452 2064 643 2120 legentes
674 2067 844 2121 ingrate
877 2071 1080 2108 moratur.
1115 2066 1226 2118 Quin
1258 2068 1314 2108 sit
1346 2066 1548 2108 delendus
1575 2080 1623 2108 eo
1650 2067 1793 2107 minus

205 2133 354 2177 dubito
385 2135 496 2190 quod
529 2134 658 2177 codex
690 2135 739 2177 M
769 2150 870 2178 eum
901 2136 946 2177 in
977 2136 1154 2189 marqine
1184 2152 1209 2178 a
1238 2138 1410 2178 secunda
1439 2151 1558 2177 manu
1589 2135 1729 2177 habet.

269 2299 356 2343 500
382 2315 471 2356 sqq.
906 2302 1073 2345 Laudat
1105 2302 1346 2358 digitosque
1378 2315 1613 2356 manusque

387 2372 674 2428 Bracchiaque
707 2375 749 2414 et
779 2372 915 2414 nudos
946 2373 1087 2415 media
1118 2372 1216 2428 plus
1247 2378 1366 2428 parte
1399 2372 1598 2414 lacertos:

387 2442 509 2497 Siqua
540 2441 675 2484 latent
707 2441 885 2484 meliora
917 2446 1054 2498 putat.

205 2511 276 2554 Sic
319 2526 465 2554 omnes
508 2512 689 2563 codices,
723 2516 766 2554 at
797 2512 1086 2564 Quintilianus
1117 2528 1304 2569 quaeque,
1339 2513 1451 2569 quod
1483 2515 1607 2555 unice
1640 2527 1791 2555 verum

205 2581 398 2632 arbitror,
443 2596 525 2623 non
569 2584 683 2624 enim
725 2582 848 2624 video
891 2583 1101 2638 quomodo
1129 2583 1258 2638 siqua,
1294 2597 1376 2639 quo
1408 2583 1455 2625 fit
1488 2586 1538 2625 ut
1571 2583 1792 2625 dubitetur

205 2651 256 2693 de
288 2666 333 2694 re
365 2653 542 2694 minime
575 2652 725 2702 dubia,
761 2652 928 2694 defendi
961 2655 1105 2708 possit.

268 2803 381 2853 530,
779 2807 986 2860 auctaque
1018 2805 1152 2847 forma
1183 2805 1288 2861 fuga
1319 2809 1395 2848 est.

207 2873 319 2915 Mihi
350 2873 487 2921 multo
520 2875 741 2916 venustior
774 2874 944 2916 videtur
976 2874 1130 2917 codicis
1163 2892 1179 2916 ε
1213 2875 1339 2918 lectio
1372 2880 1490 2917 aucta
1512 2877 1625 2931 fuya
1644 2877 1790 2933 forma

208 2948 264 2985 est
307 2957 435 2999 quam
472 2949 513 2986 et
545 2953 570 2986 λ
603 2958 679 2986 suo
710 2949 828 2985 aucta
858 2944 926 2985 via
943 2945 1090 3000 forma
1121 2949 1179 2986 est
1211 2949 1420 2989 sustentat
1430 2960 1440 2998 ,·
1475 2946 1684 3003 particula
1715 2962 1788 3002 que
