2034 3334
1040 374 1128 413 188

359 508 423 536 vs.
473 498 543 537 30.
592 498 846 548 Pamphilus
892 497 1128 539 Charinum
1169 498 1252 539 sibi
1293 500 1457 550 gratias
1498 511 1625 551 agere
1664 502 1788 543 vetat
1827 501 1869 543 id

300 573 486 623 facienti,
520 574 631 623 quod
664 584 750 614 non
781 574 898 615 illius
929 575 1005 614 sed
1037 585 1116 615 sua
1148 586 1280 616 causa
1310 576 1453 628 faciat,
1487 577 1555 618 his
1587 577 1750 618 verbis:

418 650 518 699 Ego,
553 649 748 701 Charine,
782 651 1036 701 neutiquam
1064 651 1252 692 officium
1279 653 1401 693 liberi
1428 664 1524 694 esse
1550 653 1741 695 hominis
1765 655 1870 705 puto

418 725 526 766 Cum
558 726 595 765 is
627 726 734 766 nihil
765 729 1010 776 promereat
1041 728 1260 778 postulare
1292 729 1333 769 id
1365 729 1529 778 gratiae
1556 729 1712 780 apponi
1742 729 1838 771 sibi.

298 802 465 841 Ultima
496 802 712 852 Pamphili
744 803 875 843 verba
907 814 932 843 a
964 803 1207 844 Scholiasta
1227 805 1291 845 sic
1316 805 1574 845 redduntur:
1606 805 1727 856 „Non
1752 805 1870 847 enim

297 877 360 917 tui
403 888 534 917 causa
576 879 704 929 fugio,
739 879 862 929 quod,
895 879 1148 929 priusquam
1180 891 1252 920 me
1282 882 1464 931 peteres,
1498 881 1640 931 magis
1669 881 1870 923 nolebam

297 954 451 993 ducere
493 965 624 1003 quam
655 956 703 994 tu
736 955 899 1005 cupiS.”
932 955 1082 1005 Inepte
1114 966 1140 995 a
1171 956 1450 1006 compilatore
1481 956 1550 996 vel
1581 956 1723 998 scriba
1753 956 1870 998 istud

298 1030 501 1070 ducere
543 1031 737 1071 additum
780 1033 860 1081 est,
893 1043 977 1081 quo
1009 1033 1119 1082 quod
1152 1033 1196 1073 in
1227 1033 1482 1073 universum
1513 1033 1678 1074 dictum
1709 1034 1779 1074 est
1808 1033 1868 1074 in·

298 1107 557 1156 tempestive
589 1107 642 1147 ad
674 1109 949 1157 praesentem
981 1119 1132 1148 casum
1165 1109 1443 1149 convertitur.
1471 1109 1531 1149 Eo
1558 1109 1706 1149 autem
1732 1109 1869 1150 eiecto

297 1182 427 1222 verbo
468 1182 596 1222 lectio
637 1184 831 1223 nascitur
872 1195 982 1233 quae
1023 1186 1218 1234 praestat
1259 1185 1526 1236 Klotzianae,
1569 1185 1672 1225 lieet
1697 1186 1756 1226 >et
1795 1185 1871 1226 ina

297 1268 454 1297 sanum
481 1269 660 1299 sensum
687 1260 913 1310 praebeat;
942 1262 1010 1300 est
1037 1261 1153 1301 enim
1181 1262 1501 1315 huiuscemodi:
1533 1271 1645 1312 „non
1670 1261 1788 1301 enim
1804 1261 1869 1302 tui

297 1344 429 1373 causa
478 1335 595 1385 fugio
639 1346 811 1386 quam,
854 1337 1107 1386 priusquam
1149 1348 1221 1377 me
1261 1338 1443 1388 peteres,
1486 1337 1628 1387 magis
1668 1337 1869 1378 nolebam

296 1411 450 1450 ducere
481 1422 614 1460 quam
645 1413 693 1452 tu
725 1413 888 1463 cupis.”

357 1565 409 1614 II,
455 1566 494 1604 2.
536 1565 697 1604 Scenae
738 1565 818 1604 hoc
859 1566 1154 1615 praemittitur
1183 1566 1399 1606 scholion:
1436 1566 1581 1616 „Haec
1610 1575 1742 1606 seona
1771 1576 1866 1607 eon-

295 1641 442 1679 silium
486 1641 678 1680 continet
718 1651 1014 1692 personarum,
1059 1643 1112 1681 ad
1154 1652 1262 1691 quas
1303 1643 1497 1682 maxime
1527 1642 1716 1692 pertinet
1745 1652 1866 1692 argu·

295 1718 507 1756 mentum.
541 1717 594 1756 Et
624 1717 694 1756 hic
727 1719 796 1757 est
825 1717 957 1768 locus,
987 1718 1031 1757 in
1057 1729 1153 1767 quo,
1183 1719 1232 1757 ut
1257 1717 1349 1758 fieri
1376 1719 1498 1768 solet,
1528 1718 1702 1758 fortuna
1725 1718 1869 1759 mixta

295 1793 422 1832 rebus
464 1793 685 1843 dispositis
727 1804 910 1843 magnas
951 1794 1101 1833 turbas
1133 1794 1248 1834 dat.”
1283 1794 1402 1844 Quid,
1437 1795 1625 1844 obsecro,
1659 1795 1727 1834 est
1760 1794 1866 1845 „for-

295 1870 401 1908 tuna
443 1869 585 1908 mixta
626 1869 754 1908 rebus
796 1870 1081 1919 dispositis'’?
1121 1870 1283 1910 Verum
1326 1881 1401 1920 pro
1433 1870 1742 1920 dispositis
1772 1870 1867 1921 lege

296 1945 597 1984 emendatione
658 1945 884 1985 lenissima
945 1946 1294 1996 desperatiS,
1354 1946 1633 1996 aptissimum
1687 1945 1868 1986 habebis

294 2031 449 2060 scenae
491 2023 811 2071 argumentum.
855 2022 1081 2071 Pamphilo
1117 2033 1374 2072 persuasum
1407 2024 1475 2062 est
1505 2032 1553 2062 se
1584 2022 1784 2062 coactum
1814 2021 1867 2062 iri

294 2097 448 2136 ducere
489 2107 671 2136 uxorem
715 2108 846 2146 quam
886 2098 1068 2138 minime
1109 2099 1228 2149 velit,
1273 2098 1457 2138 Charino
1488 2098 1571 2138 sibi
1601 2097 1866 2138 invitissimo

294 2172 413 2212 illam
457 2173 597 2223 ipsam
640 2175 837 2223 ereptum
879 2174 943 2213 iri.
989 2174 1208 2224 Quomodo
1249 2175 1375 2214 triste
1416 2174 1520 2213 illud
1556 2174 1698 2214 fatum
1727 2173 1867 2224 fugiat

294 2250 445 2288 neuter
485 2249 625 2298 videt;
669 2250 788 2289 nulla
829 2251 918 2290 iam
950 2261 1050 2300 spes
1082 2252 1160 2300 est,
1196 2261 1295 2290 cum
1328 2250 1471 2290 subito
1502 2249 1649 2290 Davus
1680 2250 1866 2290 accurrit

293 2325 454 2364 laetam
482 2337 574 2365 rem
602 2327 820 2377 nuntians,
850 2327 923 2375 qui
950 2327 1128 2366 nuntius
1150 2336 1361 2366 novarum
1379 2326 1605 2365 turbarum
1621 2326 1704 2366 erit
1719 2335 1863 2366 causa.

294 2402 541 2440 Fortuna
573 2405 721 2441 autem
754 2402 798 2441 in
830 2403 993 2442 scholio
1025 2403 1069 2442 in
1101 2403 1327 2442 meliorem
1358 2403 1527 2451 partem
1559 2403 1628 2441 est
1657 2401 1864 2452 accipien-

293 2478 396 2516 dum
430 2478 621 2527 (laetitia,
655 2479 771 2518 laeta
802 2482 898 2525 res).

352 2553 411 2592 De
430 2564 558 2592 versu
592 2555 616 2593 2
637 2566 644 2592 :

412 2629 471 2667 Ut
489 2632 670 2679 metum,
691 2631 734 2669 in
752 2641 835 2679 quo
852 2641 966 2670 nunc
983 2632 1062 2680 est,
1083 2631 1286 2681 adimam,
1306 2632 1434 2679 atque
1451 2630 1651 2680 expleam
1667 2629 1864 2670 animum

1630 2705 1803 2755 [gaudio

293 2781 568 2819 observatur:
617 2783 789 2830 „ordine
830 2783 999 2822 locutus
1036 2784 1124 2822 est:
1159 2783 1277 2831 prius
1309 2782 1425 2822 enim
1457 2784 1625 2822 metum
1657 2780 1860 2830 adimere,

293 2857 353 2893 sic
382 2857 556 2894 demum
586 2858 739 2905 gaudio
767 2858 1042 2906 perfundere:
1062 2859 1131 2898 hic
1147 2859 1248 2897 ordo
1266 2858 1399 2897 etiam
1417 2858 1461 2896 in
1477 2858 1602 2896 laude
1619 2857 1860 2896 servatur.'’

294 2931 412 2980 Quid,
458 2943 628 2980 quaeso,
675 2933 829 2972 ultima
871 2935 999 2972 haec:
1042 2934 1133 2973 hic
1172 2956 1224 2962 -
1258 2935 1525 2973 servatur
1565 2933 1647 2973 sibi
1678 2931 1861 2973 volunt?

2027 1065 2034 1114 l

2027 1123 2034 1217 ἐ
