2034 3334
971 382 1051 420 165

187 505 195 508 ”
227 508 355 547 1110ᾱο
402 508 512 556 apud
559 507 666 546 alios
708 518 733 546 a
773 506 911 555 poetis
953 506 1129 545 nomina
1173 507 1486 555 componuntur
1517 506 1793 545 describenda

227 593 301 632 per
333 581 581 632 ἀντίφρασιν,
612 582 723 630 quod
755 581 952 630 designat
985 581 1012 619 S
1025 582 1078 620 to
1090 592 1112 620 r
1123 591 1148 619 a
1159 582 1231 620 X.''
1265 581 1370 620 Post
1402 581 1429 620 S
1441 582 1460 620 t
1471 591 1495 620 0
1507 592 1528 619 1
1540 591 1565 620 a
1575 592 1606 620 x
1634 582 1793 621 excidit

228 659 342 698 illius
374 658 563 698 nominis
595 658 824 707 explicatio
839 669 847 706 ;
882 658 907 696 d
921 668 942 696 e
956 667 976 695 8
990 668 1011 696 c
1023 668 1044 695 r
1055 657 1069 695 1
1081 657 1105 695 b
1119 667 1142 695 e
1153 668 1182 695 11
1193 657 1218 695 d
1231 667 1256 695 a
1282 658 1430 696 autem
1456 656 1525 696 hic
1551 656 1792 706 significare

228 734 353 773 debet
399 734 760 783 explicanda,
811 733 1166 782 accipienda,
1216 732 1662 781 interpretanda.
1711 733 1792 772 Pro

228 811 368 860 apud
425 811 475 849 al
491 811 575 849 ios
623 821 647 849 a
693 821 755 858 po
770 810 882 849 etis
940 809 1121 857 denique
1177 809 1406 857 legendum
1453 819 1606 847 censeo
1653 809 1792 857 apud

229 886 279 925 al
291 886 305 924 i
317 896 340 925 0
353 896 374 925 8
405 897 431 934 p
444 896 468 925 0
482 890 504 925 e
516 887 534 924 t
546 897 571 925 a
583 896 625 935 8,
663 886 773 933 quod
800 886 916 924 recte
943 885 1169 933 opponitur
1195 884 1466 933 praecedenti
1493 884 1547 923 in
1577 885 1635 923 Pl
1648 895 1673 924 a
1683 895 1711 923 u
1722 886 1742 923 t
1753 895 1790 924 o.

227 962 339 1000 Nata
394 963 542 1000 autem
590 961 830 1010 corruptela
879 971 900 1000 e
948 962 1130 999 duarum
1176 960 1411 999 lectionum
1459 970 1484 999 a
1494 971 1520 1009 p
1532 971 1560 999 u
1573 961 1598 999 d
1645 960 1695 999 al
1708 961 1757 1000 io
1770 971 1791 999 s

227 1038 426 1086 poetas
459 1039 502 1076 et
534 1037 595 1076 ab
628 1037 763 1076 aliis
795 1036 983 1086 poetis
1015 1036 1276 1075 confusione.

289 1114 327 1153 2.
371 1114 391 1151 Ι
403 1123 426 1152 0
438 1124 458 1152 r
471 1124 496 1152 a
507 1124 535 1151 n
546 1114 588 1159 t]
637 1143 653 1162 „
662 1113 865 1162 producte
907 1113 926 1150 I
966 1112 1307 1161 pronuntiando”
1340 1112 1474 1160 Lege:
1507 1123 1533 1161 p
1546 1123 1566 1151 r
1578 1123 1602 1151 0
1614 1123 1643 1151 11
1653 1123 1682 1151 u
1693 1123 1722 1151 n
1733 1113 1752 1152 t
1763 1113 1791 1151 i-

228 1199 254 1243 a
264 1199 293 1227 n
305 1189 330 1227 d
342 1199 370 1227 u
381 1199 439 1227 m.
1381 1233 1384 1237 .

289 1265 488 1312 Sequitur
502 1276 509 1303 :
558 1295 574 1314 „
583 1265 693 1313 quod
735 1275 814 1304 nos
856 1264 1000 1303 addita
1041 1275 1068 1302 v
1110 1264 1163 1302 iv
1177 1274 1198 1302 e
1210 1274 1231 1302 r
1243 1274 1268 1303 a
1279 1274 1308 1303 n
1319 1265 1338 1303 t
1369 1264 1552 1303 dicimus
1566 1276 1573 1303 :
1607 1264 1694 1304 tale
1726 1265 1794 1304 est

228 1341 331 1380 illud
362 1341 529 1389 Virgilii
543 1352 551 1379 :

451 1417 538 1456 Nos
572 1417 729 1455 abiisse
761 1416 845 1455 rati
876 1417 919 1455 et
949 1417 1079 1455 vento
1110 1416 1287 1465 petiisse
1319 1416 1563 1465 Mycenas.''

229 1493 348 1531 Bona
394 1493 628 1541 annotatio,
681 1503 812 1541 quam
859 1492 1152 1540 compilatoris
1198 1492 1386 1541 corrupit
1431 1491 1629 1531 stultitia.
1679 1492 1792 1531 Olim
1861 1480 1866 1484 ¹

229 1568 335 1607 haec
381 1568 601 1616 legebatur
642 1568 880 1607 sententia:
928 1567 1054 1616 „Sine
1095 1577 1123 1606 v
1164 1567 1289 1606 litera
1330 1568 1344 1605 1
1386 1567 1539 1616 corripi
1579 1567 1700 1618 solet,
1745 1569 1792 1607 ut

229 1644 339 1692 apud
371 1644 621 1693 Virgilium:
655 1654 733 1683 nos
765 1644 922 1683 abiisse
956 1654 990 1683 0.
1009 1654 1048 1692 q.
1067 1653 1115 1692 s.‚
1150 1644 1225 1682 sed
1257 1654 1356 1682 cum
1386 1654 1415 1682 v
1445 1644 1662 1692 produci.”

290 1721 328 1759 3.
363 1721 417 1759 Si
449 1721 604 1760 absis
635 1721 879 1769 uspiam]
918 1719 1133 1769 „abundat
1163 1719 1404 1768 uspiam,
1434 1720 1509 1758 aut
1535 1720 1656 1758 deest
1682 1730 1791 1768 pro-

229 1796 438 1846 fectus,
483 1798 558 1835 aut
597 1796 690 1835 ubi
730 1795 991 1844 uspiam.'’
1034 1795 1114 1834 Pro
1157 1796 1251 1834 aut
1282 1795 1373 1833 ubi
1403 1795 1622 1843 uspiam
1653 1795 1791 1844 legen-

231 1872 355 1910 dum:
405 1873 499 1910 aut
544 1872 764 1920 uspiam
809 1871 901 1910 ubi
945 1871 984 1917 (1.
1015 1882 1059 1910 0;
1103 1872 1178 1909 aut
1218 1871 1437 1919 uspiam
1479 1870 1549 1909 hic
1580 1871 1694 1909 idem
1727 1873 1793 1910 est

231 1948 341 1995 quod
387 1947 515 1993 ubi).
565 1947 794 1986 Klotziana
839 1947 970 1986 habet
1016 1947 1110 1985 aut
1156 1946 1234 1985 ibi
1281 1947 1324 1985 et
1371 1946 1422 1985 ab
1464 1946 1532 1985 his
1573 1946 1794 1985 vocabulis

231 2032 393 2062 novum
424 2023 637 2062 scholium
669 2023 844 2062 orditur.
878 2023 1018 2061 Minus
1049 2023 1177 2072 recte,
1211 2023 1260 2061 ut
1292 2022 1451 2070 opinor.

291 2099 331 2138 4.
376 2099 429 2137 Si
472 2101 688 2145 cesses]
737 2099 815 2148 „ad
846 2109 1028 2138 uxorem
1059 2098 1217 2137 iratam
1249 2098 1380 2137 refert
1410 2098 1455 2136 in
1486 2098 1792 2137 desertorem.’'

231 2174 314 2213 Hic
360 2185 525 2223 quoque
566 2174 724 2213 bonam
766 2174 1112 2213 observationem
1153 2173 1403 2223 depravavit
1445 2174 1606 2213 stultus
1638 2173 1792 2222 compi-

232 2250 354 2289 lator.
403 2250 495 2289 Hoc
518 2240 653 2288 ¹enim
695 2251 1011 2289 commentator
1051 2249 1208 2288 voluit:
1257 2260 1511 2298 „cessare
1543 2249 1709 2298 proprie
1741 2250 1792 2288 de

233 2327 450 2366 desertore
497 2326 663 2375 dicitur,
712 2335 825 2364 nunc
871 2324 1015 2364 odioso
1062 2324 1146 2364 isto
1186 2325 1316 2364 verbo
1358 2325 1469 2364 irata
1508 2336 1618 2364 uxor
1658 2325 1794 2364 utitur

233 2403 284 2441 de
316 2402 518 2441 marito.'’

298 2479 363 2517 15.
457 2477 589 2525 Atqui
621 2487 676 2515 ex
707 2487 778 2515 me
810 2476 880 2516 hic
911 2487 996 2515 non
1027 2478 1156 2515 natus
1189 2477 1256 2515 est
1286 2478 1360 2516 sed
1391 2477 1523 2516 fratre
1556 2487 1611 2515 ex
1641 2487 1752 2515 meo.

235 2554 336 2592 Sed
378 2563 443 2591 ex
483 2552 689 2597 fratre]
738 2552 844 2600 „hoc
885 2552 952 2590 est
994 2550 1168 2590 omnino
1200 2562 1285 2590 non
1317 2551 1483 2590 alienus
1516 2552 1624 2591 est.”
1658 2552 1792 2600 Lege:

237 2639 349 2678 „non
380 2627 554 2666 omnino
586 2627 751 2665 alienus
782 2627 891 2666 est.”

298 2704 363 2743 16.
398 2702 744 2742 Clementem
775 2703 967 2748 vitam]
1005 2701 1167 2751 „figura
1198 2702 1332 2750 ipsa.'’
1366 2702 1555 2741 Misellae
1586 2703 1667 2741 hae
1694 2704 1796 2741 sunt

235 2778 439 2826 reliquiae
496 2777 792 2816 huiuscemodi
847 2777 1020 2816 scholii:
1082 2777 1264 2826 „Figura
1320 2778 1591 2825 (sequebatur
1636 2788 1795 2816 nornen

235 2853 434 2902 figurae):
482 2863 567 2895 non
614 2852 730 2890 enim
776 2852 869 2900 ipsa
914 2852 1005 2890 vita
1052 2852 1241 2891 clemens
1288 2854 1366 2902 est,
1414 2854 1488 2891 sed
1536 2853 1794 2892 clementem

236 2928 382 2968 facit.”
