2034 3334
962 371 1015 413 91

238 496 500 541 Horatianus
533 495 858 553 Ovidianusque
889 497 1030 553 specie
1060 497 1172 540 inter
1198 509 1244 540 se
1273 496 1436 540 similes
1463 499 1577 551 sunt,
1593 508 1741 539 revera

241 574 440 626 minime3
468 574 713 616 communia
739 573 898 616 habent
924 573 1132 637 vocabgla
1150 574 1372 637 quaedam,
1386 576 1605 629 praeterea
1620 571 1747 635 nihil.-

237 651 367 707 Apud
410 637 611 693 Ovidi'ffm
651 651 765 694 enim
799 650 1058 694 Graecorum
1091 635 1214 694 artes
1235 651 1280 692 in
1313 650 1481 693 Italiam
1513 649 1740 693 translatae

238 741 337 770 cum
384 727 540 783 praeda
583 727 768 783 quadam
811 727 1101 779 conferuntur,
1145 731 1274 784 atque
1307 730 1371 770 est
1403 740 1451 769 ea
1482 725 1740 783 comparatio

238 804 351 846 haud
382 804 508 860 longe
538 805 690 860 petita:
724 805 862 847 cuivis
895 804 1009 848 enim
1042 807 1191 861 sponte
1224 817 1318 847 sese
1345 803 1475 847 offert.
1502 802 1741 846 Horatiana

238 884 380 923 tamen
423 881 632 923 sententia
672 893 852 923 acumen
895 880 1110 936 quoddam
1143 879 1270 923 habet
1301 883 1343 923 et
1372 877 1658 932 ἀπροσδόκητόν
1689 894 1740 928 τι,

238 970 379 1013 neque
426 957 543 1000 ullus
589 957 710 1000 locus
758 970 812 1000 ex
861 957 938 1000 hoc
979 956 1216 1000 Horatiano
1259 969 1490 1013 expressus
1522 969 1616 999 esse
1646 956 1741 999 iure

238 1033 322 1076 dici
352 1037 501 1090 potest,
535 1034 735 1089 quamvis
767 1034 806 1076 ei
838 1034 975 1089 primo
1004 1037 1178 1090 aspectu
1206 1036 1413 1089 cognatus
1440 1032 1648 1087 videatur,
1665 1033 1742 1088 qui

238 1110 486 1153 careatillo:
520 1111 674 1153 victa
705 1111 980 1153 victorem
1012 1110 1170 1153 vicit.
1198 1109 1251 1152 In
1269 1122 1318 1152 eo
1336 1110 1450 1152 enim
1468 1112 1570 1152 sunt
1586 1109 1741 1151 omnia.

296 1259 607 1316 Tibullum,
641 1260 839 1316 quamvis
869 1259 998 1302 fuerit
1029 1258 1208 1301 Horatio
1235 1259 1493 1301 coniunctus
1521 1257 1586 1311 (cf.
1616 1256 1747 1320 Od.1‚
1811 1278 1822 1289 ἰ
1910 1273 1927 1279 -
1956 1253 1996 1277 s
2031 1276 2033 1278 ·

239 1336 308 1391 33,
349 1335 482 1392 Epist.
514 1335 548 1391 Ι,
580 1337 636 1392 4),
679 1336 835 1378 tamen'
859 1335 996 1378 ullum
1030 1337 1124 1378 eius
1156 1347 1328 1378 versum
1363 1337 1462 1377 ante
1492 1334 1639 1377 oculos
1669 1334 1744 1377 ha-

238 1412 384 1456 buisse
430 1412 712 1455 demonstrari
758 1425 845 1454 non
888 1415 1036 1468 potest.
1071 1410 1190 1462 Quae
1222 1411 1460 1454 afferuntur
1490 1413 1744 1467 argumenta

239 1488 403 1531 nullius
445 1501 538 1532 esse
570 1490 696 1546 pretii
726 1488 947 1532 Meierotto
979 1488 1080 1531 olim
1112 1488 1330 1531 contendit
1361 1491 1404 1531 et
1435 1489 1669 1531 assentitur
1702 1489 1742 1530 ei

239 1565 454 1609 Hertzius,
499 1566 628 1608 Anno
676 1569 818 1609 autem
868 1566 982 1608 1870
1024 1565 1315 1608 Baehrensius
1357 1565 1404 1606 in
1435 1564 1577 1607 lucem
1610 1564 1742 1606 edidit

240 1641 432 1685 libellum
479 1643 549 1685 cui
590 1643 742 1686 titulus
789 1642 1076 1697 „Tibullische
1106 1641 1307 1685 Blatter”.
1342 1641 1460 1693 Quae
1491 1641 1563 1684 ille
1595 1644 1743 1683 contra

241 1717 561 1762 Meierottonem
593 1719 794 1773 attulerit,
821 1719 875 1761 iis
906 1732 952 1761 se
978 1719 1030 1761 de
1059 1719 1269 1761 sententia
1296 1731 1382 1760 non
1401 1730 1494 1761 esse
1510 1717 1742 1760 abductum

240 1793 444 1837 Hertzius
475 1795 668 1838 declarat.
700 1794 917 1838 Lubenter
942 1795 1081 1838 credo.

302 1870 531 1914 Gratius
563 1870 706 1914 Ovidii
737 1873 901 1915 amicus
934 1873 972 1927 (e
1003 1872 1127 1915 Pont.
1159 1871 1236 1928 IV,
1273 1872 1339 1928 16,
1375 1872 1445 1926 34)
1478 1885 1539 1914 vs.
1573 1871 1657 1913 347
1691 1870 1743 1913 de

244 1945 352 1989 Orco
381 1946 583 2003 loquitur,
616 1948 692 2004 qui

537 2038 681 2096 Nigris
713 2039 855 2084 orbem
888 2041 1167 2084 circumvolat
1198 2041 1288 2083 alis.

247 2145 437 2188 Conferri
467 2150 605 2202 potest
634 2146 918 2191 Horatianum
951 2148 1050 2203 (Sat.
1082 2148 1138 2204 II,
1171 2149 1209 2204 l,
1241 2149 1335 2203 58):

543 2246 659 2290 Mors
690 2249 792 2291 atris
825 2250 1105 2292 circumvolat
1137 2250 1226 2292 alis.

246 2355 330 2398 Sed
361 2355 591 2411 imaginem
633 2355 748 2398 illam
781 2356 833 2399 ab
864 2357 1043 2400 Horatio
1075 2359 1310 2414 sumpsisse
1342 2358 1535 2401 Gratiam
1569 2359 1744 2402 minime

247 2434 411 2474 certum
443 2434 518 2485 est,
549 2431 691 2474 iudice
721 2431 908 2475 Hertzio.
1497 2490 1500 2493 Ι

305 2507 436 2563 Apud
481 2506 707 2549 Horatium
755 2507 847 2564 (111,
890 2509 959 2564 23,
1001 2510 1072 2564 20)
1114 2511 1291 2566 pauperi
1333 2509 1392 2552 dii
1422 2510 1619 2566 placandi
1651 2524 1744 2555 esse

248 2584 453 2626 dicuntur

544 2659 672 2702 Farre
703 2660 774 2715 pio
808 2663 848 2702 et
879 2660 1057 2703 saliente
1088 2662 1208 2704 mica.

1649 2719 1672 2758 ,1

306 2760 622 2817 Lygdamus
654 2759 745 2815 (IV,
781 2760 850 2815 10)
882 2760 998 2802 hunc
1030 2761 1156 2804 habet
1186 2775 1383 2804 versum:
1638 2755 1715 2803 ιμζ,
1749 2746 1804 2794 ἵζ’.»
1958 2761 2014 2786 ι

542 2860 669 2903 Farre
699 2861 770 2916 pio
802 2860 970 2916 placant
1000 2873 1049 2903 ac
1082 2861 1256 2905 saliente
1289 2863 1389 2905 sale.
