2034 3334
954 246 1008 290 41

190 371 400 427 piabatur,
442 383 590 420 nemo,
633 373 683 412 ut
725 371 885 426 opinor,
925 370 1078 413 Ovidio
1112 370 1282 427 dignior
1314 373 1402 412 erat
1437 370 1552 413 docti
1584 372 1779 423 nomine;

190 455 315 483 nemo
357 441 471 483 enim
513 440 636 496 plura
675 440 862 498 legerat,
908 455 1032 483 nemo
1074 440 1201 497 plura
1232 441 1401 483 tenebat
1433 442 1656 483 memoria.
1700 440 1778 484 Sed

190 511 322 554 simul
352 525 477 554 nemo
509 511 703 554 mortalis
735 513 848 553 vixit
879 525 1091 567 unquam,
1126 513 1200 568 qui
1231 512 1283 553 ab
1316 526 1364 554 eo
1397 513 1516 562 viro,
1551 526 1679 567 quem
1711 526 1782 553 nos

189 582 362 625 doctum
405 581 611 630 dicimus,
651 585 739 623 tam
777 581 907 638 longo
940 582 1117 624 distaret
1150 583 1299 637 spatio.
1332 581 1443 624 Satis
1478 586 1542 624 est
1574 582 1625 624 de
1658 595 1706 624 ea
1736 596 1781 624 re

187 652 286 695 illos
318 652 558 702 consulere,
592 653 747 707 quibus
778 654 891 694 inter
920 654 1036 708 ipsos
1068 652 1280 695 Romanos
1312 666 1438 694 nemo
1471 653 1552 695 fuit
1586 652 1636 694 de
1664 653 1782 695 omni

188 723 412 766 literarum
459 737 612 779 genere
661 724 801 779 magis
841 723 1018 765 idoneus
1060 723 1213 774 iudeX,
1259 738 1441 779 quorum
1484 723 1593 766 alter
1636 724 1779 766 Ovidii

186 796 322 850 ipsius
365 794 449 836 fuit
489 795 706 850 magister,
752 793 859 836 alter
899 798 1041 836 totum
1083 808 1221 850 genus
1259 795 1499 836 humanum
1531 794 1676 837 literas
1709 795 1780 837 do-

187 867 326 908 cuisse
355 866 449 907 iure
483 865 653 915 dicitur,
687 864 889 907 Senecam
924 867 1129 907 maiorem
1160 864 1257 907 volo
1290 869 1331 907 61
1364 865 1692 917 Quintilianum.

247 935 403 978 Seneca
435 949 538 992 ergo
571 937 707 978 maior
739 933 878 987 (Cont.
912 935 972 988 X)
1012 950 1126 986 „non
1157 936 1405 992 ignoravit''
1440 937 1500 978 ait
1536 935 1778 989 „(Ovidius)

187 1007 295 1048 vitia
326 1019 402 1048 sua
435 1006 508 1047 6611
540 1005 747 1048 3ω3ν11’“’.
1705 1056 1707 1059 .

249 1076 539 1129 Quintilianus
570 1076 623 1127 X,
662 1076 699 1127 1,
718 1075 799 1118 88;
834 1075 1041 1126 „Ovidius
1072 1078 1201 1118 nimis
1232 1080 1397 1118 amator
1427 1077 1592 1133 ingenii
1621 1077 1718 1118 sui’'

552 1150 595 1189 et
626 1172 683 1178 —
717 1146 797 1188 98:
834 1145 1005 1197 „Ovidii
1032 1147 1185 1189 Medea
1211 1147 1385 1189 videtur
1412 1146 1519 1188 mihi
1546 1146 1778 1197 ostendere,

189 1221 399 1273 quantum
439 1216 515 1260 1116
560 1219 626 1260 vir
666 1221 878 1273 praestare
923 1219 1132 1274 potuerit,
1179 1219 1213 1259 si
1256 1219 1429 1274 ingenio
1462 1232 1538 1259 suo
1569 1219 1780 1273 imperare

188 1301 317 1344 quam
347 1287 572 1344 indulgere
603 1287 870 1330 maluisset”,

247 1358 530 1414 Lepidissime
563 1358 675 1400 dicta
705 1359 807 1401 haec
840 1363 962 1409 sunt,
993 1360 1218 1401 verissima
1244 1373 1333 1401 esse
1360 1358 1430 1401 vel
1456 1358 1529 1402 ille
1556 1361 1677 1401 novit
1705 1361 1778 1415 qui

188 1428 325 1483 ipsius
358 1431 505 1484 poetae
537 1429 737 1483 quamvis
766 1441 941 1483 parvam
974 1431 1139 1483 partem
1171 1426 1281 1484 legit
1312 1427 1632 1483 perpenditque.
1666 1427 1778 1480 Quid

189 1501 332 1540 autem
376 1498 614 1550 doctrinae,
649 1512 777 1554 quam
811 1513 885 1541 nos
917 1512 966 1540 eo
998 1500 1168 1540 nomine
1201 1498 1376 1554 dignam
1408 1513 1651 1549 censemus,
1686 1513 1778 1541 con-

190 1570 371 1610 trarium
404 1571 567 1625 magis,
597 1583 725 1624 quam
752 1571 860 1611 vitia
885 1568 984 1620 illa,
1015 1583 1121 1624 quae
1149 1573 1238 1611 tam
1265 1568 1545 1611 clementibus
1561 1569 1779 1612 vocabulis

188 1653 212 1682 a
244 1638 400 1682 Seneca
432 1639 779 1696 Quintilianoque
812 1638 1135 1697 significantur?
1178 1640 1234 1681 Et
1267 1644 1469 1696 putemus
1502 1642 1671 1691 virum,
1705 1642 1780 1696 qui

184 1708 273 1752 illis
329 1712 447 1753 vitiis
491 1710 725 1762 laboravit,
783 1711 828 1753 id
875 1711 1010 1754 facere
1060 1712 1248 1767 potuisse
1296 1711 1410 1766 quod
1457 1726 1567 1754 nunc
1615 1726 1638 1754 a
1685 1713 1778 1755 viro

188 1781 310 1822 docto
350 1782 444 1823 iure
485 1781 778 1837 postulamus,
822 1786 873 1824 ut
913 1783 983 1833 via
1015 1786 1058 1823 et
1089 1783 1251 1824 ratione
1284 1780 1458 1838 ageret?
1492 1780 1778 1825 Credamusne

187 1865 288 1893 eum
330 1855 443 1893 certa
483 1851 626 1907 aliqua
665 1852 867 1894 imitandi
909 1866 1057 1895 norma
1100 1850 1255 1894 usum?
1301 1852 1440 1896 Immo
1484 1867 1606 1904 vero,
1652 1856 1780 1909 prout

186 1921 346 1964 ferebat
392 1923 640 1978 ingenium,
688 1922 813 1965 modo
861 1924 920 1965 sic
969 1923 1095 1965 modo
1145 1923 1270 1965 aliter
1318 1937 1417 1965 eum
1466 1925 1606 1980 egisse
1649 1937 1778 1979 quam

187 1993 376 2034 maxime
419 1997 484 2034 661
514 1993 771 2044 verisimile3
806 1993 920 2036 ultro
953 1993 1186 2049 quidquam
1220 2008 1294 2049 pro
1327 1999 1441 2036 certo
1475 1998 1660 2036 statuere
1694 2008 1775 2036 non

186 2076 252 2104 res
296 2061 436 2103 solum
481 2061 733 2105 difficillima
770 2066 833 2105 est
867 2063 940 2105 sed
972 2064 1057 2105 fere
1088 2061 1128 2104 ἕν
1161 2079 1199 2104 τι
1233 2068 1309 2104 τῶν
1342 2063 1565 2106 ἀδυνάτων.
1611 2064 1776 2119 Quique

187 2133 550 2175 accuratissimam
591 2132 661 2174 hic
702 2132 993 2187 investigandi
1035 2135 1244 2175 rationem
1287 2138 1388 2175 sunt
1428 2136 1586 2183 secuti,
1636 2135 1777 2189 magis

190 2202 299 2245 mihi
329 2201 537 2244 librorum
568 2202 919 2253 (enchiridiorum
951 2205 1233 2258 praesertim),
1270 2205 1343 2259 qui
1375 2202 1530 2245 Ovidio
1565 2217 1661 2259 prae
1693 2217 1781 2245 ma-

188 2273 315 2315 nibus
356 2272 552 2322 fuerunt,
596 2277 793 2314 naturam
836 2273 1243 2328 dispositionemque
1286 2275 1469 2324 eruisse,
1518 2287 1646 2329 quam
1694 2288 1777 2329 quo

189 2343 315 2385 modo
345 2357 449 2384 usus
477 2344 531 2384 iis
564 2346 673 2385 esset
705 2342 885 2385 Ovidius
916 2344 1128 2385 invenisse
1161 2343 1373 2385 videntur.

249 2412 330 2455 Sed
361 2426 612 2468 quocunque
643 2412 770 2454 modo
804 2426 847 2454 66
880 2426 928 2454 63
958 2426 1024 2454 res
1055 2413 1205 2462 habet,
1239 2417 1339 2455 sunt
1371 2413 1578 2468 quaedam
1622 2413 1782 2456 fabula—

186 2497 285 2525 rum
317 2485 430 2525 inter
461 2497 504 2525 se
535 2482 851 2539 iungendarum
883 2482 1084 2533 artificia,
1120 2496 1227 2538 quae
1260 2485 1363 2538 quin
1397 2484 1448 2526 ab
1479 2485 1572 2539 ipso
1604 2485 1691 2525 sint
1720 2485 1781 2525 in-

186 2558 314 2597 venta
354 2553 507 2595 Ovidio
551 2554 730 2594 minime
773 2551 1056 2594 dubitandum
1100 2552 1280 2604 videtur,
1315 2555 1517 2609 quoniam
1550 2553 1695 2595 nullus
1726 2555 1780 2595 iis

189 2628 263 2666 aut
304 2625 349 2665 in
390 2622 575 2679 epyllio,
623 2628 698 2664 aut
739 2624 782 2664 in
826 2622 1067 2678 tragoedia,
1111 2631 1186 2664 3111
1230 2625 1273 2664 111
1306 2625 1491 2665 carmine
1524 2623 1670 2674 docto,
1705 2628 1779 2665 3111

189 2693 369 2749 denique
409 2695 453 2734 in
497 2692 730 2735 enchiridio
772 2692 889 2734 locus
931 2706 1021 2734 esse
1063 2694 1263 2747 potuerit.
1306 2693 1424 2735 Dabo
1466 2693 1558 2744 hic,
1593 2697 1643 2736 ut
1675 2693 1777 2749 quid

188 2763 299 2805 mihi
346 2762 477 2805 velim
525 2767 746 2818 appareat,
796 2761 990 2817 exempla
1037 2762 1268 2817 quaedam,
1312 2777 1419 2818 quae
1463 2764 1572 2806 mihi
1611 2778 1776 2819 semper

187 2834 375 2875 maxime
405 2834 593 2888 insignia
630 2834 718 2875 visa
750 2836 862 2874 sunt.
895 2831 993 2874 Alia
1024 2832 1174 2874 addere
1207 2835 1395 2875 cuiusvis
1427 2838 1503 2876 661.

250 2903 270 2945 Ι
315 2901 400 2946 667
458 2903 700 2946 Mercurius
745 2903 914 2958 Argum
968 2904 1160 2958 consopit
1205 2902 1334 2960 longo
1381 2918 1573 2947 sermone
1621 2904 1778 2960 diuque

190 2972 334 3015 fistula
374 2973 581 3024 canendo,
625 2973 675 3015 de
707 2986 790 3028 qua
820 2975 996 3028 rogatus
1029 2973 1237 3028 quomodo
1269 2975 1326 3015 sit
1355 2975 1553 3025 inventa,
1587 2973 1775 3016 fabulam
