2034 3334
4 3208 9 3215 '
17 3194 20 3201 .
3 3158 14 3161 ³
11 3130 24 3149 π,
4 2980 31 3123 Αὲξῆενφὲᾷζ»

932 430 986 469 25

179 557 333 595 viderit
359 557 734 595 formosissimam.
764 557 918 595 Secum
946 555 1134 595 Chaerea
1160 555 1359 605 loquitur,
1380 566 1464 594 non
1481 556 1630 594 tamen
1647 555 1738 594 eius

177 633 308 672 verba
339 633 653 671 Parmenonem
685 633 898 682 fugerunt,
933 632 1077 680 itaque

656 709 806 757 „ecce”
842 707 917 753 (ait
948 717 1011 746 vs.
1047 708 1144 753 297)
1182 708 1355 756 „autem
1387 706 1572 745 alterum

281 784 432 823 Nescio
466 784 565 832 quid
597 785 647 823 de
680 794 826 823 amore
857 783 1066 832 loquitur:
1100 793 1123 821 o
1159 783 1472 822 infortunatum
1504 784 1696 821 senem.’'

178 861 459 910 Lepidissime
501 862 571 900 hic
611 861 715 900 illud
757 871 882 900 ecce
924 862 1109 899 autem
1150 860 1354 908 positum.
1392 860 1460 899 Ita
1490 859 1619 899 malis
1651 860 1738 898 iam

179 938 378 976 assuetus
405 937 571 985 aliquis,
601 947 711 976 novo
734 937 850 975 malo
867 936 1244 985 appropinquante,
1263 936 1451 983 loquitur
1468 936 1578 974 iram
1596 936 1739 975 celans

178 1011 320 1050 verbis
351 1012 544 1060 quietum
577 1012 771 1050 animum
808 1011 1125 1050 simulantibus.
1161 1010 1220 1050 Cf.
1254 1011 1425 1049 Phorm.
1467 1012 1574 1050 264:
1617 1021 1740 1061 „ecce

180 1087 325 1125 autem
367 1087 528 1125 similia
568 1087 755 1126 omnia.'’
798 1087 943 1135 Neque
985 1087 1194 1125 dissimile
1237 1088 1303 1125 est
1341 1087 1450 1134 quod
1482 1087 1607 1135 paulo
1640 1089 1774 1126 ante·

179 1163 223 1200 in
254 1162 404 1200 eadem
436 1162 692 1201 Phormione
723 1162 1076 1236 fabfflssassegstffl*
1115 1162 1216 1210 „vix
1251 1163 1471 1200 tandem.'’

239 1238 307 1277 Sic
338 1238 389 1276 de
420 1238 650 1276 infortunio
683 1248 760 1277 suo
793 1238 912 1285 queri
944 1238 1082 1286 pergit
1114 1237 1303 1276 Chaerea
1336 1240 1412 1283 (vs.
1448 1238 1571 1283 302):

357 1314 416 1353 Ut
453 1314 575 1353 illum
609 1314 650 1352 di
682 1314 869 1362 deaeque
902 1314 1071 1352 senium
1104 1314 1285 1362 perdant
1316 1314 1388 1362 qui
1420 1314 1543 1352 hodie
1575 1324 1646 1352 me
1679 1324 1739 1352 re-

1356 1391 1565 1436 [moratus
1598 1391 1676 1429 est.

177 1466 258 1505 Hic
299 1476 464 1514 quoque
505 1466 669 1505 hodie
711 1476 795 1505 non
832 1467 924 1505 tam
963 1467 1015 1504 ad
1046 1467 1218 1514 tempus
1251 1466 1526 1505 indicandum
1558 1467 1738 1517 additur,

178 1552 307 1590 quam
340 1542 449 1590 quod
482 1542 625 1581 animo
659 1542 767 1581 irato
799 1542 869 1580 vel
901 1542 1115 1581 obstinato
1149 1542 1316 1591 egregie
1349 1543 1560 1582 convenit.

237 1617 471 1666 Conspecto
514 1618 782 1656 Parmenone
824 1618 976 1656 statim
1017 1619 1157 1656 totam
1199 1628 1292 1656 rem
1334 1618 1372 1656 ei
1414 1628 1497 1656 uno
1534 1618 1740 1657 vocabulo

178 1703 295 1731 amo
338 1692 527 1732 Chaerea
568 1693 718 1741 aperit.
765 1692 853 1742 Quo
896 1693 1040 1731 audito
1082 1693 1153 1731 ille
1194 1693 1327 1731 Hem
1366 1693 1596 1732 exclamat.
1630 1694 1741 1732 Nam

178 1749 439 1817 quamquam
482 1769 573 1807 eius
614 1769 732 1807 modi
774 1768 932 1816 aliquid
975 1770 1303 1817 exspectaverat
1334 1769 1558 1818 Parmeno,
1592 1770 1740 1808 tamen

179 1844 322 1882 animo
362 1844 634 1892 perturbatur
676 1844 747 1882 ubi
789 1855 835 1882 se
876 1855 980 1883 vera
1020 1844 1288 1892 suspicatum
1330 1845 1560 1893 cognoscit.
1604 1845 1740 1884 Nemo

179 1919 295 1957 enim
334 1918 422 1957 fere
464 1920 574 1967 apud
616 1919 864 1958 Terentium
906 1920 1201 1959 interiectione
1233 1921 1354 1959 hem
1385 1920 1522 1959 utitur
1554 1921 1638 1959 nisi
1670 1922 1741 1969 qui

178 1994 456 2032 vehementer
498 1994 640 2033 animo
674 1996 1009 2044 commoveatur,
1044 1995 1136 2034 sive
1168 1997 1341 2045 terrore,
1371 1996 1463 2034 sive
1491 1997 1617 2050 Q
1649 1996 1740 2035 sive

179 2069 359 2117 denique
391 2069 693 2123 indignatione.

238 2145 331 2184 Iam
358 2145 553 2184 obsecrat
579 2145 892 2184 Parmenonem
920 2145 1110 2185 Chaerea
1135 2147 1184 2184 ut
1210 2147 1290 2185 sibi
1313 2147 1356 2185 in
1373 2148 1576 2195 potiundo
1594 2157 1740 2186 amore

178 2230 255 2258 suo
297 2230 421 2269 opem
462 2220 584 2269 ferat,
627 2220 875 2269 hominique
917 2221 1047 2259 simul
1089 2222 1133 2260 in
1174 2223 1367 2261 mentem
1405 2225 1579 2262 revocat
1610 2234 1740 2271 quam

177 2296 284 2334 bene
316 2296 419 2334 olim
451 2296 502 2334 de
535 2305 583 2333 eo
615 2296 673 2334 sit
703 2296 898 2335 meritus.

237 2371 343 2409 Ecce
375 2381 523 2410 eorum
556 2371 753 2418 colloquii
785 2372 952 2419 partem
987 2374 1063 2417 (vs.
1098 2373 1181 2411 307
1223 2375 1352 2421 sqq.):

565 2445 633 2485 Ch.
668 2447 801 2495 Nunc,
836 2447 1060 2497 Parmeno,
1094 2449 1137 2486 te
1169 2449 1407 2487 ostenderis
1440 2449 1512 2497 qui
1542 2450 1608 2488 vir
1639 2450 1738 2489 sies.

246 2562 258 2572 -.
298 2521 389 2560 Scis
415 2523 458 2560 te
485 2522 593 2560 mihi
622 2532 750 2570 saepe
776 2522 1015 2571 pollicitum
1033 2533 1150 2561 esse:
1174 2554 1190 2572 ‚,
1200 2523 1400 2574 Chaerea,
1420 2525 1578 2573 aliquid
1596 2525 1741 2564 inveni

297 2597 418 2636 Modo
450 2598 559 2645 quod
592 2607 735 2636 ames:
770 2598 814 2636 in
846 2608 896 2636 ea
927 2609 972 2637 re
1004 2599 1238 2638 utilitatem
1271 2610 1347 2648 ego
1379 2600 1536 2639 faciam
1567 2602 1616 2639 ut
1648 2611 1738 2649 cog-

1280 2678 1448 2721 [noscas
1479 2677 1678 2715 meam:’'
1712 2663 1715 2665 ’

297 2748 433 2798 Quom
461 2749 505 2787 in
533 2749 732 2788 cellulam
759 2749 811 2787 ad
838 2750 881 2788 te
908 2750 1043 2798 patris
1068 2761 1228 2799 penum
1255 2761 1428 2790 omnem
1457 2752 1738 2801 congerebam

1403 2828 1675 2874 [clanculum.

296 2900 371 2940 Pa.
416 2900 520 2950 Age,
566 2900 720 2949 inepte.
769 2899 836 2940 Ch.
876 2902 968 2941 Hoc
1007 2902 1149 2941 hercle
1181 2903 1401 2942 factumst.
1436 2903 1503 2942 fac
1534 2905 1594 2942 sis
1627 2914 1740 2943 nunc

1173 2980 1403 3028 [promissa
1434 2982 1679 3029 appareant.
