2034 3334
951 376 1006 417 35

241 504 472 561 explenda3
518 504 686 546 invenit
719 505 862 545 autem
893 500 1114 557 Horatius,
1145 503 1194 544 ut
1224 501 1352 543 homo
1383 501 1431 542 in
1463 498 1662 542 versibus
1691 498 1751 541 fa-

244 581 407 624 ciendis
450 581 727 635 exercitatus,
774 593 912 622 unum
956 579 1071 635 quod
1112 576 1466 635 praecedentibus
1499 577 1626 619 etiam
1660 575 1754 618 sine

242 671 398 715 magno
428 658 584 700 damno
617 657 744 700 adiici
770 659 939 713 posset:

687 783 772 826 Hic
803 795 982 839 magnos
1012 782 1157 838 potius
1194 781 1450 837 triumphos,

539 859 624 902 Hic
655 872 771 903 ames
802 859 886 902 dici
917 862 1036 916 pater
1066 861 1197 915 atque
1228 859 1441 914 princeps.

299 988 369 1030 Ad
414 987 542 1030 finem
592 990 735 1030 autem
782 985 1000 1042 praeclara
1045 985 1118 1027 illa
1166 985 1357 1041 Augusti
1400 983 1527 1026 laude
1570 982 1749 1038 dignum

241 1065 473 1122 perducere
505 1064 722 1121 stropham
753 1076 840 1106 non
873 1063 1036 1119 potuit:
1070 1075 1170 1118 ergo
1202 1064 1252 1104 ut
1280 1064 1424 1103 tamen
1452 1059 1597 1115 aliquo
1624 1058 1750 1100 modo

243 1140 382 1184 officio
414 1140 666 1197 perfunctus
699 1139 919 1183 videretur
949 1139 1218 1195 ineptissima
1249 1138 1332 1180 ista

536 1264 633 1308 Neu
666 1266 782 1307 sinas
813 1263 962 1306 Medos
993 1264 1186 1320 equitare
1217 1262 1380 1306 inultos

588 1380 590 1382 .
655 1340 712 1384 Te
745 1340 854 1383 duce
887 1339 1042 1383 Caesar

242 1418 414 1460 addidit.

298 1494 332 1550 I,
364 1495 431 1536 22.
479 1492 668 1537 Deorum
717 1506 762 1536 se
803 1493 938 1536 tutela
981 1504 1149 1548 semper
1191 1494 1232 1534 et
1275 1490 1439 1547 ubique
1471 1503 1670 1533 securum
1708 1493 1751 1532 et

240 1571 335 1614 aliis
369 1571 580 1627 exemplis
612 1570 874 1613 demonstrat
904 1572 1028 1626 poeta
1061 1572 1103 1612 et
1136 1569 1238 1611 hoc:

537 1694 737 1751 Namque
769 1707 837 1737 me
867 1694 976 1737 silva
1006 1694 1138 1755 lupus
1168 1694 1215 1735 in
1248 1692 1418 1748 Sabina,

536 1770 652 1814 Dum
684 1784 822 1814 meam
855 1774 979 1813 canto
1005 1769 1192 1826 Lalagen
1223 1773 1266 1812 et
1302 1770 1416 1815 ultra

533 1848 782 1891 Terminum
815 1848 930 1891 curis
962 1860 1095 1903 vagor
1128 1846 1352 1903 expeditis,

655 1923 784 1981 Fugit
816 1925 1036 1967 inermem.

299 2051 368 2093 Ad
413 2051 566 2107 ingens
607 2054 749 2093 autem
791 2051 1031 2107 periculum
1064 2050 1179 2106 quod
1211 2049 1401 2092 Deorum
1437 2062 1516 2106 ope
1550 2049 1744 2106 effugerit

239 2127 569 2183 significandum
611 2128 795 2184 simplici
837 2127 1106 2171 substantivo
1139 2127 1310 2183 lupus
1343 2139 1485 2182 neque
1517 2131 1743 2170 contentus

239 2207 330 2246 erat
359 2217 501 2260 neque
525 2207 689 2260 poterat
718 2217 832 2247 esse:
868 2217 977 2260 opus
1010 2207 1098 2246 erat
1132 2203 1276 2259 aliquo
1310 2203 1518 2245 adiectivo
1552 2216 1637 2258 quo
1663 2204 1742 2245 im-

239 2293 421 2335 manem,
439 2281 666 2336 crudelem,
683 2282 908 2337 sanguinis
923 2281 1223 2336 humanaeque
1240 2280 1380 2322 carnis
1397 2279 1570 2321 avidum
1589 2279 1741 2335 lupum

237 2357 372 2400 fuisse
416 2356 763 2412 intelligeremus.
805 2356 874 2398 Illi
923 2360 1067 2399 autem
1116 2370 1253 2412 quum
1298 2356 1343 2397 in
1387 2355 1741 2411 praecedentibus

238 2419 386 2476 nullus
432 2434 516 2475 iam
565 2435 807 2488 superesset
852 2433 987 2488 locus⁷
1032 2434 1165 2475 unius
1212 2432 1410 2474 vocabuli
1459 2445 1588 2474 causa
1635 2432 1738 2476 haec

238 2511 411 2567 stropha
442 2512 542 2552 nata
581 2512 668 2551 est:

535 2633 670 2684 Quale
700 2635 947 2689 portentum
978 2646 1121 2689 neque
1154 2633 1350 2676 militaris

533 2710 727 2753 Daunias
758 2709 854 2752 latis
887 2710 962 2752 alit
993 2710 1230 2765 aesculetis,

534 2786 624 2830 Nec
655 2785 789 2829 Iubae
820 2786 950 2828 tellus
981 2790 1166 2843 generat,
1197 2787 1371 2830 leonum

654 2863 787 2905 Arida
817 2864 977 2906 nutrix.
