2034 3334
991 411 1074 450 211

249 546 345 575 esse
376 536 499 575 calvi.
533 536 592 575 At
622 536 760 575 multo
791 536 974 575 facetius
1006 536 1148 574 sciens
1175 536 1400 574 Terentius
1428 536 1652 584 crispus
1679 537 1810 575 dixit:

248 612 358 651 facio
388 658 389 661 Ἴ
415 612 531 650 enim
589 622 687 650 cum
743 611 910 650 Donato
957 612 1214 650 annotante:
1266 621 1369 659 „ego
1416 611 1663 650 Terentium
1710 613 1813 660 puto

249 687 458 726 scientem
485 687 667 726 facetius
695 687 940 735 Myconium
963 687 1210 736 crispum
1228 686 1433 725 dixisse.''
1451 687 1563 725 Nam
1579 697 1661 735 quo
1679 687 1812 736 impu-

249 764 420 803 dentius
467 765 534 802 est
579 764 866 813 mendacium,
916 775 998 812 quo
1045 764 1256 803 Parmeno
1299 763 1518 813 decipitur,
1563 774 1611 802 eo
1642 762 1692 802 fit
1722 765 1815 803 tota

248 849 378 878 scena
418 839 560 887 magis
601 839 801 878 ridicula:
843 840 1118 889 perturbatus
1158 839 1379 888 inopinata
1413 849 1459 878 re
1490 839 1741 888 Pamphilus
1774 841 1817 878 et

248 913 408 963 fingere
441 915 600 963 aliquid
633 909 806 954 coactus
837 914 962 964 fingit
992 916 1103 964 quod
1134 926 1219 955 non
1251 915 1309 954 sit
1334 916 1379 954 in
1404 916 1549 954 rerum
1576 916 1743 963 natura,
1773 917 1816 954 et

250 990 429 1029 callidus
461 990 532 1029 ille
563 990 774 1030 Parmeno
807 1001 860 1030 ne
891 991 973 1030 hoc
1004 991 1177 1039 quidem
1209 991 1354 1030 sentit.

308 1066 361 1105 Et
397 1066 572 1105 omnino
605 1067 707 1114 quin
740 1068 906 1106 certum
938 1067 1020 1106 sibi
1053 1067 1278 1106 Terentius
1310 1067 1467 1105 habeat
1498 1066 1696 1115 colorem,
1731 1077 1814 1105 cer-

249 1142 344 1180 tum
391 1141 647 1180 facetiarum
694 1152 842 1191 genus,
893 1144 1010 1181 certa
1057 1141 1238 1181 artificia
1280 1142 1464 1180 dubitari
1505 1142 1666 1189 nequit.
1698 1142 1815 1180 Dabo

249 1218 513 1266 exemplum.
548 1218 663 1267 Quae
694 1218 799 1257 insit
828 1218 1045 1258 festivitas
1077 1219 1122 1257 in
1152 1219 1257 1257 Eun.
1290 1229 1354 1257 vs.
1390 1219 1497 1257 916:

518 1295 633 1333 Bene
665 1295 813 1343 edepol
844 1305 1007 1344 narras,
1041 1305 1144 1333 nam
1176 1294 1238 1332 illi
1268 1294 1392 1333 faveo
1423 1294 1580 1342 virgini

251 1370 491 1410 Scholiasta
548 1371 721 1409 auctore
778 1370 1174 1408 demonstravimus
1220 1380 1259 1418 p.
1310 1370 1378 1418 70,
1427 1370 1555 1417 atque
1601 1379 1817 1408 recurrere

250 1445 355 1484 illud
387 1444 618 1484 artificium
649 1445 752 1483 Hec.
788 1445 896 1483 233:

518 1520 702 1570 Gaudeo,
737 1521 798 1559 ita
829 1531 900 1559 me
933 1520 975 1559 di
1007 1521 1168 1570 ament,
1202 1520 1323 1568 gnati
1354 1530 1486 1559 causa

250 1597 412 1636 ibidem
447 1597 765 1635 annotavimus.
799 1597 858 1634 At
889 1596 1121 1635 Eunuchus
1153 1596 1314 1635 Graeca
1340 1597 1560 1635 Menandri
1587 1598 1666 1647 est,
1694 1597 1817 1646 Apol-

255 1671 389 1711 lodori
436 1672 570 1710 fuisse
617 1672 841 1720 Hecyram,
883 1671 1090 1710 Graecam
1137 1672 1249 1710 inter
1289 1672 1405 1710 viros
1448 1673 1594 1710 doctos
1627 1673 1818 1711 constat:

252 1758 352 1796 ergo
395 1748 487 1786 sive
529 1747 810 1786 Menandrum
852 1747 1058 1796 sequitur,
1103 1748 1195 1786 sive
1238 1748 1545 1796 Apollodorum
1581 1748 1817 1797 Terentius,

251 1825 400 1863 tamen
446 1833 573 1862 suam
614 1823 695 1862 sibi
737 1825 884 1862 servat
924 1823 1124 1862 indolem.
1157 1823 1318 1862 Deinde
1351 1834 1436 1862 non
1467 1824 1595 1862 anxie
1627 1823 1819 1871 singulos

253 1900 394 1938 certae
425 1899 594 1938 fabulae
627 1899 813 1937 Graecae
843 1909 996 1937 versus
1030 1899 1074 1937 in
1101 1909 1226 1937 suam
1253 1899 1529 1937 transtulisse
1556 1899 1817 1947 Terentium,

253 1974 327 2012 sed
384 1974 601 2012 interdum
658 1973 698 2012 id
745 1973 911 2022 fecisse,
960 1973 1071 2021 quod
1118 1973 1168 2011 de
1215 1973 1306 2011 viro
1354 1973 1398 2011 in
1443 1973 1580 2012 literis
1626 1974 1819 2021 utrisque

252 2049 552 2088 versatissimo
600 2049 842 2097 exspectari
887 2050 1067 2097 poterat,
1116 2050 1165 2086 ut
1211 2048 1302 2096 ipse
1350 2059 1405 2086 ex
1446 2059 1496 2087 ea
1538 2050 1658 2097 copia
1689 2060 1818 2097 quam

253 2126 400 2164 mente
456 2125 723 2164 reconditam
779 2124 956 2162 haberet
1012 2134 1089 2162 suo
1146 2123 1356 2162 arbitratu
1411 2124 1482 2162 hic
1537 2124 1623 2163 illic
1680 2135 1818 2173 asper—

254 2202 374 2250 geret
421 2200 592 2249 aliquid,
633 2210 688 2237 ex
720 2198 892 2237 disertis
924 2199 1100 2247 apparet
1132 2198 1356 2246 exemplis.
1390 2198 1551 2237 Versus
1583 2199 1627 2237 in
1658 2199 1820 2238 Andria

256 2276 355 2322 (959
388 2277 490 2323 sq.):

372 2351 460 2399 Ego
492 2351 670 2389 deorum
700 2349 838 2387 vitam
871 2350 1094 2397 eapropter
1126 2349 1436 2397 sempiternam
1468 2359 1563 2388 esse
1595 2350 1787 2399 arbitror,

375 2425 492 2475 Quod
523 2426 768 2473 voluptates
800 2434 948 2463 eorum
979 2424 1174 2472 propriae
1205 2425 1308 2462 sunt

256 2502 367 2550 apud
413 2501 693 2540 Menandrum
739 2509 825 2538 non
871 2499 916 2538 in
962 2499 1123 2538 Andria
1168 2499 1368 2547 leguntur
1409 2499 1486 2538 sed
1528 2499 1571 2538 in
1602 2500 1818 2539 Eunucho.

256 2577 476 2615 Ridiculae
507 2576 606 2614 illae
637 2575 797 2624 laudes,
832 2575 985 2622 quibus
1012 2574 1056 2612 in
1082 2574 1340 2613 Phormione
1366 2574 1544 2623 parasiti
1570 2575 1661 2613 vita
1688 2576 1820 2614 extol-

256 2653 359 2691 litur
391 2654 468 2697 (vs.
502 2651 586 2689 339
620 2653 750 2698 sqq.):

375 2727 489 2766 Tene
531 2725 806 2774 asymbolum
836 2725 983 2763 venire
1014 2725 1194 2763 unctum
1226 2726 1354 2772 atque
1385 2725 1554 2763 lautum
1588 2735 1610 2763 e
1642 2725 1818 2775 balneis,

378 2802 575 2841 Otiosum
602 2801 654 2839 ab
682 2799 838 2848 animo,
869 2810 998 2847 quom
1025 2799 1096 2838 ille
1124 2800 1168 2838 et
1185 2809 1286 2838 cura
1303 2800 1346 2838 et
1362 2800 1539 2847 sumptu
1556 2799 1819 2839 absumitur!

376 2877 488 2924 Dum
519 2877 598 2916 tibi
629 2875 678 2914 fit
709 2875 819 2923 quod
850 2875 1029 2923 placeat,
1064 2874 1135 2912 ille
1167 2874 1361 2922 ringitur,
1395 2875 1443 2912 tu
1474 2875 1614 2912 rideas
1646 2884 1657 2895 ’

259 2953 443 3000 scriptae
500 2953 601 2990 sunt
657 2951 709 2989 ad
756 2950 1045 2988 imitationem
1092 2959 1297 2987 versuum
1344 2959 1429 2987 non
1476 2949 1625 2988 Graeci
1670 2952 1821 2997 poetae
