2034 3334
1071 331 1155 373 160

354 459 564 516 kampius,
610 458 680 501 cui
721 457 952 500 assentirer
983 457 1020 499 si
1051 455 1301 500 incredibile
1332 455 1436 498 mihi
1468 455 1686 500 videretur
1717 454 1860 502 Hora-

357 537 466 579 tium
524 536 730 578 eroticum
777 536 1028 576 tractantem
1073 535 1377 590 argumentum
1422 531 1553 576 verba
1598 533 1862 591 nominaque

359 613 452 655 sine
483 624 614 655 sensu
646 610 951 654 accumulasse.

415 688 570 731 Virum
617 688 692 744 qui
739 684 923 743 puellas
947 698 1114 742 semper
1155 685 1352 743 perfidas,
1384 684 1592 740 crudeles,
1623 685 1754 729 duras
1784 697 1860 730 ex-

356 768 503 821 pertus
554 766 620 820 sit,
670 765 740 807 cui
799 777 919 806 amor
965 763 1150 806 laetitiae
1196 763 1317 818 nihil,
1362 763 1633 806 miseriarum
1673 762 1861 807 multum

356 842 557 896 attulerit,
588 842 863 884 maturiorem
893 840 1053 883 factum
1088 840 1192 882 diris
1223 838 1602 895 imprecationibus
1628 842 1671 883 et
1695 839 1859 884 acerbis

356 919 555 961 convitiis
586 918 780 973 iocisque
806 929 954 960 omnes
980 917 1179 973 persequi
1206 915 1389 958 feminas
1416 928 1503 958 non
1520 918 1584 959 est
1601 916 1860 960 mirandum.

357 994 523 1038 Multus
556 1007 656 1051 ergo
686 995 732 1036 in
764 994 844 1036 hoc
873 1006 1030 1050 genere
1062 997 1127 1035 est
1157 991 1377 1047 Horatius,
1409 991 1485 1035 sed.
1515 1003 1616 1035 vero
1643 1004 1742 1035 eum
1759 991 1858 1035 odio

356 1084 546 1127 veroque
587 1074 833 1127 contemptu
874 1070 1036 1113 moveri
1077 1069 1193 1112 haud
1226 1068 1352 1111 facile
1385 1068 1489 1110 mihi
1520 1067 1859 1124 persuadebitur.

359 1146 631 1190 Convitiandi
678 1148 806 1202 enim,
849 1146 1124 1203 imprecandi,
1165 1144 1384 1188 deridendi
1424 1145 1509 1187 iam
1543 1143 1862 1205 thriginm

352 1236 494 1284 {9398
541 1227 670 1266 natus
710 1224 883 1266 initium
923 1222 1033 1265 fecit.
1073 1222 1181 1264 Tum
1213 1222 1326 1264 enim
1359 1220 1656 1264 acerbissimos
1686 1221 1785 1264 illos
1813 1221 1859 1264 in

359 1300 579 1343 Canidiam
624 1301 794 1356 scripsit
831 1300 991 1364 epodos
1024 1299 1079 1362 X
1099 1302 1139 1342 et
1170 1297 1312 1366 {VJ}
1346 1296 1540 1348 Quarum
1573 1297 1704 1340 altero
1736 1295 1861 1340 Cani·

359 1378 471 1420 diam
526 1377 728 1420 describit
773 1360 1007 1419 inferorum
1056 1376 1136 1418 diis
1183 1374 1429 1418 foedissima
1473 1374 1678 1417 ferentem
1726 1386 1858 1417 sacra.

357 1453 452 1505 Quo
484 1455 673 1497 carmine
705 1455 742 1496 si
772 1452 880 1495 nihil
906 1452 1024 1494 aliud
1052 1465 1183 1507 quam
1212 1455 1472 1493 nocturnum
1499 1449 1675 1506 aliquod
1690 1449 1860 1493 facinus

356 1535 538 1574 taetrum
573 1534 701 1586 atque
733 1529 991 1572 horrendum
1025 1529 1235 1571 aterrimis
1267 1527 1496 1583 depingere
1523 1526 1731 1570 voluisset
1746 1526 1859 1569 colo-

357 1607 490 1663 ribus,
536 1621 705 1651 summa
749 1606 876 1649 laude
923 1606 1101 1661 dignum
1145 1607 1266 1647 esset.
1309 1603 1492 1659 Egregie
1533 1603 1646 1645 enim
1681 1601 1736 1644 ad
1760 1613 1856 1645 eam

356 1698 445 1728 rem
478 1685 641 1727 delecta
676 1687 779 1727 sunt
809 1682 949 1726 verba.
983 1681 1065 1724 Sed
1095 1681 1204 1723 illud
1235 1681 1376 1736 poesis
1409 1680 1687 1735 picturaeque
1716 1690 1858 1734 genus

356 1765 502 1804 nostra
534 1761 706 1804 demum
738 1760 905 1803 invenit
934 1763 1059 1802 aetas.
1093 1757 1245 1799 Parata
1275 1769 1376 1812 ergo
1408 1759 1473 1798 est
1503 1756 1750 1798 coniectura
1776 1755 1858 1797 hoc

356 1838 438 1882 sibi
468 1841 636 1895 poetam
669 1837 942 1894 proposuisse
974 1839 1024 1878 ut
1055 1833 1288 1889 Canidiam,
1323 1846 1452 1888 quam
1485 1831 1671 1888 puellam
1698 1830 1859 1874 frustra

357 1919 552 1970 amasset,
583 1914 770 1958 vetulam
803 1914 887 1956 iam
920 1912 1072 1954 factam
1107 1915 1327 1966 tamquam
1362 1922 1528 1965 magam
1555 1911 1597 1951 et
1622 1906 1856 1951 veneficam

357 1992 575 2036 derideret.
621 1990 702 2034 Sed
753 2003 840 2046 qua
886 1992 1021 2031 aetate
1064 2000 1163 2043 ergo
1205 1990 1330 2043 poeta
1371 1989 1461 2028 erat
1503 1998 1637 2041 quum
1668 1985 1857 2040 primum

356 2081 448 2112 eam
482 2080 625 2111 amare
657 2066 828 2123 coepit?
862 2065 932 2107 Ad
958 2064 1134 2107 eandem
1165 2062 1384 2105 Canidiam
1414 2062 1598 2117 scriptus
1615 2064 1680 2104 est
1695 2058 1772 2116 Ep.
1792 2059 1859 2115 17,

357 2158 443 2200 quo
490 2157 536 2187 se
582 2142 840 2200 palinodiam
887 2153 1039 2183 canere
1081 2139 1254 2183 simulat
1295 2142 1336 2181 et
1378 2139 1539 2180 victum
1573 2136 1673 2179 dare
1704 2148 1860 2178 manus

355 2222 449 2264 eius
496 2221 708 2263 scientiae.
753 2218 836 2262 Sed
873 2222 914 2261 et
947 2217 1048 2260 alibi
1082 2229 1249 2272 semper
1281 2228 1434 2271 maga
1464 2213 1703 2270 appellatur
1735 2211 1860 2255 Cani-

356 2298 438 2352 dia,
469 2298 594 2340 etiam
630 2295 701 2339 ubi
735 2295 904 2338 nullum
937 2297 1002 2337 est
1032 2293 1253 2336 deridendi
1281 2291 1505 2334 iocandive
1531 2290 1782 2343 consilium3
1813 2289 1861 2332 in

357 2387 428 2416 ore
459 2374 592 2430 igitur
622 2373 704 2415 fuit
735 2371 985 2428 aequalibus
1018 2369 1218 2413 omnibus
1251 2373 1450 2424 artesque
1477 2368 1572 2410 eius
1588 2366 1720 2422 vulgo
1736 2369 1859 2409 erant

356 2454 492 2492 notae.
524 2449 623 2492 Non
656 2462 756 2505 ergo
788 2448 898 2491 illud
931 2460 1079 2504 magae
1110 2459 1265 2490 nomen
1297 2445 1425 2488 finxit
1454 2444 1674 2499 Horatius,
1703 2455 1790 2485 non
1807 2455 1858 2486 eo

357 2527 544 2568 convitio
586 2525 770 2582 puellam
814 2525 915 2567 olim
947 2524 1141 2567 dilectam
1177 2522 1440 2579 perstrinxit,
1472 2520 1545 2563 sed
1579 2519 1693 2575 quod
1725 2531 1856 2575 supra

357 2602 409 2644 de
441 2603 588 2658 epodis
619 2602 942 2645 maledictorum
974 2601 1111 2657 plenis
1145 2600 1234 2642 dixi
1267 2598 1380 2640 idem
1413 2601 1454 2640 et
1486 2597 1538 2639 de
1555 2595 1724 2638 duobus
1739 2595 1856 2638 hisce

357 2678 490 2720 valet:
531 2683 663 2733 semet
706 2680 849 2735 ipsum
880 2679 926 2719 in
957 2676 1239 2720 Archilocheo
1270 2687 1426 2731 genere
1459 2685 1657 2716 exemere
1689 2670 1857 2714 volebat

357 2753 586 2808 Horatiu83
635 2768 742 2810 opus
786 2767 885 2811 ergo
927 2758 1016 2797 erat
1058 2755 1321 2809 argumento,
1363 2754 1404 2793 et
1442 2749 1558 2806 quod
1589 2749 1774 2805 primum
1807 2760 1854 2791 se

358 2829 511 2872 obtulit
544 2843 593 2873 eo
626 2844 733 2873 usus
765 2834 839 2873 est.

2024 297 2034 632 ἒ
