2034 3334
920 379 975 420 47

201 520 462 563 quamquam
511 505 694 548 Achillis
736 506 812 547 vix
853 506 1013 548 mentio
1057 505 1126 547 hic
1158 504 1228 547 fit:
1263 505 1560 547 tantummodo
1591 506 1706 547 enim

197 582 463 639 aliquamdiu
495 595 666 639 pugnae
698 595 805 624 non
838 581 1026 625 adfuisse
1053 582 1234 635 dicitur,
1264 583 1379 624 Aiax
1406 585 1564 637 autem,
1581 583 1708 625 cuius

198 673 359 703 nomen*
383 673 443 702 vs.
474 660 529 701 19
556 659 726 716 legitur,
747 671 835 701 non
852 657 1113 701 Salaminius
1130 670 1224 701 esse
1241 658 1412 701 videtur
1427 658 1504 701 sed
1520 657 1706 712 Locrus,

199 736 336 780 efficio
369 737 449 779 hoc
475 749 530 779 ex
558 736 743 792 epitheto
771 736 1009 778 celerem
1037 736 1225 791 sequi,
1251 735 1327 778 sed
1352 734 1533 778 fortasse
1560 739 1602 778 et
1627 737 1709 778 hoc

202 813 255 856 ad
288 812 548 869 explendum
581 825 754 855 versum
788 813 977 868 positum
1007 815 1081 855 est.
1109 811 1263 868 Neque
1288 815 1431 854 tamen
1458 811 1710 855 incredibile

203 889 414 933 Teucrum
458 890 727 932 nominatum
770 901 863 932 esse
906 902 931 931 a
961 891 1097 945 poeta,
1128 888 1300 931 fratrem
1332 889 1509 932 Aiacem
1541 889 1710 945 neglec-

199 970 304 1009 tum.
351 966 423 1008 An
474 967 620 1009 minus
665 967 859 1022 ineptum
906 969 972 1009 est
1012 965 1129 1021 quod
1171 967 1285 1008 inter
1326 965 1437 1020 illos,
1481 980 1506 1008 a
1549 965 1709 1022 quibus

198 1043 408 1099 pernicies
452 1043 507 1085 sit
548 1042 836 1098 exspectanda
872 1041 1029 1096 Paridi,
1063 1043 1139 1098 qui
1170 1042 1329 1098 pedum
1365 1042 1592 1085 velocitate
1622 1042 1710 1085 fere

199 1118 400 1161 omnibus
447 1122 648 1175 praestat,
694 1121 736 1161 et
777 1117 934 1162 Nestor
975 1118 1227 1174 appellatur,
1271 1119 1396 1161 cuius
1428 1117 1497 1169 βίη
1531 1117 1710 1167 λέλυται,

203 1185 331 1252 quem
362 1194 544 1247 χαλεπὸν
576 1199 700 1248 «γῆρας
733 1193 882 1243 ὀπηδεῖ,
916 1195 988 1237 cui
1018 1194 1206 1238 imbellis
1240 1196 1295 1238 sit
1321 1196 1471 1252 auriga
1487 1199 1529 1238 et
1546 1194 1710 1249 βραδέες

201 1269 344 1314 ivm-01⁸?
376 1271 511 1314 Metro
545 1271 746 1314 convenit
775 1271 892 1314 istud
923 1271 1148 1326 Pylium
1181 1271 1448 1315 Nestora:
1483 1273 1579 1315 ideo
1612 1273 1710 1316 aliis

200 1349 339 1405 potior
384 1348 458 1391 ille
502 1348 694 1391 habetur.
741 1347 857 1390 Hinc
905 1352 1055 1391 natum
1101 1349 1210 1391 illud
1257 1350 1500 1392 celerem
1544 1350 1711 1406 sequi

199 1426 449 1480 Aiacem,
494 1425 594 1467 hinc
640 1424 987 1468 Laertiaden
1034 1426 1275 1468 exitium
1322 1430 1451 1469 tuae
1492 1427 1709 1482 gentis:

199 1515 298 1545 nam
330 1502 521 1558 gentis
554 1514 657 1544 suae
690 1502 932 1544 exitium
966 1514 1107 1558 neque
1135 1503 1310 1546 visurus
1337 1507 1402 1546 est
1416 1503 1552 1559 Paris,
1568 1516 1710 1560 neque

200 1580 322 1634 vidit,
370 1592 505 1635 quum
549 1581 647 1621 ante
690 1591 851 1634 equum
893 1578 1125 1622 Troianum
1157 1579 1317 1622 factum
1352 1580 1563 1623 ceciderit.
1593 1579 1710 1622 Hinc

199 1655 523 1711 impavidus
580 1653 933 1697 Salaminius
989 1655 1151 1698 Teucer
1198 1656 1376 1698 dicitur:
1429 1656 1544 1712 quod
1596 1657 1710 1700 enim

200 1732 346 1774 minus
377 1734 526 1787 aptum
560 1731 622 1772 illi
652 1731 886 1786 excogitari
918 1733 1056 1787 potuit
1089 1733 1319 1788 epitheton,
1351 1734 1427 1789 qui
1458 1733 1541 1775 sub
1574 1734 1710 1789 clipeo

200 1808 343 1850 fratris
390 1807 519 1850 latere
567 1806 753 1849 soleret?
799 1806 890 1849 Iam
923 1811 1023 1850 nata
1055 1812 1119 1851 est
1151 1821 1201 1851 eo
1235 1823 1321 1865 quo
1355 1810 1548 1853 dicebam
1582 1811 1708 1854 modo

202 1884 375 1940 stropha
404 1883 491 1926 fere
523 1883 651 1939 plena
683 1885 723 1925 et
757 1882 963 1938 perfecta:

498 1982 596 2025 Non
628 1982 890 2038 Laertiaden,
923 1985 1105 2028 exitium
1138 1990 1238 2029 tuae

501 2058 664 2115 Gentis,
696 2073 783 2102 non
814 2059 988 2114 Pylium
1022 2061 1204 2104 Nestora
1228 2064 1439 2119 respicis]>

503 2135 668 2192 Urgent
699 2137 905 2192 impavidi
935 2142 977 2180 te
1009 2138 1271 2182 Salaminius

621 2212 795 2268 Teucer,

265 2312 379 2363 Quid
421 2313 664 2356 addendum
709 2314 880 2357 videtur
916 2317 1223 2372 potissimum?
1255 2318 1383 2361 Iubet
1416 2324 1626 2362 metrum:
1659 2324 1711 2363 te

205 2389 537 2444 Sthenelus,
579 2394 620 2432 et
662 2404 780 2433 nunc
811 2405 899 2434 una
930 2394 1174 2449 iunguntur
1203 2394 1366 2438 Teucer
1396 2399 1437 2438 et
1469 2396 1709 2440 Sthenelus.

202 2465 450 2522 Nunquam,
483 2470 531 2508 ut
563 2467 726 2523 opinor,
758 2467 839 2510 hoc
869 2468 959 2511 fore
987 2475 1307 2525 exspectaverat
1333 2471 1561 2515 Homerus.
1579 2473 1710 2517 Deest

205 2544 331 2586 etiam
360 2544 523 2599 aliquid
551 2545 717 2586 versui:
736 2557 867 2600 parva
884 2550 948 2588 est
964 2546 1119 2589 lacuna
1137 2548 1317 2590 duarum
1336 2549 1613 2606 syllabarum,
1631 2552 1706 2594 sed

204 2622 334 2662 totam
367 2620 455 2662 fere
487 2620 703 2675 stropham
734 2620 808 2663 illa
838 2623 1010 2678 peperit.
1044 2622 1114 2665 Sic
1146 2625 1261 2666 enim
1292 2628 1418 2680 poeta
1449 2628 1608 2683 pergit:

1213 2738 1352 2769 solens

474 2797 664 2854 Pugnae,
697 2799 788 2841 sive
819 2811 929 2854 opus
961 2802 1026 2842 est
1055 2800 1300 2856 imperitare
1332 2805 1456 2859 equis

475 2874 575 2917 Non
605 2876 756 2931 auriga
785 2875 915 2932 piger.
