2034 3334
969 375 1050 415 185

224 499 304 539 Pro
347 502 596 541 vertitur
638 504 712 542 aut
749 502 1045 542 dubitatur
1077 503 1152 541 aut
1183 502 1411 540 verbum
1443 501 1514 540 fit
1544 501 1787 550 legendum.

285 576 352 615 24.
412 576 547 626 Quid
603 589 745 618 nunc
798 578 937 627 quod
983 579 1214 624 restat?]
1272 577 1437 627 „quod
1483 577 1669 616 restat
1713 587 1789 626 pro

224 662 250 700 q
261 663 289 691 11
300 662 324 691 0
337 653 363 691 d
394 663 415 691 5
428 663 450 692 6
463 664 489 702 q
500 654 553 692 ui
566 655 583 693 t
594 665 622 693 11
635 665 666 703 1,
729 656 955 703 tamquam
986 653 1264 702 reliquiarum
1296 654 1499 703 priorum,
1534 663 1583 692 ac
1609 663 1683 702 per
1709 653 1789 692 hoc

223 727 497 768 minimum.”
549 730 727 779 Egregie
778 730 1106 769 Westerhovius
1157 740 1231 778 pro
1274 740 1294 767 r
1306 730 1354 767 el
1367 729 1380 767 i
1393 740 1418 777 q
1430 730 1483 768 ui
1496 740 1521 768 a
1532 740 1592 767 ru
1603 739 1648 768 111
1667 775 1669 778 Α
1690 740 1715 778 p
1728 740 1748 768 r
1759 729 1787 767 i-

222 812 375 842 orum
406 804 510 853 legit
541 806 823 854 reliquiae
855 815 1040 844 rerum
1072 806 1445 854 peractarum.

283 880 351 919 26.
384 880 476 920 Ηο6
508 892 674 931 quoque
705 882 899 922 scholion
933 881 1101 930 egregie
1133 880 1461 920 Westerhovius
1494 881 1718 920 dividendo
1746 882 1789 920 et

222 955 488 996 emendando
517 957 560 996 in
592 958 810 1007 integrum
841 957 1044 997 restituit.
1077 957 1183 996 Vide
1215 957 1371 1005 ipsum.

279 1104 328 1154 V,
365 1106 403 1154 9,
442 1107 508 1145 17.
542 1106 664 1146 Hanc
696 1117 874 1146 causam
907 1105 1032 1144 affert
1065 1105 1210 1155 8571115,
1240 1105 1366 1144 modo
1394 1105 1445 1144 ob
1473 1104 1630 1143 merita
1656 1115 1788 1144 manu

221 1181 420 1230 emissus,
456 1192 530 1221 cur
563 1183 605 1221 et
636 1193 746 1221 uxor
777 1192 856 1221 sua
886 1181 1020 1220 libera
1050 1179 1148 1220 fiat:

829 1257 919 1296 Tuo
951 1256 1096 1305 nepoti
1127 1256 1255 1295 huius
1286 1255 1373 1295 filio

398 1333 536 1371 Hodie
567 1333 756 1382 primam
787 1343 1030 1372 mammam
1062 1331 1178 1370 dedit
1209 1320 1344 1370 haec.>

281 1408 559 1457 Aequitatem
591 1409 797 1458 postulati
830 1408 1024 1458 agnoscit
1054 1408 1217 1447 Demea
1248 1407 1446 1447 dicendo:

765 1539 767 1541 ι
929 1483 1084 1524 Hercle
1114 1493 1216 1523 vero
1248 1483 1372 1533 serio,
1451 1533 1454 1535 Δ

402 1561 445 1599 Si
478 1560 651 1609 quidem
683 1561 869 1609 primam
903 1560 1029 1610 dedit,
1064 1559 1177 1598 haud
1210 1559 1387 1598 dubium
1419 1559 1521 1608 quin
1553 1560 1695 1599 emitti

1462 1638 1660 1684 [aequom
1692 1636 1787 1675 siet.

220 1711 487 1750 Annotatur:
532 1712 708 1751 Hodie
745 1712 982 1760 primam
1014 1722 1306 1751 mammam
1339 1712 1493 1750 dedit
1524 1712 1673 1758 haec]
1711 1711 1788 1760 „ri-

221 1786 413 1825 diculum
459 1787 689 1826 meritum:
737 1787 950 1836 siquidem
998 1788 1231 1836 oportuerit
1277 1787 1464 1837 primam
1507 1797 1602 1826 esse
1643 1797 1788 1835 quam-

222 1872 410 1910 cunque:
461 1873 515 1901 an
562 1863 661 1911 quia
711 1872 842 1902 causa
889 1864 956 1902 est
1002 1863 1112 1911 quod
1159 1863 1332 1912 ingenui
1374 1863 1573 1903 dicuntur
1613 1863 1724 1902 serio
1766 1874 1790 1902 a

222 1938 461 1977 nutricibus
487 1938 633 1977 liberis
661 1938 927 1978 educandi?'’
956 1938 1290 1987 Corruptissima
1316 1939 1422 1978 haec
1449 1940 1576 1987 atque
1599 1939 1787 1978 confusa.

222 2012 369 2052 Unum
416 2013 496 2052 hoc
538 2013 674 2063 video,
722 2014 793 2062 qui
835 2014 1027 2053 scholion
1069 2014 1289 2063 scripserit
1330 2014 1599 2063 ineptissime
1641 2014 1789 2053 serio

223 2089 398 2138 iungere
431 2099 529 2128 cum
562 2099 854 2128 mammam
882 2090 1047 2129 dedit.
1079 2090 1244 2139 Quanto
1271 2091 1518 2139 prudentior
1544 2091 1652 2130 alter
1678 2101 1788 2130 com-

222 2166 452 2214 mentator,
497 2165 568 2212 qui
610 2165 663 2203 ad
699 2165 903 2204 Hercle
934 2175 1064 2204 vero
1097 2166 1246 2205 serio
1280 2166 1525 2206 annotavit:
1563 2166 1790 2216 „adverbia

219 2241 323 2279 sunt
354 2239 695 2280 confirmantia.'’

767 2545 805 2583 A
819 2544 852 2582 D
905 2544 946 2583 H
957 2545 989 2583 Ε
1002 2544 1032 2584 C
1044 2545 1082 2583 Y
1094 2545 1130 2583 R
1142 2544 1180 2583 A
1192 2545 1244 2584 M.

901 2670 1134 2700 PROLOGUS.

281 2777 318 2814 2.
374 2775 717 2824 „Calamitas
763 2774 871 2828 παρὰ
911 2775 983 2827 τὴν
1026 2777 1206 2829 καλάμην
1249 2751 1414 2829 (11611111,
1458 2780 1648 2819 clades
1689 2781 1789 2829 quia

224 2851 447 2900 clamatur,
491 2852 540 2890 ut
581 2852 694 2890 aliud
733 2852 791 2891 sit
821 2853 1042 2901 grandinis
1074 2854 1243 2893 culmen
1274 2855 1524 2905 frangentis,
1559 2856 1673 2894 aliud
1705 2856 1789 2895 doli

222 2927 370 2965 mali.''
434 2927 656 2966 Praeclare
717 2928 1043 2968 Westerhovius
1104 2940 1179 2978 pro
1236 2931 1516 2970 clamatur
1570 2933 1789 2981 rescripsit
