2034 3334
962 256 1019 299 99

258 377 345 423 487
378 377 700 435 Qualescunque
731 392 884 421 manus
915 377 968 420 ad
999 377 1167 420 caelum
1199 381 1241 420 et
1271 378 1409 421 sidera
1441 377 1581 430 tollit3

378 449 688 506 Ing-ratumque
718 449 888 500 Iovem,
922 452 1104 504 nequeat
1133 463 1234 491 cum
1266 449 1427 500 dicere,
1461 450 1604 491 sentit.

196 518 365 562 Vitium
406 519 538 563 latere
579 521 771 576 suspicor
800 522 846 562 in
875 521 958 562 isto
989 520 1045 561 ad
1075 520 1224 561 eaelum
1256 524 1293 561 et
1323 519 1479 568 sidera,
1513 518 1626 575 quod
1658 519 1786 561 nimis

196 591 427 634 verbosum
459 595 536 634 est.
573 591 718 633 Etiam
750 591 912 633 Kornio
944 594 987 632 et
1017 590 1223 633 Ehwaldo
1254 591 1324 633 hic
1356 590 1594 633 suboluisse
1626 589 1788 646 aliquid

198 661 383 712 videtur,
426 675 525 704 cum
566 665 662 718 post
706 661 817 704 tollit
858 675 909 703 ne
948 660 1168 718 virgulam
1201 661 1375 717 quidem
1406 665 1578 717 ponant.
1612 660 1696 703 Sed
1729 662 1788 703 sic

201 736 312 775 certe
341 731 485 775 locum
516 746 600 775 non
633 732 873 775 emendant.

261 877 347 921 512
374 893 435 935 sq.
476 878 543 921 Ad
584 878 800 921 Oceanum
841 877 1095 935 Tethynque
1128 892 1171 920 se
1203 879 1363 920 confert
1397 878 1504 921 Iuno
1538 892 1694 934 eosque
1729 880 1790 921 sic

200 949 459 1006 alloquitur:

380 1020 617 1072 Quaeritis,
649 1019 851 1062 aetheriis
881 1033 1010 1075 quare
1041 1021 1190 1075 regina
1221 1019 1400 1062 deorum

381 1089 563 1132 Sedibus
594 1090 678 1133 huc
709 1090 862 1132 adsim.

199 1161 417 1203 Annotant
444 1161 625 1204 editores
650 1163 761 1203 recte
788 1160 939 1203 Latine
965 1160 1049 1202 dici
1071 1161 1147 1202 hue
1163 1162 1310 1212 adesse,
1330 1161 1441 1217 quod
1459 1175 1583 1204 nemo
1600 1162 1789 1218 negabit.

198 1231 282 1274 Sed
313 1231 494 1274 ablativi
525 1231 714 1273 aetheriis
739 1231 898 1272 sedibus
924 1233 1133 1273 rationem
1160 1231 1370 1287 explicare
1397 1231 1640 1289 negligunt.
1675 1232 1791 1274 Mihi

204 1302 479 1346 vehementer
509 1302 668 1345 arridet
697 1301 825 1344 lectio
855 1301 1011 1344 codicis
1041 1302 1091 1344 M
1123 1303 1267 1354 absim,
1301 1306 1350 1345 ut
1382 1304 1461 1345 sit:
1489 1303 1574 1345 huc
1599 1303 1791 1346 ve'nerim

205 1386 230 1415 a
262 1372 433 1415 sedibus
465 1372 679 1415 aetheriis.

266 1507 352 1551 600
383 1508 446 1551 De
476 1508 652 1564 perfidia
683 1506 906 1552 Coronidis
938 1508 1020 1550 sibi
1050 1510 1216 1551 amatae
1247 1508 1445 1551 edocetur
1476 1507 1631 1564 Apollo

385 1578 546 1621 Laurea
577 1578 749 1635 delapsa
780 1583 843 1621 est
876 1578 1021 1620 audito
1054 1580 1230 1620 crimine
1261 1581 1458 1621 amantis.

203 1648 273 1692 Sic
314 1649 500 1701 codices,
533 1649 606 1692 sed
636 1649 760 1705 plane
792 1650 1027 1691 necessaria
1056 1653 1120 1691 est
1151 1649 1321 1691 Heinsii
1353 1649 1592 1692 emendatio
1623 1649 1792 1691 amanti.

266 1794 354 1837 610
385 1793 563 1838 Coronis
594 1794 678 1838 telo
710 1794 920 1852 Apollinis
951 1808 1150 1851 percussa
1181 1808 1315 1850 pauca
1346 1794 1629 1837 lamentatur:

387 1865 628 1917 Hactenus,
663 1869 706 1908 et
736 1867 896 1922 pariter
926 1867 1063 1908 vitam
1094 1868 1194 1907 cum
1226 1867 1433 1921 sanguine
1465 1865 1590 1907 fudit.

207 1913 291 1978 Hic
333 1940 396 1978 est
437 1937 684 1991 aptissimus
726 1935 822 1977 finis
854 1937 1108 1978 narrationis
1140 1935 1191 1978 de
1222 1935 1390 1991 puellae
1421 1940 1576 1978 morte.
1608 1935 1690 1979 Sed
1725 1937 1795 1978 ad-

207 2007 324 2049 ditur
356 2008 487 2049 etiam
518 2021 668 2049 versus
699 2008 1018 2062 ineptissimus,
1053 2021 1179 2062 quem
1208 2006 1344 2048 delere
1369 2021 1453 2048 non
1481 2007 1793 2050 dubitaverim:

391 2075 554 2132 Corpus
585 2079 710 2119 inane
742 2079 906 2119 animae
939 2077 1077 2132 frigus
1107 2076 1236 2119 letale
1269 2081 1464 2119 secutum
1498 2082 1562 2119 est
1584 2078 1628 2130 ¹).

207 2147 355 2190 Nihilo
393 2151 580 2203 praestat
610 2148 680 2189 hic
712 2161 860 2189 versus
891 2147 959 2189 illi
989 2161 1116 2203 quem
1148 2146 1275 2202 paulo
1307 2151 1403 2189 ante
1436 2162 1581 2189 omnes
1614 2147 1796 2191 editores

208 2219 428 2260 omittunt.
462 2218 565 2260 Post
599 2231 771 2261 versum
805 2219 918 2259 enim
952 2216 1037 2259 555
1070 2217 1229 2269 (Pallas
1260 2217 1607 2270 Erichthonium)

390 2286 611 2331 Clauserat
641 2288 798 2330 Actaeo
830 2291 947 2330 texta
973 2288 1023 2330 de
1053 2289 1214 2330 vimine
1248 2289 1354 2329 cista

208 2382 210 2384 ν
271 2358 356 2400 555
390 2357 725 2414 Virginibusque
757 2358 893 2400 tribus
924 2359 1098 2414 gemino
1132 2358 1182 2400 de
1215 2356 1397 2413 Cecrope
1431 2360 1541 2400 natis

390 2428 446 2470 Et
477 2428 620 2484 legem
651 2428 845 2478 dederat,
881 2442 957 2470 sua
987 2442 1039 2470 ne
1070 2432 1228 2470 secreta
1258 2428 1463 2470 viderent.

210 2500 254 2540 in
286 2499 482 2553 margine
514 2498 708 2540 codicum
740 2497 790 2539 M
822 2501 864 2539 et
894 2507 920 2539 λ
952 2497 1115 2554 legitur
1146 2499 1298 2539 etiam:

210 2691 227 2711 e
259 2680 439 2712 coniectura
474 2679 620 2717 Heinsii,
651 2689 730 2720 quae
761 2688 951 2720 quamquam
982 2678 1086 2720 primo
1117 2680 1243 2720 aspectu
1275 2679 1494 2710 venustissima
1527 2682 1589 2718 est,
1622 2683 1728 2712 tamen
1751 2683 1798 2713 est

213 2734 397 2765 falsissima:
422 2734 511 2765 Luna
534 2733 618 2764 enim
641 2733 703 2764 dici
725 2735 829 2775 potest
852 2732 1044 2773 splendidior
1065 2742 1159 2773 quam
1182 2731 1321 2770 Lucifer,
1345 2743 1407 2764 non
1431 2733 1559 2764 omnino
1578 2736 1799 2775 praestantior

214 2788 250 2827 (i.
274 2799 302 2820 e.
332 2787 524 2830 pulchrior).
556 2787 742 2818 Rectissime
773 2797 847 2828 ergo
878 2786 1046 2817 Ehwaldus
1070 2786 1228 2817 revocavit
1252 2785 1289 2817 ab
1313 2786 1408 2818 exilio
1432 2787 1587 2820 traditam
1612 2789 1796 2821 lectionem:

216 2844 354 2884 oquanto
377 2852 472 2884 quam
495 2841 623 2873 Lucifer
645 2851 743 2873 aurea
768 2840 928 2879 Phoebe'’‚
947 2851 1058 2872 sonum
1081 2840 1244 2882 ingratum
1265 2844 1384 2882 quanto
1406 2852 1498 2883 quam
1523 2853 1585 2874 non
1609 2843 1721 2885 vitans.

261 2898 293 2936 1)
318 2896 466 2929 Eiusdem
486 2907 550 2928 esse
569 2896 711 2938 suspicor
730 2895 781 2926 cui
800 2895 946 2927 debemus
967 2905 1103 2931 versum,
1120 2905 1212 2936 quem
1233 2895 1349 2927 merito
1362 2896 1512 2928 damnant
1524 2907 1632 2928 omnes
1645 2897 1702 2936 VI,
1714 2899 1796 2930 294:

570 2951 697 2991 Oraque
721 2948 916 2991 compressit,
940 2949 1000 2980 nisi
1024 2954 1190 2991 postquam
1213 2949 1345 2991 spiritus
1368 2949 1437 2981 ibat

217 3010 272 3038 aut
293 3007 378 3037 certe
402 3016 438 3037 ex
461 3005 570 3037 eadem
594 3005 701 3037 schola
723 3006 844 3047 poetae.
