2034 3334
965 231 1020 276 12

185 360 250 400 est
281 357 425 399 visum
457 355 687 406 momenti,
720 355 765 397 in
790 351 1080 412 pulcherrima
1104 353 1182 398 illa
1209 353 1355 398 Ovidii
1381 353 1433 398 de
1458 362 1597 398 morte
1622 351 1788 398 Tibulli

185 426 326 484 elegia
358 427 474 479 (Am.
506 425 582 477 III,
616 424 676 478 9),
709 439 817 482 quae
851 424 907 468 34
938 429 1004 469 est
1036 425 1344 476 distichorum,
1373 438 1587 482 nusquam
1612 437 1788 469 caesura

182 499 228 541 in
261 500 412 554 quarto
446 495 551 553 pede
578 495 792 539 trochaica
818 495 1167 553 deprehenditur.
1201 496 1260 539 At
1283 497 1330 539 in
1355 495 1548 539 eiusdem
1574 496 1787 539 Amorum

180 568 280 612 libri
316 567 455 624 elegia
486 567 520 618 Ι,
555 580 663 623 quae
697 565 753 609 35
788 566 916 610 habet
947 565 1155 619 disticha,
1187 580 1273 610 non
1306 568 1451 610 minus
1483 566 1511 609 4
1544 579 1695 610 versus
1726 566 1788 610 sic

182 640 341 682 incisos
373 638 584 695 legimus:

281 710 333 752 11
368 709 496 752 Venit
527 713 571 752 et
600 709 769 766 ingenti
799 707 990 752 violenta
1021 707 1036 767 l
1067 707 1304 766 Tragoedia
1333 722 1475 766 passu.

276 779 333 823 29
366 780 492 823 Nunc
523 780 704 823 habeam
735 793 811 836 per
842 786 884 823 te
918 778 1110 823 Romana
1141 778 1156 838 l
1185 778 1426 837 Tragoedia
1455 793 1626 823 nomen.

279 851 335 894 35
369 850 481 904 Quid
513 851 721 908 gravibus
753 851 917 902 verbis,
950 852 1144 894 animosa
1176 848 1192 907 l
1225 849 1462 908 Tragoedia
1492 850 1617 894 dixit.

276 921 333 966 67
366 921 592 979 Exiguum
623 923 715 964 vati
744 921 923 965 concede
953 920 968 979 l
1000 920 1236 979 Tragoedia
1267 926 1453 978 tempus.

243 992 336 1036 Hac
378 1006 458 1050 ego
495 994 608 1036 inter
639 992 744 1036 duas
775 991 970 1036 eiusdem
1000 991 1102 1035 libri
1133 991 1294 1051 elegias
1326 991 1608 1049 discrepantia
1637 995 1784 1036 motus

184 1067 323 1106 totam
366 1077 457 1106 rem
502 1062 631 1120 paulo
673 1065 914 1106 accuratius
955 1062 1176 1120 explorare
1207 1062 1388 1107 decrevi.
1422 1063 1566 1120 Atque
1595 1065 1787 1121 excerpsi

184 1148 207 1178 e
238 1136 379 1191 primo
409 1133 519 1177 libro
550 1134 956 1191 Metamorphoseon
989 1148 1139 1178 versus
1169 1134 1316 1178 hosce:

279 1205 336 1248 12
368 1204 455 1248 Nec
488 1205 749 1248 circumfuso
781 1205 991 1262 pendebat
1023 1205 1037 1263 s
1066 1206 1113 1248 in
1147 1209 1242 1248 aere
1274 1204 1420 1249 tellus.

276 1275 334 1319 23
367 1275 424 1319 Et
454 1275 673 1333 liquidum
704 1278 839 1333 spisso
870 1277 1053 1320 secrevit
1083 1274 1098 1334 l
1129 1276 1181 1319 ab
1213 1279 1309 1319 acre
1341 1275 1525 1319 caelum.

278 1346 333 1390 31
368 1347 535 1391 Ultima
567 1347 755 1404 possedit
787 1347 1062 1404 solidumque
1093 1346 1108 1405 s
1139 1348 1327 1391 coercuit
1359 1347 1521 1391 orbem.

277 1417 334 1460 36
366 1417 485 1461 Tunc
518 1418 626 1461 freta
657 1417 829 1460 diffudit
859 1417 1103 1474 rapidisque
1134 1416 1148 1476 l
1180 1422 1416 1461 tumescere
1448 1418 1603 1462 ventis.
2019 1468 2027 1479 θ

277 1488 334 1531 55
367 1489 499 1531 Iussit
530 1493 573 1532 et
603 1490 814 1532 humanas
844 1492 1017 1532 motura
1048 1487 1063 1547 s
1093 1490 1285 1531 tonitrua
1317 1492 1495 1532 mentes.
2012 1485 2030 1539 Ξ,

280 1558 336 1602 76
368 1558 566 1602 Sanctius
598 1559 666 1602 his
698 1558 858 1602 animal
887 1561 1131 1615 mentisque
1161 1558 1176 1616 l
1209 1560 1404 1615 capacius
1436 1558 1560 1602 altae.
2019 1559 2023 1562 ”

278 1628 333 1671 91
367 1629 511 1672 Poena
538 1634 766 1685 metusque
797 1629 974 1672 aberant
1003 1643 1080 1672 nec
1111 1629 1241 1672 verba
1272 1628 1286 1686 s
1317 1630 1500 1672 minacia
1531 1628 1631 1673 fixo.

247 1698 331 1743 107
366 1698 449 1742 Ver
480 1705 570 1743 erat
601 1704 849 1750 aeternum,
882 1699 1124 1756 placidique
1156 1698 1170 1757 l
1202 1701 1449 1756 tepentibus
1481 1701 1609 1743 auris.

248 1769 332 1812 125
366 1770 511 1813 Tertia
542 1775 639 1826 post
668 1770 792 1813 illam
823 1772 1025 1813 successit
1058 1770 1073 1828 l
1104 1774 1232 1814 aenea
1264 1770 1417 1827 proles.

247 1840 330 1883 141
365 1840 542 1896 Iamque
573 1855 727 1884 nocens
759 1840 923 1884 ferrum
955 1840 1150 1897 ferroque
1182 1841 1196 1899 s
1226 1844 1450 1885 nocentius
1481 1856 1650 1886 aurum.
2020 1891 2034 1898 *A

245 1911 331 1954 144
364 1910 539 1954 Vivitur
569 1926 621 1955 ex
651 1916 798 1968 rapto;
832 1926 915 1955 non
947 1912 1101 1968 hospes
1132 1911 1147 1970 l
1180 1913 1232 1955 ab
1264 1913 1431 1969 hospite
1463 1916 1599 1958 tutus.
2015 1924 2034 1974 ξ

246 1982 331 2025 169
364 1982 519 2025 Lactea
551 1996 706 2026 nomen
737 1983 885 2035 habet,
919 1982 1098 2026 candore
1131 1982 1146 2041 s
1178 1983 1379 2027 notabilis
1409 1986 1516 2040 ipso.
2024 1987 2030 2007 '⁴

249 2052 334 2096 186
368 2051 554 2110 Corpore
586 2058 630 2097 et
660 2068 712 2096 ex
743 2067 828 2096 una
858 2054 1069 2111 pendebat
1102 2054 1118 2112 l
1152 2056 1320 2111 origine
1351 2054 1528 2099 bellum.

243 2123 332 2166 203
366 2124 622 2167 Humanum
654 2138 794 2181 genus
825 2129 891 2167 est
922 2130 1125 2181 totusque
1151 2124 1165 2183 s
1197 2126 1442 2182 perhorruit
1473 2127 1600 2170 orbis.

244 2193 333 2237 208
364 2194 559 2251 Iuppiter
590 2196 668 2238 hoc
699 2197 860 2238 iterum
894 2209 1088 2238 sermone
1119 2195 1133 2254 s
1164 2195 1335 2239 silentia
1365 2198 1497 2253 rupit.

243 2265 331 2307 219
365 2265 587 2323 Ingredior
618 2266 835 2309 traherent
866 2280 966 2309 cum
998 2281 1090 2310 sera
1121 2266 1135 2326 s
1166 2266 1417 2324 crepuscula
1448 2272 1631 2311 noctem.

244 2336 332 2379 232
364 2336 557 2380 Territus
588 2339 680 2394 ipse
711 2338 851 2394 fugit,
884 2342 1119 2394 nactusque
1149 2338 1164 2396 s
1196 2338 1366 2382 silentia
1396 2341 1547 2382 noctis.

246 2406 333 2448 234
367 2406 549 2464 Colligit
579 2422 625 2450 os
656 2408 843 2460 rabiem,
878 2408 1113 2464 solitaeque
1145 2407 1160 2467 s
1189 2409 1388 2465 cupidine
1419 2409 1572 2452 caedis.

245 2476 333 2518 252
369 2477 635 2520 Dissimilem
668 2478 825 2534 populo
858 2480 1075 2535 promittit
1106 2478 1120 2537 s
1153 2481 1320 2536 origine
1352 2481 1475 2522 mira.

245 2546 330 2588 269
365 2547 433 2589 Fit
465 2548 632 2605 fragor3
669 2549 767 2591 hinc
802 2548 920 2591 densi
953 2549 1224 2607 funduntur]
1255 2550 1307 2592 ab
1339 2549 1509 2593 aethere
1541 2549 1692 2592 nimbi.

248 2616 333 2658 282
366 2617 421 2659 Et
451 2618 668 2661 defrenato
702 2618 938 2662 volvuntur
969 2619 984 2678 s
1015 2622 1060 2662 in
1091 2634 1274 2676 aequora
1303 2634 1445 2663 cursu.

248 2686 335 2728 288
369 2688 413 2729 Si
447 2703 527 2743 qua
560 2689 712 2732 domus
744 2692 903 2732 mansit
933 2692 1159 2747 potuitque
1190 2690 1205 2749 s
1237 2692 1432 2734 resistere
1463 2694 1595 2732 tanto.

249 2755 335 2797 310
369 2757 683 2814 pulsabantque
716 2762 816 2803 novi
850 2766 1050 2803 montana
1081 2760 1096 2819 s
1127 2763 1352 2804 cacumina
1382 2760 1550 2802 fluctus.

250 2825 334 2867 317
368 2827 550 2870 Nomine
582 2829 818 2880 Parnasus,
852 2837 1139 2887 superantque
1171 2830 1186 2889 s
1217 2832 1438 2874 cacumina
1468 2830 1615 2872 nubes.

249 2895 334 2936 324
369 2896 559 2953 Iuppiter
591 2905 639 2941 ut
670 2900 846 2956 liquidis
880 2906 1079 2957 stagnare
1111 2901 1126 2959 l
1157 2901 1384 2957 paludibus
1416 2900 1575 2942 orbem.

250 2965 335 3007 329
369 2967 425 3008 Et
457 2968 570 3011 caelo
606 2976 737 3013 terras
770 2972 956 3014 ostendit
986 2971 1001 3028 s
1032 2976 1074 3015 et
1106 2972 1276 3014 aethera
1306 2971 1443 3013 terris.
