<?xml version="1.0" encoding="UTF-8"?>
<!DOCTYPE html PUBLIC "-//W3C//DTD XHTML 1.0 Transitional//EN"
    "http://www.w3.org/TR/xhtml1/DTD/xhtml1-transitional.dtd">
<html xmlns="http://www.w3.org/1999/xhtml" xml:lang="en" lang="en">
 <head>
  <title>
</title>
<meta http-equiv="Content-Type" content="text/html;charset=utf-8" />
  <meta name='ocr-system' content='tesseract 3.04.00' />
  <meta name='ocr-capabilities' content='ocr_page ocr_carea ocr_par ocr_line ocrx_word'/>
</head>
<body>
  <div class='ocr_page' id='page_1' title='image "./dehoratiopota00hartuoft_0174.png"; bbox 0 0 2034 3334; ppageno 0'>
   <div class='ocr_carea' id='block_1_1' title="bbox 1014 366 1098 409">
    <p class='ocr_par' dir='ltr' id='par_1_1' title="bbox 1014 366 1098 409">
     <span class='ocr_line' id='line_1_1' title="bbox 1014 366 1098 409; baseline 0 0"><span class='ocrx_word' id='word_1_1' title='bbox 1014 366 1098 409; x_wconf 82' lang='lat'>166</span> 
     </span>
    </p>
   </div>
   <div class='ocr_carea' id='block_1_2' title="bbox 302 486 1806 1084">
    <p class='ocr_par' dir='ltr' id='par_1_2' title="bbox 302 486 1806 1084">
     <span class='ocr_line' id='line_1_2' title="bbox 304 486 1806 549; baseline 0.001 -13"><span class='ocrx_word' id='word_1_2' title='bbox 304 493 406 536; x_wconf 91' lang='lat' dir='ltr'>dicit</span> <span class='ocrx_word' id='word_1_3' title='bbox 434 492 590 549; x_wconf 83' lang='lat' dir='ltr'>poe’ta?</span> <span class='ocrx_word' id='word_1_4' title='bbox 622 491 831 535; x_wconf 90' lang='lat' dir='ltr'>Cantabit.</span> <span class='ocrx_word' id='word_1_5' title='bbox 866 486 908 534; x_wconf 81' lang='grc' dir='ltr'>εὖ</span> <span class='ocrx_word' id='word_1_6' title='bbox 933 507 993 543; x_wconf 74' lang='grc' dir='ltr'>γε.</span> <span class='ocrx_word' id='word_1_7' title='bbox 1023 490 1135 543; x_wconf 86' lang='lat' dir='ltr'>Quid</span> <span class='ocrx_word' id='word_1_8' title='bbox 1163 491 1383 535; x_wconf 82' lang='lat' dir='ltr'><strong>cantabit?</strong></span> <span class='ocrx_word' id='word_1_9' title='bbox 1411 491 1591 536; x_wconf 79' lang='lat' dir='ltr'>Carmen</span> <span class='ocrx_word' id='word_1_10' title='bbox 1608 492 1806 549; x_wconf 85' lang='lat' dir='ltr'>Veneris,</span> 
     </span>
     <span class='ocr_line' id='line_1_3' title="bbox 303 567 1804 626; baseline 0.001 -14"><span class='ocrx_word' id='word_1_11' title='bbox 303 571 465 626; x_wconf 82' lang='lat' dir='ltr'>opinor,</span> <span class='ocrx_word' id='word_1_12' title='bbox 505 570 766 625; x_wconf 89' lang='lat' dir='ltr'>Amorisque</span> <span class='ocrx_word' id='word_1_13' title='bbox 806 568 995 625; x_wconf 88' lang='lat' dir='ltr'>plenum.</span> <span class='ocrx_word' id='word_1_14' title='bbox 1025 567 1124 611; x_wconf 87' lang='lat' dir='ltr'>Non</span> <span class='ocrx_word' id='word_1_15' title='bbox 1158 570 1262 612; x_wconf 87' lang='lat' dir='ltr'>satis</span> <span class='ocrx_word' id='word_1_16' title='bbox 1291 569 1373 612; x_wconf 88' lang='lat' dir='ltr'>hoc</span> <span class='ocrx_word' id='word_1_17' title='bbox 1403 572 1574 626; x_wconf 74' lang='lat' dir='ltr'>poetae:</span> <span class='ocrx_word' id='word_1_18' title='bbox 1606 572 1804 614; x_wconf 85' lang='lat' dir='ltr'>accurate</span> 
     </span>
     <span class='ocr_line' id='line_1_4' title="bbox 302 645 1805 702; baseline 0.001 -13"><span class='ocrx_word' id='word_1_19' title='bbox 302 646 341 689; x_wconf 89' lang='lat' dir='ltr'>ei</span> <span class='ocrx_word' id='word_1_20' title='bbox 370 649 671 702; x_wconf 76' lang='lat' dir='ltr'><strong>argumentum</strong></span> <span class='ocrx_word' id='word_1_21' title='bbox 701 645 883 688; x_wconf 84' lang='lat' dir='ltr'>indicat:</span> <span class='ocrx_word' id='word_1_22' title='bbox 912 645 1172 688; x_wconf 88' lang='lat' dir='ltr'>cantandum</span> <span class='ocrx_word' id='word_1_23' title='bbox 1200 646 1282 689; x_wconf 89' lang='lat' dir='ltr'>erit</span> <span class='ocrx_word' id='word_1_24' title='bbox 1305 646 1358 689; x_wconf 92' lang='lat' dir='ltr'>de</span> <span class='ocrx_word' id='word_1_25' title='bbox 1384 645 1598 702; x_wconf 79' lang='lat' dir='ltr'>Penelope</span> <span class='ocrx_word' id='word_1_26' title='bbox 1613 650 1655 689; x_wconf 90' lang='lat' dir='ltr'>et</span> <span class='ocrx_word' id='word_1_27' title='bbox 1672 645 1805 690; x_wconf 88' lang='lat' dir='ltr'>Circe.</span> 
     </span>
     <span class='ocr_line' id='line_1_5' title="bbox 304 721 1806 779; baseline 0.001 -14"><span class='ocrx_word' id='word_1_28' title='bbox 304 722 421 768; x_wconf 82' lang='lat' dir='ltr'>Cur?</span> <span class='ocrx_word' id='word_1_29' title='bbox 466 735 636 779; x_wconf 81' lang='lat' dir='ltr'>quaeso.</span> <span class='ocrx_word' id='word_1_30' title='bbox 669 721 882 774; x_wconf 80' lang='lat' dir='ltr'>Quoniam</span> <span class='ocrx_word' id='word_1_31' title='bbox 913 722 1013 765; x_wconf 90' lang='lat' dir='ltr'>illae</span> <span class='ocrx_word' id='word_1_32' title='bbox 1044 722 1146 765; x_wconf 92' lang='lat' dir='ltr'>olim</span> <span class='ocrx_word' id='word_1_33' title='bbox 1178 735 1317 765; x_wconf 90' lang='lat' dir='ltr'>unum</span> <span class='ocrx_word' id='word_1_34' title='bbox 1348 723 1490 766; x_wconf 90' lang='lat' dir='ltr'>virum</span> <span class='ocrx_word' id='word_1_35' title='bbox 1522 722 1724 766; x_wconf 87' lang='lat' dir='ltr'>amabant</span> <span class='ocrx_word' id='word_1_36' title='bbox 1739 755 1749 766; x_wconf 92' lang='lat'><strong>.</strong></span> <span class='ocrx_word' id='word_1_37' title='bbox 1767 755 1777 765; x_wconf 93' lang='lat'><strong><em>.</em></strong></span> <span class='ocrx_word' id='word_1_38' title='bbox 1796 755 1806 766; x_wconf 90' lang='lat'><strong>.</strong></span> 
     </span>
     <span class='ocr_line' id='line_1_6' title="bbox 303 798 1802 855; baseline 0 -13"><span class='ocrx_word' id='word_1_39' title='bbox 303 799 664 855; x_wconf 84' lang='lat' dir='ltr'>quemadmodum</span> <span class='ocrx_word' id='word_1_40' title='bbox 697 812 815 842; x_wconf 90' lang='lat' dir='ltr'>nunc</span> <span class='ocrx_word' id='word_1_41' title='bbox 847 812 978 841; x_wconf 89' lang='lat' dir='ltr'>unam</span> <span class='ocrx_word' id='word_1_42' title='bbox 1008 798 1294 853; x_wconf 79' lang='lat' dir='ltr'>Tyndaridem</span> <span class='ocrx_word' id='word_1_43' title='bbox 1324 799 1410 842; x_wconf 92' lang='lat' dir='ltr'>duo</span> <span class='ocrx_word' id='word_1_44' title='bbox 1437 799 1672 855; x_wconf 90' lang='lat' dir='ltr'>depereunt</span> <span class='ocrx_word' id='word_1_45' title='bbox 1698 799 1802 842; x_wconf 83' lang='lat' dir='ltr'>viri:</span> 
     </span>
     <span class='ocr_line' id='line_1_7' title="bbox 303 874 1804 931; baseline 0 -13"><span class='ocrx_word' id='word_1_46' title='bbox 303 878 427 931; x_wconf 77' lang='lat' dir='ltr'>poe&#39;ta</span> <span class='ocrx_word' id='word_1_47' title='bbox 472 879 514 918; x_wconf 91' lang='lat' dir='ltr'>et</span> <span class='ocrx_word' id='word_1_48' title='bbox 558 874 711 930; x_wconf 81' lang='lat' dir='ltr'>Cyrus,</span> <span class='ocrx_word' id='word_1_49' title='bbox 751 878 979 931; x_wconf 89' lang='lat' dir='ltr'>protervus</span> <span class='ocrx_word' id='word_1_50' title='bbox 1010 887 1130 930; x_wconf 88' lang='lat' dir='ltr'>puer,</span> <span class='ocrx_word' id='word_1_51' title='bbox 1162 887 1291 930; x_wconf 90' lang='lat' dir='ltr'>quem</span> <span class='ocrx_word' id='word_1_52' title='bbox 1322 874 1407 929; x_wconf 89' lang='lat' dir='ltr'>illa,</span> <span class='ocrx_word' id='word_1_53' title='bbox 1440 875 1542 931; x_wconf 90' lang='lat' dir='ltr'>quia</span> <span class='ocrx_word' id='word_1_54' title='bbox 1572 874 1804 918; x_wconf 84' lang='lat' dir='ltr'>admodum</span> 
     </span>
     <span class='ocr_line' id='line_1_8' title="bbox 303 948 1804 1008; baseline 0.001 -14"><span class='ocrx_word' id='word_1_55' title='bbox 303 964 458 994; x_wconf 89' lang='lat' dir='ltr'>saevus</span> <span class='ocrx_word' id='word_1_56' title='bbox 490 955 554 994; x_wconf 91' lang='lat' dir='ltr'>est</span> <span class='ocrx_word' id='word_1_57' title='bbox 585 955 627 994; x_wconf 89' lang='lat' dir='ltr'>et</span> <span class='ocrx_word' id='word_1_58' title='bbox 656 948 888 1004; x_wconf 76' lang='grc' dir='ltr'><em>ζηλότυπος,</em></span> <span class='ocrx_word' id='word_1_59' title='bbox 916 950 1075 1007; x_wconf 89' lang='lat' dir='ltr'>effugit,</span> <span class='ocrx_word' id='word_1_60' title='bbox 1102 951 1147 992; x_wconf 92' lang='lat' dir='ltr'>ni</span> <span class='ocrx_word' id='word_1_61' title='bbox 1174 951 1333 993; x_wconf 85' lang='lat' dir='ltr'>mirum</span> <span class='ocrx_word' id='word_1_62' title='bbox 1356 952 1466 994; x_wconf 89' lang='lat' dir='ltr'>utin</span> <span class='ocrx_word' id='word_1_63' title='bbox 1482 954 1631 1008; x_wconf 71' lang='lat' dir='ltr'>poetae</span> <span class='ocrx_word' id='word_1_64' title='bbox 1646 950 1804 995; x_wconf 87' lang='lat' dir='ltr'>Sabino</span> 
     </span>
     <span class='ocr_line' id='line_1_9' title="bbox 302 1026 1148 1084; baseline -0.001 -14"><span class='ocrx_word' id='word_1_65' title='bbox 302 1029 556 1084; x_wconf 88' lang='lat' dir='ltr'>requiescat.</span> <span class='ocrx_word' id='word_1_66' title='bbox 592 1026 702 1082; x_wconf 85' lang='lat' dir='ltr'>„Hic</span> <span class='ocrx_word' id='word_1_67' title='bbox 734 1026 878 1070; x_wconf 89' lang='lat' dir='ltr'>enim&#39;’</span> <span class='ocrx_word' id='word_1_68' title='bbox 912 1029 1037 1083; x_wconf 77' lang='lat' dir='ltr'>poeta</span> <span class='ocrx_word' id='word_1_69' title='bbox 1067 1027 1148 1070; x_wconf 88' lang='lat' dir='ltr'>ait:</span> 
     </span>
    </p>
   </div>
   <div class='ocr_carea' id='block_1_3' title="bbox 601 1150 1458 1437">
    <p class='ocr_par' dir='ltr' id='par_1_3' title="bbox 601 1150 1458 1437">
     <span class='ocr_line' id='line_1_10' title="bbox 601 1150 1369 1195; baseline 0 -1"><span class='ocrx_word' id='word_1_70' title='bbox 601 1151 686 1195; x_wconf 88' lang='lat' dir='ltr'>Hic</span> <span class='ocrx_word' id='word_1_71' title='bbox 715 1153 762 1194; x_wconf 92' lang='lat' dir='ltr'>in</span> <span class='ocrx_word' id='word_1_72' title='bbox 791 1151 968 1195; x_wconf 89' lang='lat' dir='ltr'>reducta</span> <span class='ocrx_word' id='word_1_73' title='bbox 998 1151 1109 1194; x_wconf 90' lang='lat' dir='ltr'>valle</span> <span class='ocrx_word' id='word_1_74' title='bbox 1141 1150 1369 1195; x_wconf 85' lang='lat' dir='ltr'>Caniculae</span> 
     </span>
     <span class='ocr_line' id='line_1_11' title="bbox 602 1227 1262 1271; baseline 0.002 -1"><span class='ocrx_word' id='word_1_75' title='bbox 602 1227 769 1271; x_wconf 87' lang='lat' dir='ltr'>Vitabis</span> <span class='ocrx_word' id='word_1_76' title='bbox 800 1231 945 1271; x_wconf 89' lang='lat' dir='ltr'>aestus</span> <span class='ocrx_word' id='word_1_77' title='bbox 976 1231 1018 1271; x_wconf 88' lang='lat' dir='ltr'>et</span> <span class='ocrx_word' id='word_1_78' title='bbox 1046 1227 1131 1271; x_wconf 89' lang='lat' dir='ltr'>fide</span> <span class='ocrx_word' id='word_1_79' title='bbox 1161 1227 1262 1271; x_wconf 83' lang='lat' dir='ltr'>Teia</span> 
     </span>
     <span class='ocr_line' id='line_1_12' title="bbox 661 1303 1260 1347; baseline 0 0"><span class='ocrx_word' id='word_1_80' title='bbox 661 1303 790 1347; x_wconf 82' lang='lat' dir='ltr'>Dices</span> <span class='ocrx_word' id='word_1_81' title='bbox 820 1304 1063 1347; x_wconf 84' lang='lat' dir='ltr'>laborantes</span> <span class='ocrx_word' id='word_1_82' title='bbox 1094 1305 1140 1347; x_wconf 92' lang='lat' dir='ltr'>in</span> <span class='ocrx_word' id='word_1_83' title='bbox 1172 1317 1260 1347; x_wconf 91' lang='lat' dir='ltr'>uno</span> 
     </span>
     <span class='ocr_line' id='line_1_13' title="bbox 721 1380 1458 1437; baseline -0.001 -13"><span class='ocrx_word' id='word_1_84' title='bbox 721 1380 967 1436; x_wconf 88' lang='lat' dir='ltr'>Penelopen</span> <span class='ocrx_word' id='word_1_85' title='bbox 997 1381 1263 1437; x_wconf 87' lang='lat' dir='ltr'>vitreamque</span> <span class='ocrx_word' id='word_1_86' title='bbox 1296 1380 1458 1425; x_wconf 89' lang='lat' dir='ltr'>Circen.</span> 
     </span>
    </p>
   </div>
   <div class='ocr_carea' id='block_1_4' title="bbox 303 1522 1810 2267">
    <p class='ocr_par' dir='ltr' id='par_1_4' title="bbox 305 1522 1588 1578">
     <span class='ocr_line' id='line_1_14' title="bbox 305 1522 1588 1578; baseline 0.002 -14"><span class='ocrx_word' id='word_1_87' title='bbox 305 1522 417 1578; x_wconf 88' lang='lat' dir='ltr'>Non,</span> <span class='ocrx_word' id='word_1_88' title='bbox 449 1522 600 1572; x_wconf 84' lang='lat' dir='ltr'>hercle,</span> <span class='ocrx_word' id='word_1_89' title='bbox 632 1525 783 1578; x_wconf 90' lang='lat' dir='ltr'>sponte</span> <span class='ocrx_word' id='word_1_90' title='bbox 814 1522 899 1565; x_wconf 88' lang='lat' dir='ltr'>huc</span> <span class='ocrx_word' id='word_1_91' title='bbox 929 1522 1071 1578; x_wconf 90' lang='lat' dir='ltr'>puella</span> <span class='ocrx_word' id='word_1_92' title='bbox 1104 1523 1220 1565; x_wconf 92' lang='lat' dir='ltr'>venit</span> <span class='ocrx_word' id='word_1_93' title='bbox 1251 1523 1326 1566; x_wconf 91' lang='lat' dir='ltr'>sed</span> <span class='ocrx_word' id='word_1_94' title='bbox 1357 1524 1401 1564; x_wconf 94' lang='lat' dir='ltr'>vi</span> <span class='ocrx_word' id='word_1_95' title='bbox 1431 1527 1588 1566; x_wconf 88' lang='lat' dir='ltr'>coacta.</span> 
     </span>
    </p>

    <p class='ocr_par' dir='ltr' id='par_1_5' title="bbox 303 1597 1810 2267">
     <span class='ocr_line' id='line_1_15' title="bbox 363 1597 1806 1654; baseline 0.001 -14"><span class='ocrx_word' id='word_1_96' title='bbox 363 1597 429 1641; x_wconf 88' lang='lat' dir='ltr'>De</span> <span class='ocrx_word' id='word_1_97' title='bbox 462 1599 562 1640; x_wconf 88' lang='lat' dir='ltr'>vino</span> <span class='ocrx_word' id='word_1_98' title='bbox 593 1598 819 1654; x_wconf 83' lang='lat' dir='ltr'>epulisque</span> <span class='ocrx_word' id='word_1_99' title='bbox 851 1599 976 1640; x_wconf 89' lang='lat' dir='ltr'>etiam</span> <span class='ocrx_word' id='word_1_100' title='bbox 1010 1600 1198 1641; x_wconf 84' lang='lat' dir='ltr'>carmine</span> <span class='ocrx_word' id='word_1_101' title='bbox 1230 1598 1287 1653; x_wconf 83' lang='grc' dir='ltr'>Π,</span> <span class='ocrx_word' id='word_1_102' title='bbox 1320 1599 1372 1640; x_wconf 89' lang='grc'>11</span> <span class='ocrx_word' id='word_1_103' title='bbox 1409 1612 1548 1642; x_wconf 88' lang='lat' dir='ltr'>sermo</span> <span class='ocrx_word' id='word_1_104' title='bbox 1581 1602 1656 1642; x_wconf 90' lang='lat' dir='ltr'>est.</span> <span class='ocrx_word' id='word_1_105' title='bbox 1677 1599 1806 1654; x_wconf 78' lang='lat' dir='ltr'>„Vita</span> 
     </span>
     <span class='ocr_line' id='line_1_16' title="bbox 306 1674 1805 1730; baseline 0.001 -13"><span class='ocrx_word' id='word_1_106' title='bbox 306 1674 449 1718; x_wconf 90' lang='lat' dir='ltr'>brevis</span> <span class='ocrx_word' id='word_1_107' title='bbox 494 1674 599 1729; x_wconf 89' lang='lat' dir='ltr'>est’&#39;,</span> <span class='ocrx_word' id='word_1_108' title='bbox 645 1675 707 1717; x_wconf 91' lang='lat' dir='ltr'>sic</span> <span class='ocrx_word' id='word_1_109' title='bbox 753 1676 938 1717; x_wconf 89' lang='lat' dir='ltr'>amicum</span> <span class='ocrx_word' id='word_1_110' title='bbox 989 1675 1224 1730; x_wconf 88' lang='lat' dir='ltr'>alloquitur</span> <span class='ocrx_word' id='word_1_111' title='bbox 1269 1674 1488 1730; x_wconf 89' lang='lat' dir='ltr'>Horatius,</span> <span class='ocrx_word' id='word_1_112' title='bbox 1541 1689 1670 1730; x_wconf 86' lang='lat' dir='ltr'>„mox</span> <span class='ocrx_word' id='word_1_113' title='bbox 1717 1676 1805 1720; x_wconf 84' lang='lat' dir='ltr'>abit</span> 
     </span>
     <span class='ocr_line' id='line_1_17' title="bbox 303 1751 1806 1808; baseline 0.002 -16"><span class='ocrx_word' id='word_1_114' title='bbox 303 1751 507 1793; x_wconf 89' lang='lat' dir='ltr'>iuventus</span> <span class='ocrx_word' id='word_1_115' title='bbox 539 1751 737 1806; x_wconf 87' lang='lat' dir='ltr'>ceditque</span> <span class='ocrx_word' id='word_1_116' title='bbox 769 1752 990 1805; x_wconf 88' lang='lat' dir='ltr'>senectuti,</span> <span class='ocrx_word' id='word_1_117' title='bbox 1018 1764 1128 1806; x_wconf 89' lang='lat' dir='ltr'>quae</span> <span class='ocrx_word' id='word_1_118' title='bbox 1155 1751 1368 1806; x_wconf 90' lang='lat' dir='ltr'>quidquid</span> <span class='ocrx_word' id='word_1_119' title='bbox 1395 1754 1459 1794; x_wconf 91' lang='lat' dir='ltr'>est</span> <span class='ocrx_word' id='word_1_120' title='bbox 1474 1752 1557 1794; x_wconf 90' lang='lat' dir='ltr'>ioci</span> <span class='ocrx_word' id='word_1_121' title='bbox 1572 1751 1806 1808; x_wconf 87' lang='lat' dir='ltr'>gaudiique</span> 
     </span>
     <span class='ocr_line' id='line_1_18' title="bbox 306 1825 1807 1882; baseline 0.003 -14"><span class='ocrx_word' id='word_1_122' title='bbox 306 1826 455 1869; x_wconf 88' lang='lat' dir='ltr'>aufert.</span> <span class='ocrx_word' id='word_1_123' title='bbox 485 1825 576 1869; x_wconf 90' lang='lat' dir='ltr'>Nos</span> <span class='ocrx_word' id='word_1_124' title='bbox 607 1839 706 1882; x_wconf 89' lang='lat' dir='ltr'>ergo</span> <span class='ocrx_word' id='word_1_125' title='bbox 740 1826 844 1869; x_wconf 92' lang='lat' dir='ltr'>dum</span> <span class='ocrx_word' id='word_1_126' title='bbox 871 1827 969 1869; x_wconf 92' lang='lat' dir='ltr'>licet</span> <span class='ocrx_word' id='word_1_127' title='bbox 998 1827 1187 1869; x_wconf 89' lang='lat' dir='ltr'>hilariter</span> <span class='ocrx_word' id='word_1_128' title='bbox 1215 1828 1413 1870; x_wconf 87' lang='lat' dir='ltr'>vivamus</span> <span class='ocrx_word' id='word_1_129' title='bbox 1439 1831 1480 1870; x_wconf 90' lang='lat' dir='ltr'>et</span> <span class='ocrx_word' id='word_1_130' title='bbox 1496 1828 1656 1871; x_wconf 89' lang='lat' dir='ltr'>laetum</span> <span class='ocrx_word' id='word_1_131' title='bbox 1675 1829 1807 1872; x_wconf 86' lang='lat' dir='ltr'>simul</span> 
     </span>
     <span class='ocr_line' id='line_1_19' title="bbox 306 1902 1805 1962; baseline 0.002 -17"><span class='ocrx_word' id='word_1_132' title='bbox 306 1902 570 1946; x_wconf 89' lang='lat' dir='ltr'>celebremus</span> <span class='ocrx_word' id='word_1_133' title='bbox 603 1903 890 1946; x_wconf 88' lang='lat' dir='ltr'>convivium&#39;’.</span> <span class='ocrx_word' id='word_1_134' title='bbox 923 1903 1057 1946; x_wconf 88' lang='lat' dir='ltr'>Vides</span> <span class='ocrx_word' id='word_1_135' title='bbox 1088 1908 1389 1960; x_wconf 86' lang='lat' dir='ltr'>argumentum</span> <span class='ocrx_word' id='word_1_136' title='bbox 1423 1918 1511 1947; x_wconf 91' lang='lat' dir='ltr'>non</span> <span class='ocrx_word' id='word_1_137' title='bbox 1541 1905 1670 1961; x_wconf 90' lang='lat' dir='ltr'>longe</span> <span class='ocrx_word' id='word_1_138' title='bbox 1701 1905 1805 1962; x_wconf 86' lang='lat' dir='ltr'>peti·</span> 
     </span>
     <span class='ocr_line' id='line_1_20' title="bbox 304 1979 1806 2036; baseline 0.002 -15"><span class='ocrx_word' id='word_1_139' title='bbox 304 1982 397 2022; x_wconf 90' lang='lat' dir='ltr'>tum</span> <span class='ocrx_word' id='word_1_140' title='bbox 446 1980 787 2035; x_wconf 87' lang='lat' dir='ltr'>sententiamque</span> <span class='ocrx_word' id='word_1_141' title='bbox 829 1980 932 2022; x_wconf 90' lang='lat' dir='ltr'>satis</span> <span class='ocrx_word' id='word_1_142' title='bbox 963 1980 1267 2036; x_wconf 87' lang='lat' dir='ltr'>pervulgatam.</span> <span class='ocrx_word' id='word_1_143' title='bbox 1299 1979 1456 2036; x_wconf 89' lang='lat' dir='ltr'>Lepide</span> <span class='ocrx_word' id='word_1_144' title='bbox 1487 1985 1630 2024; x_wconf 89' lang='lat' dir='ltr'>tamen</span> <span class='ocrx_word' id='word_1_145' title='bbox 1662 1982 1806 2024; x_wconf 90' lang='lat' dir='ltr'>omnia</span> 
     </span>
     <span class='ocr_line' id='line_1_21' title="bbox 305 2054 1809 2115; baseline 0.003 -18"><span class='ocrx_word' id='word_1_146' title='bbox 305 2056 545 2098; x_wconf 85' lang='lat' dir='ltr'>enuntiavit</span> <span class='ocrx_word' id='word_1_147' title='bbox 590 2054 810 2110; x_wconf 88' lang='lat' dir='ltr'>Horatius,</span> <span class='ocrx_word' id='word_1_148' title='bbox 850 2056 896 2097; x_wconf 92' lang='lat' dir='ltr'>in</span> <span class='ocrx_word' id='word_1_149' title='bbox 937 2055 1168 2098; x_wconf 88' lang='lat' dir='ltr'>verborum</span> <span class='ocrx_word' id='word_1_150' title='bbox 1209 2056 1377 2099; x_wconf 89' lang='lat' dir='ltr'>delectu</span> <span class='ocrx_word' id='word_1_151' title='bbox 1406 2057 1681 2101; x_wconf 85' lang='lat' dir='ltr'>felicissimus</span> <span class='ocrx_word' id='word_1_152' title='bbox 1711 2057 1809 2115; x_wconf 83' lang='lat' dir='ltr'>fuit,</span> 
     </span>
     <span class='ocr_line' id='line_1_22' title="bbox 305 2132 1806 2191; baseline 0.003 -18"><span class='ocrx_word' id='word_1_153' title='bbox 305 2132 448 2174; x_wconf 78' lang='lat' dir='ltr'>vivide</span> <span class='ocrx_word' id='word_1_154' title='bbox 490 2145 646 2175; x_wconf 87' lang='lat' dir='ltr'>coenae</span> <span class='ocrx_word' id='word_1_155' title='bbox 685 2136 912 2188; x_wconf 87' lang='lat' dir='ltr'>apparatus</span> <span class='ocrx_word' id='word_1_156' title='bbox 944 2133 1210 2188; x_wconf 89' lang='lat' dir='ltr'>describitur,</span> <span class='ocrx_word' id='word_1_157' title='bbox 1242 2134 1317 2176; x_wconf 89' lang='lat' dir='ltr'>sed</span> <span class='ocrx_word' id='word_1_158' title='bbox 1349 2135 1609 2191; x_wconf 84' lang='lat' dir='ltr'>simulatque</span> <span class='ocrx_word' id='word_1_159' title='bbox 1638 2134 1806 2191; x_wconf 88' lang='lat' dir='ltr'>puellae</span> 
     </span>
     <span class='ocr_line' id='line_1_23' title="bbox 309 2208 1810 2267; baseline 0.003 -17"><span class='ocrx_word' id='word_1_160' title='bbox 309 2209 468 2250; x_wconf 89' lang='lat' dir='ltr'>mentio</span> <span class='ocrx_word' id='word_1_161' title='bbox 495 2211 559 2252; x_wconf 91' lang='lat' dir='ltr'>est</span> <span class='ocrx_word' id='word_1_162' title='bbox 584 2208 776 2251; x_wconf 88' lang='lat' dir='ltr'>facienda</span> <span class='ocrx_word' id='word_1_163' title='bbox 803 2209 982 2252; x_wconf 88' lang='lat' dir='ltr'>ridicule</span> <span class='ocrx_word' id='word_1_164' title='bbox 998 2210 1142 2252; x_wconf 86' lang='lat' dir='ltr'>haeret</span> <span class='ocrx_word' id='word_1_165' title='bbox 1159 2210 1400 2266; x_wconf 87' lang='lat' dir='ltr'>titubatque</span> <span class='ocrx_word' id='word_1_166' title='bbox 1416 2214 1550 2267; x_wconf 70' lang='lat' dir='ltr'>poeta.</span> <span class='ocrx_word' id='word_1_167' title='bbox 1571 2209 1733 2266; x_wconf 88' lang='lat' dir='ltr'>„Quis”</span> <span class='ocrx_word' id='word_1_168' title='bbox 1749 2211 1810 2254; x_wconf 89' lang='lat' dir='ltr'>ait</span> 
     </span>
    </p>
   </div>
   <div class='ocr_carea' id='block_1_5' title="bbox 1214 1654 1381 1664">
    <p class='ocr_par' dir='ltr' id='par_1_6' title="bbox 1214 1654 1381 1664">
     <span class='ocr_line' id='line_1_24' title="bbox 1214 1654 1381 1664; baseline 0 1670"><span class='ocrx_word' id='word_1_169' title='bbox 1214 1654 1381 1664; x_wconf 95' lang='lat' dir='ltr'> </span> 
     </span>
    </p>
   </div>
   <div class='ocr_carea' id='block_1_6' title="bbox 604 2332 1469 2463">
    <p class='ocr_par' dir='ltr' id='par_1_7' title="bbox 604 2332 1469 2463">
     <span class='ocr_line' id='line_1_25' title="bbox 604 2332 1469 2383; baseline 0.003 -8"><span class='ocrx_word' id='word_1_170' title='bbox 604 2332 711 2383; x_wconf 91' lang='lat' dir='ltr'>Quis</span> <span class='ocrx_word' id='word_1_171' title='bbox 743 2334 915 2376; x_wconf 89' lang='lat' dir='ltr'>devium</span> <span class='ocrx_word' id='word_1_172' title='bbox 950 2338 1139 2377; x_wconf 88' lang='lat' dir='ltr'>scortum</span> <span class='ocrx_word' id='word_1_173' title='bbox 1173 2336 1313 2378; x_wconf 91' lang='lat' dir='ltr'>eliciat</span> <span class='ocrx_word' id='word_1_174' title='bbox 1345 2336 1469 2378; x_wconf 93' lang='lat' dir='ltr'>domo</span> 
     </span>
     <span class='ocr_line' id='line_1_26' title="bbox 605 2407 788 2463; baseline 0.005 -13"><span class='ocrx_word' id='word_1_175' title='bbox 605 2407 788 2463; x_wconf 82' lang='lat' dir='ltr'>Lyden?</span> 
     </span>
    </p>
   </div>
   <div class='ocr_carea' id='block_1_7' title="bbox 307 2549 1810 2912">
    <p class='ocr_par' dir='ltr' id='par_1_8' title="bbox 307 2549 1810 2912">
     <span class='ocr_line' id='line_1_27' title="bbox 307 2549 1809 2609; baseline 0.003 -18"><span class='ocrx_word' id='word_1_176' title='bbox 307 2549 405 2591; x_wconf 89' lang='lat' dir='ltr'>Non</span> <span class='ocrx_word' id='word_1_177' title='bbox 437 2554 599 2605; x_wconf 86' lang='lat' dir='ltr'>poterat</span> <span class='ocrx_word' id='word_1_178' title='bbox 624 2551 863 2605; x_wconf 80' lang='grc' dir='ltr'><em>κυνικώτερον</em></span> <span class='ocrx_word' id='word_1_179' title='bbox 890 2553 1109 2608; x_wconf 82' lang='lat' dir='ltr'>psaltriam</span> <span class='ocrx_word' id='word_1_180' title='bbox 1137 2553 1349 2608; x_wconf 89' lang='lat' dir='ltr'>appellare</span> <span class='ocrx_word' id='word_1_181' title='bbox 1379 2567 1506 2609; x_wconf 86' lang='lat' dir='ltr'>quam</span> <span class='ocrx_word' id='word_1_182' title='bbox 1527 2554 1588 2595; x_wconf 87' lang='lat' dir='ltr'>sic</span> <span class='ocrx_word' id='word_1_183' title='bbox 1609 2553 1809 2607; x_wconf 86' lang='lat' dir='ltr'>„devium</span> 
     </span>
     <span class='ocr_line' id='line_1_28' title="bbox 308 2626 1810 2685; baseline 0.003 -18"><span class='ocrx_word' id='word_1_184' title='bbox 308 2626 537 2668; x_wconf 89' lang='lat' dir='ltr'>scortum&#39;&#39;.</span> <span class='ocrx_word' id='word_1_185' title='bbox 570 2627 625 2669; x_wconf 87' lang='lat' dir='ltr'>Et</span> <span class='ocrx_word' id='word_1_186' title='bbox 657 2642 793 2683; x_wconf 91' lang='lat' dir='ltr'>quum</span> <span class='ocrx_word' id='word_1_187' title='bbox 826 2628 932 2670; x_wconf 90' lang='lat' dir='ltr'>duo</span> <span class='ocrx_word' id='word_1_188' title='bbox 964 2630 1087 2671; x_wconf 87' lang='lat' dir='ltr'>amici</span> <span class='ocrx_word' id='word_1_189' title='bbox 1119 2630 1246 2683; x_wconf 87' lang='lat' dir='ltr'>genio</span> <span class='ocrx_word' id='word_1_190' title='bbox 1279 2629 1505 2685; x_wconf 88' lang='lat' dir='ltr'>indulgent</span> <span class='ocrx_word' id='word_1_191' title='bbox 1535 2642 1671 2671; x_wconf 92' lang='lat' dir='ltr'>unum</span> <span class='ocrx_word' id='word_1_192' title='bbox 1700 2629 1810 2671; x_wconf 89' lang='lat' dir='ltr'>invi-</span> 
     </span>
     <span class='ocr_line' id='line_1_29' title="bbox 308 2702 1808 2761; baseline 0.004 -19"><span class='ocrx_word' id='word_1_193' title='bbox 308 2705 396 2743; x_wconf 88' lang='lat' dir='ltr'>tare</span> <span class='ocrx_word' id='word_1_194' title='bbox 449 2702 693 2754; x_wconf 83' lang='lat' dir='ltr'>„scortum”</span> <span class='ocrx_word' id='word_1_195' title='bbox 741 2704 785 2746; x_wconf 90' lang='lat' dir='ltr'>id</span> <span class='ocrx_word' id='word_1_196' title='bbox 832 2704 1018 2759; x_wconf 88' lang='lat' dir='ltr'>quidem,</span> <span class='ocrx_word' id='word_1_197' title='bbox 1063 2705 1214 2760; x_wconf 89' lang='lat' dir='ltr'>hercle,</span> <span class='ocrx_word' id='word_1_198' title='bbox 1258 2706 1385 2747; x_wconf 87' lang='lat' dir='ltr'>nimis</span> <span class='ocrx_word' id='word_1_199' title='bbox 1432 2707 1670 2761; x_wconf 85' lang='lat' dir='ltr'>„poscentis</span> <span class='ocrx_word' id='word_1_200' title='bbox 1714 2706 1808 2748; x_wconf 87' lang='lat' dir='ltr'>aevi</span> 
     </span>
     <span class='ocr_line' id='line_1_30' title="bbox 308 2776 1806 2836; baseline 0.003 -18"><span class='ocrx_word' id='word_1_201' title='bbox 308 2776 471 2831; x_wconf 88' lang='lat' dir='ltr'>pauca&#39;&#39;</span> <span class='ocrx_word' id='word_1_202' title='bbox 519 2781 593 2819; x_wconf 86' lang='lat' dir='ltr'>est.</span> <span class='ocrx_word' id='word_1_203' title='bbox 640 2777 803 2828; x_wconf 83' lang='lat' dir='ltr'>Quodsi</span> <span class='ocrx_word' id='word_1_204' title='bbox 844 2780 971 2835; x_wconf 89' lang='lat' dir='ltr'>plane</span> <span class='ocrx_word' id='word_1_205' title='bbox 1013 2781 1171 2823; x_wconf 91' lang='lat' dir='ltr'>sentire</span> <span class='ocrx_word' id='word_1_206' title='bbox 1201 2782 1323 2836; x_wconf 89' lang='lat' dir='ltr'>cupis</span> <span class='ocrx_word' id='word_1_207' title='bbox 1357 2794 1483 2836; x_wconf 88' lang='lat' dir='ltr'>quam</span> <span class='ocrx_word' id='word_1_208' title='bbox 1519 2782 1574 2822; x_wconf 87' lang='lat' dir='ltr'>sit</span> <span class='ocrx_word' id='word_1_209' title='bbox 1603 2781 1721 2822; x_wconf 90' lang='lat' dir='ltr'>istud</span> <span class='ocrx_word' id='word_1_210' title='bbox 1753 2781 1806 2823; x_wconf 90' lang='lat' dir='ltr'>de</span> 
     </span>
     <span class='ocr_line' id='line_1_31' title="bbox 308 2851 1807 2912; baseline 0.003 -19"><span class='ocrx_word' id='word_1_211' title='bbox 308 2851 426 2906; x_wconf 88' lang='lat' dir='ltr'>Lyde</span> <span class='ocrx_word' id='word_1_212' title='bbox 467 2858 604 2895; x_wconf 86' lang='lat' dir='ltr'>scorto</span> <span class='ocrx_word' id='word_1_213' title='bbox 642 2854 854 2909; x_wconf 90' lang='lat' dir='ltr'>plebeium</span> <span class='ocrx_word' id='word_1_214' title='bbox 887 2859 928 2898; x_wconf 91' lang='lat' dir='ltr'>et</span> <span class='ocrx_word' id='word_1_215' title='bbox 958 2857 1180 2910; x_wconf 89' lang='lat' dir='ltr'>rusticum,</span> <span class='ocrx_word' id='word_1_216' title='bbox 1211 2860 1359 2900; x_wconf 87' lang='lat' dir='ltr'>auctor</span> <span class='ocrx_word' id='word_1_217' title='bbox 1390 2856 1468 2899; x_wconf 89' lang='lat' dir='ltr'>tibi</span> <span class='ocrx_word' id='word_1_218' title='bbox 1501 2870 1609 2912; x_wconf 92' lang='lat' dir='ltr'>sum,</span> <span class='ocrx_word' id='word_1_219' title='bbox 1641 2856 1807 2912; x_wconf 85' lang='lat' dir='ltr'>Lector,</span> 
     </span>
    </p>
   </div>
   <div class='ocr_carea' id='block_1_8' title="bbox 1951 0 2034 3334">
    <p class='ocr_par' dir='ltr' id='par_1_9' title="bbox 1951 0 2034 3334">
     <span class='ocr_line' id='line_1_32' title="bbox 1951 0 2034 3334; baseline 0 0"><span class='ocrx_word' id='word_1_220' title='bbox 1951 0 2034 3334; x_wconf 95' lang='lat' dir='ltr'> </span> 
     </span>
    </p>
   </div>
  </div>
 </body>
</html>
