2034 3334
1036 373 1118 412 134

292 500 426 550 „Cum
473 499 611 549 possit
656 498 805 548 paucis
851 498 995 537 verbis
1036 496 1279 547 significare
1320 498 1573 549 Pamphilus
1603 498 1705 550 quid
1735 500 1858 551 pater

288 576 450 626 fecerit,
484 574 624 614 multa
656 573 874 614 consumit
905 573 1183 614 lamentando
1211 574 1263 614 de
1295 574 1410 615 illius
1441 575 1737 616 crudelitate.”

350 653 420 692 25.
513 650 594 691 Tot
620 660 692 690 me
718 649 960 699 impediunt
985 659 1113 690 curae
1139 660 1249 699 quae
1274 661 1423 691 meum
1445 651 1642 692 animum
1658 651 1858 694 divorsae

1579 727 1796 775 [trahuntz

511 804 658 852 Amor,
693 802 990 842 misericordia
1020 803 1161 853 huius,
1195 803 1445 853 nuptiarum
1477 803 1732 845 sollicitudo.

289 881 354 921 Ad
401 890 553 920 amor
598 880 853 919 annotatur:
905 889 956 928 „a
996 879 1284 930 necessario,”
1326 879 1419 930 hoc,
1453 880 1502 919 ut
1532 879 1694 931 opinor,
1725 889 1858 923 sensu

289 959 338 996 ut
378 956 540 996 amoris
582 956 649 996 vis
685 956 848 996 invicta
880 957 1009 1005 atque
1040 955 1303 996 inevitabilis
1334 956 1513 997 dicatur.
1546 957 1613 997 Ad
1643 956 1856 999 miseri·

289 1033 503 1073 cordia:
531 1030 635 1083 „o'mb
661 1037 732 1071 τοῦ
759 1027 926 1083 αἰσίου,”
954 1032 1068 1071 unde
1096 1032 1191 1071 sani
1208 1032 1316 1072 nihil
1333 1033 1546 1082 extundo;
1564 1043 1703 1083 neque
1717 1032 1858 1074 multo
1927 1022 1935 1028 “

289 1109 510 1159 praestare
561 1108 732 1148 videtur
778 1108 915 1148 altera
959 1090 1086 1148 lectio
1133 1105 1212 1148 ἀπὸ
1257 1113 1328 1148 τοῦ
1375 1106 1499 1148 ὁσίου.
1545 1109 1664 1150 Haec
1708 1111 1858 1151 tamen

289 1187 507 1234 utcunque
548 1184 731 1234 intelligi
762 1186 928 1234 potest;
961 1185 1026 1224 sic
1055 1185 1166 1224 fere:
1203 1185 1313 1235 „Sed
1344 1186 1388 1225 et
1418 1185 1715 1227 misericordia
1743 1186 1858 1227 haud

289 1261 577 1311 spernendam
634 1261 725 1300 vim
782 1261 924 1311 habet,
982 1261 1196 1310 siquidem
1251 1271 1331 1301 nos
1381 1262 1558 1311 pietatis
1602 1262 1858 1312 constringit

288 1338 517 1378 vinculis.”

351 1414 420 1454 34.
470 1414 863 1460 constitutae]
916 1414 1037 1463 „Non
1084 1414 1203 1454 addit
1243 1425 1269 1454 a
1309 1416 1492 1466 patre,
1525 1416 1602 1456 sed
1632 1415 1855 1466 invidiose,

290 1491 414 1540 quasi
455 1491 499 1530 et
540 1501 566 1530 a
606 1490 832 1540 Pamphilo
864 1490 954 1530 sint
984 1491 1259 1533 constitutae.
1291 1491 1360 1532 An
1391 1491 1520 1532 timet
1550 1492 1594 1531 in
1624 1491 1796 1542 negotio
1806 1491 1856 1531 ’δ”

290 1566 400 1606 Illud
431 1567 526 1606 sed
557 1566 710 1606 abesse
741 1566 917 1606 malim:
952 1567 1115 1606 etenim
1146 1577 1232 1606 non
1263 1567 1456 1607 addendo
1487 1578 1513 1607 a
1543 1569 1703 1618 patre
1733 1567 1856 1607 Pam-

290 1643 457 1692 philum
483 1652 650 1692 quoque
677 1643 856 1682 obscure
883 1644 1059 1682 accusat
1085 1643 1232 1692 Mysis.
1259 1642 1427 1683 Ultima
1452 1643 1539 1683 ista
1567 1653 1650 1693 „an
1669 1644 1798 1684 timet
1813 1642 1858 1684 in

290 1719 462 1769 negotio
473 1719 521 1758 ?”
554 1719 655 1768 quid
686 1719 768 1758 sibi
799 1718 936 1758 velint
967 1729 1052 1758 non
1083 1718 1220 1758 video.

349 1796 405 1836 33
438 1805 501 1844 sq.
536 1795 714 1844 Mysidis
749 1795 881 1834 verba
917 1795 970 1834 ad
1006 1795 1282 1845 Pamphilum
1314 1795 1421 1836 haec
1451 1797 1576 1836 sunt:
1610 1795 1857 1846 Glycerium

407 1872 593 1911 Laborat
625 1881 647 1910 e
679 1870 835 1921 dolore,
870 1872 999 1920 atque
1031 1882 1087 1910 ex
1117 1871 1198 1911 hoc
1229 1872 1390 1911 misera
1420 1872 1607 1912 sollicita
1637 1873 1706 1912 est
1735 1871 1803 1912 die

407 1947 515 1998 Quia
555 1947 660 1987 olim
697 1948 741 1987 in
772 1947 887 1987 hunc
917 1949 1020 1987 sunt
1052 1948 1314 1988 constitutae
1345 1948 1533 1998 nuptiae.
1566 1948 1678 1988 Tum
1709 1949 1857 1989 autem

1543 2025 1639 2072 [hoc
1668 2024 1798 2065 timet

405 2100 467 2139 Ne
499 2100 674 2140 deseras
705 2110 765 2140 se.

345 2177 487 2216 Hasce
519 2176 589 2215 hic
619 2176 831 2216 habemus
863 2177 1188 2216 annotationes:

346 2252 447 2292 Hic
489 2253 711 2301 nuptiis
753 2253 944 2292 dictus
987 2254 1073 2292 est
1115 2253 1248 2292 dies.
1292 2252 1422 2292 Tum
1450 2254 1661 2300 autem]
1699 2252 1855 2302 „Tum

285 2330 520 2378 praeterea.
565 2328 757 2368 Tertiam
799 2328 957 2368 habere
993 2328 1327 2368 sollicitudinem
1361 2328 1620 2378 Glycerium,
1653 2338 1708 2368 ne
1738 2328 1854 2368 dese-

284 2407 404 2444 ratur
436 2415 461 2444 a
491 2404 760 2453 Pamphilo.'’

344 2481 614 2520 Sollicita
646 2482 757 2527 est]
795 2480 1072 2530 „Sollicitudo
1103 2491 1249 2520 rerum
1281 2481 1543 2520 incertarum
1575 2481 1718 2530 magis
1743 2481 1854 2521 est.”

344 2556 488 2605 Quod
524 2557 576 2595 in
610 2556 752 2595 hunc
783 2556 954 2603 diem]
988 2556 1096 2606 „Hic
1122 2557 1277 2596 certior
1303 2557 1450 2596 metus
1477 2557 1544 2596 est
1570 2558 1613 2596 et
1638 2556 1852 2606 gravior.'’

344 2632 457 2681 Quas
496 2633 776 2672 vehementer
808 2633 1009 2672 confusas
1040 2633 1396 2682 perturbatasque
1428 2642 1525 2672 esse
1556 2641 1724 2672 censeo,
1755 2631 1854 2682 Ipse

283 2708 544 2747 scholiorum
578 2710 726 2747 auctor
757 2709 837 2748 hoc
869 2709 1126 2758 praesertim
1153 2709 1303 2748 docere
1329 2708 1489 2747 voluit:
1517 2707 1853 2747 sollicitudinem

282 2793 378 2822 esse
411 2794 555 2822 rerum
589 2784 864 2832 incertarum,
898 2785 1103 2824 timorem
1135 2785 1363 2823 certarum.

341 2859 528 2898 35—40.
574 2859 924 2908 indignabundus
966 2859 1219 2909 Pamphilus
1256 2859 1434 2908 Mysidis
1475 2858 1767 2908 suspicionem
1797 2857 1850 2898 de

281 2944 360 2973 sua
394 2935 601 2974 adversus
635 2935 881 2986 Glycerium
911 2934 1088 2984 perfidia
1119 2945 1145 2975 a
1175 2945 1223 2975 se
1254 2934 1393 2975 reiicit
1424 2934 1727 2975 exclamando:

2022 806 2034 975 ἶ

2027 978 2034 1097 ἒ
