2034 3334
234 379 288 423 ad
320 379 362 424 h.
382 394 423 423 v.
459 381 777 424 annotationem
809 379 862 423 de
892 379 1093 424 adverbio
1125 385 1256 424 autem
1283 382 1329 425 in
1361 395 1555 427 sermone
1584 381 1834 441 quotidiano

235 455 279 494 et
319 450 550 494 comoedia.
594 450 707 494 Addi
745 454 926 508 possunt
956 454 1000 495 et
1031 450 1114 495 alia
1145 451 1342 511 exempla
1370 461 1415 497 et
1444 453 1524 498 hoc
1553 467 1578 498 e
1608 452 1841 501 Terentio:

236 521 337 573 „sed
369 521 471 579 quid
504 522 712 579 pertimui
743 525 889 566 autem
922 519 1105 566 belua?’'
1137 522 1334 576 (Phorm.
1366 522 1488 578 601).

296 590 510 636 Continuo
541 594 758 650 sequitur:
1430 630 1433 632 ,

417 663 473 705 Et
506 667 610 720 quot
641 663 887 708 confundas.
907 666 951 707 et
981 664 1075 707 iura
1106 667 1150 708 et
1182 665 1356 709 nomina
1387 663 1549 709 sentis?

235 733 402 777 Mirum
434 739 500 778 est
525 735 667 791 sperni
693 736 915 792 antiquam
942 735 1230 779 coniecturam
1255 750 1338 789 nec,
1363 749 1448 794 qua
1472 735 1563 780 sola
1585 710 1851 781 restituitur

233 805 280 849 id
311 805 424 863 quod
455 806 586 850 huius
618 811 683 850 est
713 805 819 859 loci,
851 820 989 864 neque
1014 806 1104 850 ulla
1130 806 1370 851 emendatio
1392 806 1529 852 lenior
1545 799 1645 852 'esse
1669 810 1832 866 potest:

233 877 460 921 librarium
503 879 573 921 cui
615 892 687 920 nec
703 903 759 911 —
778 882 817 922 et
831 903 889 910 -—
906 882 946 921 et
986 877 1259 922 scribendum
1302 882 1435 930 esset,
1478 882 1543 922 ter
1572 882 1612 922 et
1641 879 1836 937 posuisse

234 947 339 1006 quid
371 946 565 992 mirum?

297 1072 382 1117 351
412 1088 502 1131 sqq.
865 1076 924 1118 At
956 1080 1028 1128 tu,
1061 1075 1165 1118 dum
1198 1088 1371 1132 corpore
1401 1089 1484 1119 non
1516 1089 1562 1119 es

417 1144 548 1188 Passa
578 1145 717 1198 nefas,
752 1147 897 1189 animo
928 1160 981 1190 ne
1013 1147 1207 1203 concipe,
1239 1159 1347 1190 neve
1378 1147 1583 1203 potentis.

415 1213 659 1260 Concubitu
691 1218 826 1260 vetito
857 1221 1035 1260 naturae
1064 1215 1211 1273 pollue
1242 1216 1405 1260 foedus.

235 1285 522 1330 Vehementer
563 1287 675 1330 mihi
706 1287 776 1331 hic
806 1287 926 1330 istud
948 1288 1132 1342 potentis
1163 1286 1362 1344 displicet
1393 1291 1437 1330 et
1466 1287 1520 1330 ab
1550 1286 1708 1332 Ovidio
1736 1264 1835 1345 pro—

233 1357 395 1400 fectum
427 1359 502 1400 vix
534 1358 670 1402 credo.
704 1358 815 1401 Nam
849 1358 962 1415 quod
993 1358 1063 1401 hic
1090 1357 1211 1401 affert
1236 1357 1468 1401 Ehwaldus
1494 1372 1558 1402 vs.
1577 1357 1666 1403 '758
1691 1357 1722 1405 1.
1745 1357 1833 1403 lx:

418 1427 625 1485 Quodque
656 1443 762 1486 ego,
794 1428 893 1472 vult
923 1430 1109 1486 genitor,
1141 1427 1238 1480 vult
1262 1430 1357 1485 ipsa
1381 1441 1583 1485 socerque
1608 1428 1800 1482 futurum
1885 1484 1899 1489 .,
1921 1408 1975 1502 Υ

418 1500 478 1542 At
509 1513 591 1543 non
622 1499 719 1542 vult
750 1505 927 1551 natura,
961 1500 1178 1556 potentior
1207 1499 1408 1543 omnibus
1437 1500 1534 1542 istis
1577 1526 1587 1539 .

235 1570 298 1612 ibi
330 1570 539 1624 potentior
581 1575 670 1614 tam
711 1572 885 1628 egregie
915 1571 1107 1630 positum
1138 1574 1202 1613 est
1234 1584 1365 1627 quam
1395 1571 1539 1627 inepte
1569 1574 1713 1614 nostro
1739 1569 1834 1616 loco

227 1641 421 1694 potentis,
464 1645 508 1684 et
548 1641 635 1684 fere
678 1641 932 1684 crediderim
973 1654 1120 1685 veram
1155 1640 1382 1684 lectionem
1415 1642 1499 1683 isto
1527 1641 1704 1695 potentie
1733 1640 1834 1685 sede

234 1724 311 1754 8118
342 1710 514 1767 pulsam
546 1713 638 1754 eius
669 1710 796 1768 culpa
827 1713 903 1767 qui
932 1713 1234 1768 intempestive
1262 1724 1410 1754 versus
1434 1709 1556 1754 illius
1580 1725 1604 1755 e
1629 1710 1741 1755 libro
1765 1710 1831 1755 IX
1890 1746 1893 1748 μ

235 1795 402 1825 memor
432 1785 556 1824 esset.

300 1905 389 1950 408
415 1921 478 1964 sq.

421 1977 698 2029 „Sensimus”
737 1979 880 2035 inquit
921 1980 1106 2031 (nutrix)
1147 1992 1294 2030 „amas
1331 1982 1388 2029 et,
1428 1979 1544 2031 hunc,
1584 1991 1693 2031 mea,
1725 1992 1835 2036 pone

417 2047 631 2092 Sedulitas
663 2050 744 2091 erit
775 2052 874 2105 apta
906 2049 1030 2092 tibi.''
1586 2037 1832 2104 [timorem‚

236 2119 319 2162 Pro
348 2121 495 2176 inepta
526 2119 605 2162 hac
639 2119 927 2170 „meliorum”
962 2119 1158 2163 codicum
1191 2119 1373 2164 lectione
1405 2119 1690 2172 „deteriores”
1716 2133 1836 2179 egre-

235 2191 356 2246 giam
388 2191 432 2233 in
463 2191 534 2232 hoc
565 2191 782 2247 praebent.

299 2315 387 2358 500
404 2330 465 2372 sq.
497 2315 594 2358 Flet
626 2313 844 2359 tamen'et
875 2315 1043 2372 tepidae
1075 2320 1250 2359 manant
1280 2330 1333 2359 ex
1364 2315 1512 2359 arbore
1542 2321 1708 2374 guttae.

494 2386 572 2429 Est
604 2387 736 2429 honor
766 2392 804 2428 et
833 2385 1036 2430 lacrimis.
1770 2434 1776 2440 ,

241 2455 318 2498 Pro
361 2459 536 2513 egregia
575 2457 655 2499 hac
697 2457 867 2499 omnium
907 2457 1104 2500 codicum
1145 2457 1326 2500 lectione
1356 2457 1595 2500 Merkelius
1625 2461 1695 2510 (ex
1726 2461 1831 2512 uno)

237 2525 354 2568 dedit
395 2543 428 2578 e,
472 2532 514 2570 et
557 2527 636 2570 hoc
676 2529 883 2570 emendare
922 2531 1046 2572 vocat
1087 2527 1291 2571 Kornius.
1324 2527 1520 2571 Ehwaldi
1550 2527 1760 2571 iudicium
1792 2532 1832 2571 et

237 2598 442 2639 restituit.

301 2717 387 2759 515
416 2732 504 2774 sqq.
1130 2719 1282 2773 Qualia
1312 2734 1497 2776 namque

420 2787 605 2844 Corpora
638 2790 850 2832 nudorum
886 2790 1032 2833 tabula
1064 2792 1306 2847 pinguntur
1334 2791 1571 2842 Amorum,

420 2858 536 2900 Talis
569 2865 681 2909 erat,
712 2860 807 2908 sed,
841 2874 894 2903 ne
925 2861 1051 2903 faciat
1084 2860 1330 2904 discrimina
1360 2860 1525 2911 cultus,

420 2930 508 2970 Aut
541 2930 641 2972 huic
673 2930 777 2972 adde
810 2930 949 2981 leves,
983 2936 1058 2973 aut
1090 2931 1159 2973 ilci
1189 2931 1311 2974 deme
1341 2931 1573 2987 pharetras.

239 2998 369 3040 Unice
404 3013 550 3040 verum
585 3005 647 3041 est
681 3000 792 3055 quod
826 3001 891 3043 ed.
926 3001 1079 3044 Aldina
1110 3002 1236 3044 habet
1267 3001 1356 3042 ilbi«
1385 3005 1462 3053 (sc.
1496 3001 1755 3054 Amoribus).
