2034 3334
998 342 1083 384 184

311 479 553 524 Mercurius
595 481 638 521 et
677 477 796 521 istud
826 489 1001 533 nepos
1031 475 1294 519 Atlantis
1325 475 1418 519 sive
1447 473 1816 518 Atlantiades

312 560 446 600 metro
493 559 558 599 est
606 554 889 611 aptissimum.
935 552 1002 596 Ne
1048 553 1094 595 in
1138 553 1218 596 hac
1265 552 1438 609 quidem
1480 565 1528 596 re
1569 564 1647 608 ego
1678 550 1815 595 ullum

312 646 496 690 agnosco
543 644 801 675 consensum
851 631 966 688 quod
1012 633 1195 687 uterque
1243 633 1367 688 poeta
1407 629 1665 674 adiectivum
1697 641 1816 686 prae-

312 710 473 752 mittat:
506 708 642 751 multo
682 708 797 751 enim
829 707 1068 764 elegantius
1099 710 1165 750 est
1198 719 1369 751 versum
1398 705 1684 750 Horatianum
1717 717 1818 749 eum

313 784 608 841 Peerlkampio
641 784 703 827 sic
735 783 924 827 incidere

669 892 857 937 Mercuri
886 892 1082 948 facunde,
1113 905 1247 950 nepos
1278 891 1465 936 Atlantis

315 984 470 1027 quam·
669 1028 868 1086 Mercuri,
897 1029 1082 1073 facunde
1112 1041 1245 1086 nepos
1277 1029 1466 1073 Atlantis

315 1160 358 1201 et
388 1170 620 1214 permagna
652 1159 717 1200 est
747 1155 859 1199 inter
888 1156 1111 1200 lectionem
1141 1154 1428 1212 Peerlkampii
1445 1157 1487 1198 et
1504 1153 1648 1198 Ovidii
1665 1152 1819 1198 verba:

320 1232 467 1288 „Clare
511 1245 644 1288 nepos
690 1230 907 1275 Atlantis’'
948 1231 1246 1288 discrepantia.
1286 1230 1465 1286 Deinde,
1508 1230 1584 1274 ubi
1618 1229 1822 1274 Mercurii

316 1313 418 1353 sunt
464 1309 754 1352 enumeranda
801 1321 902 1365 erga
945 1308 1140 1351 homines
1172 1308 1337 1364 merita,
1369 1307 1626 1364 eloquentia,
1657 1307 1823 1351 musica

316 1399 398 1441 ars,
428 1386 638 1443 palaestra
675 1384 728 1428 ab
759 1398 808 1428 eo
841 1386 1043 1428 inventae
1073 1386 1205 1428 taceri
1236 1397 1324 1428 non
1357 1387 1561 1441 possunt3
1593 1384 1690 1428 illas
1720 1396 1822 1440 ergo

316 1465 499 1518 uterque
539 1462 744 1516 nominat,
784 1473 926 1517 neque
967 1463 1110 1504 tamen
1151 1474 1328 1517 prorsus
1359 1460 1509 1505 eodem
1541 1459 1679 1503 modo.
1709 1458 1821 1503 Nam

316 1538 524 1581 Horatius
580 1537 844 1581 Mercurium
895 1538 1091 1580 homines
1138 1537 1414 1580 formasse
1459 1538 1500 1592 (i.
1517 1549 1551 1580 e.
1598 1536 1823 1591 erudiisse)

318 1614 420 1658 dicit
462 1628 488 1656 v
501 1627 596 1657 oce
637 1617 678 1657 et
724 1627 764 1656 m
777 1627 871 1657 ore
902 1614 1224 1670 palaestrae
1256 1615 1296 1668 (i.
1314 1626 1348 1657 e.
1379 1613 1590 1671 palaestra
1618 1613 1825 1668 inventa),

325 1690 507 1734 Ovidius
539 1690 667 1734 deum
700 1691 763 1734 sic
794 1690 1029 1747 alloquitur
1042 1705 1051 1733 :

495 1799 622 1843 Laete
653 1799 772 1854 lyrae
802 1799 944 1856 pulsu,
975 1799 1110 1842 nitida
1141 1812 1314 1856 quoque
1346 1799 1455 1843 laete
1485 1799 1705 1856 palaestra.

378 1927 430 1970 In
456 1928 608 1970 ceteris
630 1926 699 1970 dei
714 1925 916 1969 laudibus
932 1926 1318 1969 commemorandis
1337 1926 1470 1969 multo
1488 1926 1624 1968 maior
1633 1928 1699 1968 est
1714 1925 1828 1968 inter

319 2003 547 2047 Horatium
592 2007 634 2046 et
665 2001 868 2045 Ovidium
901 2002 1147 2046 differentia.
1180 2002 1258 2045 Ille
1290 2003 1403 2045 enim
1436 2004 1653 2058 praeterea
1683 2000 1828 2044 nuntii

322 2094 422 2124 eum
453 2080 577 2136 fungi
611 2092 788 2123 munere
822 2079 936 2134 dicit,
967 2080 1135 2135 superis
1162 2079 1338 2122 deorum
1368 2082 1410 2122 et
1425 2079 1524 2121 imis
1538 2081 1709 2134 gratum
1725 2089 1826 2120 eum

320 2158 526 2212 nominat,
575 2159 844 2199 mortuorum
894 2155 1068 2198 umbras
1115 2155 1167 2198 ab
1210 2168 1260 2198 eo
1301 2155 1355 2197 ad
1392 2154 1551 2197 inferos
1583 2153 1683 2197 duci
1713 2153 1829 2208 dicit,

324 2238 552 2290 postremo,
601 2232 716 2289 quod
763 2235 982 2288 tamquam
1025 2245 1195 2288 pannus
1232 2230 1586 2288 praecedentibus
1617 2229 1828 2284 adhaeret,

323 2311 484 2352 Priami
532 2310 792 2352 mentionem
838 2308 941 2351 facit
979 2308 1054 2351 'dei
1101 2308 1234 2351 tutela
1284 2307 1456 2350 defensi.
1507 2306 1688 2349 Ovidius
1729 2318 1828 2349 eum

323 2386 530 2429 arbitrum
577 2385 753 2428 deorum
795 2385 1056 2441 litigantium
1101 2384 1285 2440 appellat
1328 2387 1370 2426 et
1411 2384 1615 2425 nuntium
1656 2381 1832 2425 alatum.

324 2463 476 2518 Neque
523 2466 665 2504 tamen
711 2465 795 2504 tam
839 2474 991 2517 graves
1023 2461 1128 2503 mihi
1160 2461 1258 2504 illae
1291 2460 1599 2516 discrepantiae
1630 2457 1832 2501 videntur

326 2543 373 2581 ut
421 2539 516 2580 ideo
565 2538 774 2580 rationem
821 2538 1011 2593 aliquam
1053 2538 1168 2580 inter
1210 2540 1379 2579 nostros
1422 2536 1539 2578 locos
1570 2534 1832 2578 intercedere

326 2628 501 2670 prorsus
553 2627 715 2670 negem.
764 2614 846 2657 Sed
894 2627 1023 2656 unam
1066 2614 1134 2656 hio
1176 2626 1265 2656 rem
1299 2624 1642 2655 communem
1674 2609 1833 2654 habent

330 2695 500 2746 poetae3
550 2704 598 2733 ea
646 2695 786 2734 autem
831 2691 1043 2734 eiusmodi
1086 2694 1151 2733 est
1191 2693 1240 2732 ut
1274 2715 1320 2720 —
1363 2689 1478 2745 quod
1509 2689 1666 2730 mirum
1697 2687 1834 2743 possit

328 2768 464 2809 videri
507 2766 738 2809 lectoribus
774 2792 827 2797 —-
862 2770 1094 2822 propter
1126 2778 1258 2808 unam
1290 2765 1408 2807 illam
1442 2764 1595 2806 Ovidio
1628 2762 1830 2806 scribenti

326 2843 493 2885 Horatii
529 2855 700 2884 carmen
734 2846 832 2885 ante
865 2842 1012 2885 oculos
1043 2841 1176 2885 fuisse
1193 2841 1363 2884 credere
1380 2840 1713 2895 haudquaquam
1730 2851 1829 2894 pos-
