2034 3334
1002 365 1080 402 197

301 488 422 527 Modo
465 489 671 538 Sostrata,
717 489 760 527 in
792 499 921 537 quam
954 489 1138 528 maritus
1171 489 1410 528 contulerat
1441 488 1611 538 culpam
1643 489 1808 528 discidii

239 562 377 602 filium
409 564 520 603 inter
551 566 595 603 et
625 575 807 604 uxorem
839 566 943 614 eius,
978 565 1268 604 discessuram
1299 575 1346 603 se
1378 565 1488 604 dixit
1515 575 1614 604 cum
1640 565 1806 614 Phidip-

239 649 320 688 pus
351 639 527 679 advenit
558 640 638 679 hoc
670 641 820 680 nuntio
853 651 950 680 eam
982 642 1242 689 purgaturus
1275 643 1352 686 (vs,
1390 641 1480 686 10):

358 715 396 754 A
428 715 647 764 Myrrhina
678 716 784 755 haec
815 717 918 755 sunt
949 726 1048 755 mea
1079 726 1213 755 uxore
1245 717 1396 755 exorta
1427 716 1584 755 omnia.

239 790 322 829 Hic
353 790 606 839 Pamphilus
633 801 804 830 secum:
837 791 1047 841 „mutatio
1074 790 1166 830 flt.”
1193 792 1459 830 Annotatur:
1493 792 1807 840 „mutationem

238 865 529 914 suspicionem
571 866 674 905 dicit
715 877 986 915 erroremque
1029 867 1335 915 iurgantium.'’
1375 867 1476 916 Quis
1507 877 1699 915 unquam
1729 878 1805 916 pro

239 942 494 990 suspicio
542 942 610 981 vel
657 953 813 982 error
859 943 969 982 dixit
1009 943 1284 982 mutatio?
1326 944 1371 982 L.
1414 944 1807 992 suspicionum

240 1028 605 1066 errorumque
646 1029 721 1067 pro
763 1019 1150 1067 suspicionem
1193 1029 1564 1067 erroremque.
1597 1020 1708 1059 Nam
1740 1030 1806 1059 su-

238 1094 371 1142 spicio
403 1093 473 1132 hic
503 1095 794 1143 suspicionem
825 1095 961 1134 trudit
991 1096 1034 1133 et
1065 1095 1224 1143 iurgari
1255 1096 1439 1143 pergunt
1471 1095 1582 1134 inter
1614 1105 1660 1134 se
1686 1096 1808 1144 pater

238 1171 453 1219 Pamphili
494 1181 698 1219 socerque
739 1171 783 1210 in
825 1182 987 1210 novum
1029 1181 1216 1210 errorem
1259 1171 1433 1210 inducti.
1477 1172 1582 1210 Vide
1624 1181 1808 1219 sequens

239 1247 455 1286 scholion:
488 1248 732 1286 mutatio
764 1247 784 1286 f
792 1248 850 1293 it]
890 1247 1110 1295 „criminis
1142 1246 1306 1286 scilicet
1338 1247 1381 1286 et
1411 1247 1619 1295 peccati.''

301 1322 369 1361 21.
402 1321 565 1378 „Quid
591 1323 855 1362 mulieris
883 1323 1062 1361 dixitne
1080 1323 1240 1361 diceret
1266 1322 1486 1370 qualem
1512 1323 1808 1362 mulierem

240 1399 316 1437 aut
358 1397 518 1446 aliquid
549 1399 767 1447 gravius.''
801 1399 881 1438 Pro
914 1399 1009 1437 aut
1039 1398 1207 1447 legatur
1237 1398 1344 1437 sed.
1378 1397 1455 1436 Est
1486 1398 1602 1437 enim
1633 1399 1808 1447 gravius

240 1474 283 1512 et
322 1473 517 1512 acerbius
549 1474 679 1522 quid
710 1474 972 1513 mulieris
1004 1474 1174 1512 habes
1207 1484 1337 1522 quam
1369 1474 1589 1521 qualem
1620 1474 1808 1513 mulie-

192 1538 194 1540 ’
240 1560 355 1589 rem
386 1550 572 1589 habes.
607 1551 716 1589 Illud
748 1561 852 1589 mox
879 1551 1034 1589 dicitur
1065 1550 1363 1599 „reprehensio
1391 1560 1490 1588 cum
1517 1551 1808 1599 contemptu.'’

300 1626 370 1665 42.
414 1626 528 1675 „Nec
559 1636 709 1675 rogare
741 1636 939 1665 socerum
970 1636 1050 1664 nec
1080 1626 1289 1664 interesse
1322 1625 1522 1664 convenit
1552 1625 1624 1664 ubi
1656 1626 1811 1665 certior

242 1701 301 1740 sit
337 1702 390 1740 ad
427 1701 738 1750 repudiandum
775 1702 947 1750 gener.''
986 1701 1137 1750 Inepta
1168 1701 1359 1740 oratione
1395 1701 1476 1740 hoc
1507 1701 1589 1739 dici
1620 1701 1811 1740 videtur:

247 1776 311 1826 „si
353 1786 509 1825 genero
551 1777 687 1816 semel
720 1777 1002 1816 deliberatum
1035 1778 1102 1815 est
1132 1777 1354 1826 repudiare
1386 1787 1579 1826 uxorem,
1614 1787 1810 1816 socerum

244 1861 329 1890 non
356 1852 478 1891 decet
504 1862 702 1901 rogare
730 1853 770 1898 (i.
790 1863 824 1891 e.
853 1863 1000 1901 preces
1027 1852 1240 1898 adhibere)
1269 1853 1337 1891 vel
1354 1862 1599 1891 remanere:
1619 1853 1811 1891 abeundo

247 1927 370 1966 litem
401 1926 524 1966 finire
556 1928 723 1967 debet.''

302 2004 373 2043 48.
407 2004 638 2044 Alamus
669 2006 938 2043 nostrum.
972 2005 1171 2043 Lachetis
1203 2004 1309 2042 haec
1340 2005 1442 2043 sunt
1473 2004 1527 2042 ad
1552 2002 1809 2053 Phidippum

244 2080 388 2119 verba.
433 2080 700 2118 Annotatur:
748 2080 946 2129 „Scilicet
986 2079 1199 2128 Pamphili
1241 2078 1378 2118 filium
1419 2080 1620 2128 nepotem
1663 2090 1810 2118 meum

242 2156 474 2203 utrumque
551 2156 792 2193 nostrum.''
869 2155 950 2194 Pro
1026 2165 1204 2193 meum
1274 2155 1572 2203 utrumque
1644 2155 1811 2203 legatur

242 2231 556 2279 utriusque.

307 2308 375 2346 53.
410 2306 760 2354 Indignabundus
791 2307 913 2354 pater
943 2304 1081 2344 filium
1111 2307 1255 2354 rogat:

452 2383 658 2431 Ignarum
691 2393 841 2422 censes
872 2383 1047 2420 tuarum
1078 2382 1356 2421 lacrimarum
1388 2392 1483 2420 esse
1515 2383 1618 2420 me?

247 2459 512 2497 Annotatur:
551 2459 754 2507 „apparet
785 2458 907 2496 illum
939 2468 964 2496 a
996 2458 1192 2496 Sostrata
1222 2457 1302 2496 hoc
1334 2457 1562 2506 audivisse,
1591 2468 1693 2496 nam
1721 2457 1812 2506 ipse

245 2533 384 2572 filium
428 2534 766 2582 deprehenderat
806 2533 1026 2572 flentem.'’
1071 2533 1244 2582 Quando
1286 2533 1469 2571 dicimus
1511 2534 1677 2572 certum
1716 2543 1812 2572 esse

247 2609 436 2657 aliquem
480 2609 531 2647 ab
575 2609 658 2648 alio
700 2609 859 2657 aliquid
901 2609 1150 2647 audivisse?
1190 2609 1353 2657 Nempe
1395 2619 1493 2647 cum
1535 2609 1709 2657 scimus,
1743 2608 1812 2647 vel

248 2684 358 2723 scire
401 2684 524 2722 nobis
566 2684 775 2733 videmur,
820 2694 919 2723 eum
956 2694 1042 2722 non
1073 2684 1164 2722 suis
1195 2684 1329 2722 oculis
1361 2685 1633 2732 praesentem
1665 2694 1813 2732 cogno-

248 2760 379 2799 visse.
438 2759 548 2807 Ergo
604 2760 734 2798 verbo
787 2759 1239 2807 deprehenderat
1283 2758 1599 2807 praemittenda
1644 2758 1815 2807 negatio

246 2845 364 2874 non.
397 2834 725 2872 Westerhovius
757 2844 861 2872 non
892 2844 1119 2889 promam
1146 2834 1229 2881 legi
1256 2834 1384 2881 iubet,
1414 2834 1488 2872 sed
1516 2833 1812 2873 coniunctione

247 2920 369 2950 narn
401 2900 544 2950 carere
576 2909 645 2949 hic
676 2920 761 2948 non
791 2919 1035 2959 possumus.
