2034 3334
647 1064 866 1115 CAPUT
901 1063 1283 1115 SECUNDUM.

270 1429 549 1473 Horatianam
580 1430 729 1486 poesin
772 1428 847 1485 qui
876 1431 990 1471 recte
1019 1429 1243 1471 aestimare
1274 1428 1429 1484 cupiat,
1469 1427 1514 1469 id
1545 1430 1610 1471 est
1637 1428 1712 1483 qui

213 1508 306 1550 eius
337 1520 423 1549 non
454 1506 640 1549 fucatam
674 1507 1013 1560 exornatamque
1046 1504 1128 1547 sibi
1154 1503 1336 1546 formare
1352 1503 1455 1546 velit
1470 1504 1713 1560 imaginem,

214 1583 289 1627 sed
319 1596 462 1645 veram
494 1586 692 1625 naturam
725 1581 1000 1637 indolemque
1032 1593 1288 1637 cognoscere
1321 1584 1363 1623 et
1392 1581 1643 1636 perspicere,
1659 1579 1712 1622 ad

216 1672 343 1715 quem
394 1671 439 1702 se
485 1658 557 1702 ille
601 1660 721 1714 prius
769 1660 988 1700 convertat
1046 1670 1174 1713 quam
1223 1657 1275 1699 ad
1323 1658 1465 1712 ipsum
1514 1655 1712 1712 poetam?

214 1734 442 1778 Horatium
485 1748 585 1791 ergo
615 1736 927 1790 interrogemus
958 1734 1064 1790 quid
1095 1733 1147 1776 de
1179 1747 1257 1776 sua
1288 1736 1377 1775 arte
1409 1733 1500 1788 ipse
1531 1735 1714 1787 censeat,

215 1811 283 1854 vel
313 1812 454 1867 potius
482 1811 534 1853 ab
562 1824 611 1854 eo
638 1814 834 1867 petamus
862 1814 910 1853 ut
935 1809 1059 1853 nobis
1086 1813 1271 1866 exponat
1298 1822 1384 1865 quo
1412 1809 1537 1851 modo
1564 1809 1712 1865 poesin

217 1898 359 1930 amare
401 1888 596 1943 coeperit,
639 1887 798 1943 quibus
840 1886 1004 1929 artibus
1045 1887 1268 1943 ingenium
1305 1899 1435 1929 suum
1467 1886 1716 1941 excoluerit,

221 1975 346 2017 quem
385 1963 466 2006 sibi
497 1963 626 2006 finem
660 1963 830 2019 quodve
860 1963 1080 2019 fastigium
1111 1964 1392 2018 proposuerit,
1424 1975 1508 2018 quo
1540 1963 1716 2004 intentis

220 2038 418 2081 omnibus
473 2038 637 2082 viribus
689 2040 933 2095 mentisque
977 2038 1253 2081 facultatibus
1298 2042 1409 2081 esset
1456 2038 1715 2081 enitendum.

220 2111 506 2168 Respondebit
536 2118 676 2157 autem
712 2115 820 2156 nihil
851 2114 1139 2170 magnificum,
1170 2114 1276 2156 nihil
1306 2115 1421 2170 quod
1439 2115 1718 2157 admiratione

221 2202 301 2232 nos
339 2189 523 2246 impleat,
553 2191 659 2233 nihil
692 2191 876 2248 denique
909 2204 994 2247 quo
1026 2193 1085 2233 ita
1118 2204 1464 2234 commoveamur
1494 2195 1543 2234 ut
1574 2192 1715 2234 statim

223 2278 302 2308 nos
334 2265 520 2322 colloqui
552 2268 784 2310 sentiamus
816 2281 912 2310 cum
946 2271 1081 2324 poeta,
1112 2268 1139 2309 i.
1157 2280 1190 2310 e.
1219 2281 1317 2310 cum
1335 2267 1559 2310 Musarum
1578 2268 1715 2309 amico

224 2344 266 2384 et
297 2342 523 2397 sacerdote,
555 2355 683 2398 quem
714 2344 816 2386 deae
846 2345 963 2400 ipsae
994 2345 1040 2386 in
1073 2357 1263 2401 summas
1291 2344 1396 2387 coeli
1413 2344 1559 2400 plagas
1576 2347 1720 2386 sustu-

222 2418 360 2471 lerint,
407 2418 483 2461 ubi
525 2431 574 2461 ea
615 2421 828 2474 aspexerit
858 2404 1128 2475 audieritque
1159 2420 1318 2476 quibus
1350 2421 1495 2463 relatis
1526 2421 1615 2462 vita
1645 2420 1720 2462 ho-

222 2496 387 2537 minum
421 2495 626 2537 illustrari
659 2497 945 2551 exornarique
975 2500 1127 2552 posset.
1159 2496 1210 2538 In
1242 2500 1427 2539 mentem
1454 2498 1567 2539 enim
1595 2496 1719 2539 nobis

223 2571 439 2613 revocabit
495 2572 680 2613 iocosam
739 2571 791 2613 de
836 2571 1013 2628 Pompei
1061 2572 1194 2614 milite
1240 2574 1525 2616 narrationem
1572 2574 1719 2630 (Epist.

224 2645 280 2701 11,
322 2648 361 2701 2,
405 2647 607 2701 26—40),
650 2648 725 2702 qui
766 2661 901 2702 quum
944 2651 1067 2690 antea
1107 2649 1221 2691 iners
1257 2649 1527 2706 ignavusque
1556 2650 1720 2706 fuisset,

226 2723 382 2765 amissa
422 2723 615 2778 pecunia,
654 2736 783 2778 quam
815 2722 950 2765 multo
982 2722 1127 2766 labore
1159 2724 1394 2780 collegerat,
1424 2729 1540 2768 tanto
1570 2727 1719 2770 ardore

228 2797 371 2840 damni
420 2798 723 2855 compensandi
768 2801 972 2854 tantoque
1016 2798 1159 2842 furore
1190 2803 1231 2842 et
1261 2801 1326 2843 ira
1354 2802 1556 2858 impletur
1583 2807 1632 2846 ut
1663 2816 1718 2846 ne

229 2872 521 2918 firmissimum
554 2875 727 2931 quidem
759 2875 946 2917 hostium
972 2875 1234 2931 praesidium
1259 2878 1466 2934 impetum
1482 2880 1575 2922 eius
1592 2881 1719 2923 susti-
