2034 3334
1044 387 1099 427 72

284 514 486 563 callidior,
520 514 591 563 qui
624 512 758 553 nollet
783 511 1001 562 egregiam
1029 513 1297 554 comoediam
1323 513 1430 554 nihil
1455 513 1600 554 valere
1626 514 1680 555 ad
1705 504 1850 556 mores

284 593 587 634 emendandos.
621 591 842 632 Eiusmodi
874 591 1103 632 consilium
1130 591 1219 631 iam
1243 590 1413 632 invenis
1439 592 1483 631 in
1511 590 1693 632 Scholiis
1718 575 1772 632 ad
1793 590 1847 642 11,

283 671 322 719 3,
357 670 413 708 90
444 679 536 718 sqq.

340 746 503 786 Versus
536 746 619 785 941
654 755 742 794 sq.:

33 842 186 875 W
206 827 264 865 <ihu
517 822 606 871 Ego
637 821 707 871 pol
738 822 782 861 te
814 831 889 871 pro
923 821 1020 861 istis
1052 822 1179 861 dictis
1210 823 1255 861 et
1285 821 1424 872 factis,
1458 821 1602 861 scelus

20 906 117 947 ,mm
134 877 258 994 aerff
517 898 724 948 Ulciscar,
760 899 807 937 ut
838 908 892 937 ne
923 898 1082 947 inpune
1114 898 1158 937 in
1183 908 1262 938 nos
1290 897 1490 938 illuseris.

281 974 520 1023 (Pythiadis
552 984 603 1014 ea
633 973 764 1013 verba
795 974 910 1020 sunt)
943 973 1082 1013 multo
1113 973 1272 1013 melius
1303 974 1357 1013 ad
1389 974 1637 1024 923—925,
1664 982 1848 1023 quorum

278 1050 460 1090 ultimus
491 1051 580 1089 est:

458 1126 672 1177 Quantam
705 1127 750 1165 et
780 1135 911 1175 quam
943 1135 1094 1165 veram
1125 1125 1298 1166 laudem
1330 1125 1471 1176 capiet
1501 1126 1714 1166 Parmeno

279 1203 521 1243 referuntur
547 1212 679 1251 quam
706 1201 759 1242 ad
786 1202 919 1242 istam
946 1202 1297 1252 disputationem,
1321 1201 1366 1241 in
1382 1212 1467 1251 qua
1482 1201 1630 1242 omnia
1644 1201 1849 1252 languida

279 1281 322 1318 et
353 1278 519 1318 insulsa
549 1279 664 1317 sunt.
697 1277 883 1317 Versum
915 1278 1001 1318 936
1035 1277 1124 1317 iam
1155 1277 1378 1326 Bentlejus
1408 1278 1604 1327 spurium
1629 1277 1845 1318 censebat.

337 1354 678 1394 Prudentissime
725 1354 777 1393 ad
824 1353 1049 1403 Pythiadis
1090 1353 1223 1393 verba
1262 1354 1391 1393 modo
1432 1332 1582 1393 citata·
1605 1352 1847 1394 Scholiasta

278 1432 479 1471 annotat:
527 1430 658 1480 „Miro
700 1428 880 1469 artificio
921 1430 1102 1479 poetae’'
1146 1429 1186 1476 (i.
1205 1439 1241 1470 e.
1275 1429 1476 1479 Terentii,
1509 1428 1581 1478 qui
1612 1429 1695 1469 hac
1722 1430 1846 1479 parte

278 1506 498 1546 Menandri
529 1506 826 1545 oeconomiam
858 1505 1098 1545 festivitate
1129 1515 1210 1545 sua
1236 1515 1470 1545 exornasse
1497 1504 1737 1544 censendus
1762 1506 1843 1553 est)

281 1585 350 1632 „et
376 1583 428 1622 ab
455 1582 578 1622 initio
604 1592 690 1622 non
716 1581 911 1631 placatur
931 1581 1113 1630 Pythias
1129 1581 1268 1621 necin
1285 1582 1471 1630 gratiam
1488 1581 1600 1638 redit
1614 1581 1843 1624 Chaereae.

276 1659 330 1698 Et
369 1659 543 1708 insuper
584 1668 697 1697 nunc
737 1658 846 1696 mire
888 1667 914 1696 a
955 1657 1223 1697 Parmenone
1265 1657 1459 1697 irritatur
1499 1656 1653 1708 magis,
1690 1658 1740 1697 ut
1769 1668 1846 1707 per

279 1746 375 1775 eam
403 1735 615 1774 Parmeno
641 1735 854 1774 terreatur
881 1735 925 1773 et
950 1744 1025 1783 per
1051 1734 1367 1773 Parmenonem
1384 1734 1547 1783 ingredi
1565 1734 1619 1774 ad
1634 1733 1844 1776 Thaidem

278 1813 454 1861 cogatur
499 1821 646 1860 senex,
696 1812 739 1850 et
780 1810 956 1849 demum
997 1821 1073 1859 per
1112 1820 1263 1850 senem
1305 1810 1480 1860 nuptiae
1522 1809 1841 1852 confirmentur.

275 1888 394 1927 Haec
441 1897 540 1937 ergo
588 1885 824 1926 artificibus
869 1887 913 1925 et
958 1886 1122 1936 peritis,
1172 1888 1316 1926 cetera
1361 1886 1677 1936 spectatoribus
1716 1889 1845 1938 poeta

277 1964 495 2004 exhibet.''

333 2040 617 2080 Perterritura
664 2049 763 2088 ergo
806 2039 1122 2078 Parmenonem
1165 2048 1314 2078 secum
1356 2039 1538 2088 Pythias
1577 2040 1843 2094 lamentatur

274 2117 324 2155 de
366 2116 500 2155 atroci
540 2126 586 2154 re
628 2125 759 2163 quam
792 2115 910 2154 intus
941 2113 1033 2154 fieri
1065 2115 1351 2164 conspexerit.
1385 2115 1438 2155 Et
1469 2116 1712 2165 alloquente
1742 2126 1841 2160 eam

274 2193 551 2241 Parmenone,
596 2201 726 2240 quem
757 2202 804 2230 se
837 2201 921 2230 non
953 2191 1098 2230 videre
1130 2191 1341 2231 hactenus
1372 2192 1679 2232 simulaverat:
1714 2191 1842 2242 „quid

272 2270 394 2318 istuc,
430 2268 641 2317 Pythias?
675 2267 774 2316 quid
806 2268 899 2307 ais’'
933 2267 1164 2316 respondet
1195 2270 1272 2313 (vs.
1308 2268 1391 2306 947
1425 2270 1555 2316 sqq.):

951 2343 1130 2392 Rogitas
1162 2343 1483 2383 audacissime?

388 2419 615 2459 Perdidisti
645 2420 780 2458 istum
808 2429 936 2468 quem
954 2419 1133 2458 adduxti
1150 2429 1225 2468 pro
1243 2418 1438 2458 eunucho
1455 2418 1837 2469 adolescentulum,
1853 2416 1857 2418 ’

386 2496 498 2535 Dum
531 2499 681 2536 studes
713 2498 815 2536 dare
851 2497 980 2536 verba
1010 2497 1145 2536 nobis

269 2571 526 2611 Rectissime
564 2573 805 2612 Scholiasta
836 2574 1037 2612 annotat:
1076 2571 1331 2621 „artificiose
1364 2581 1450 2611 non
1481 2572 1656 2610 accusat
1687 2571 1788 2620 quid
1808 2567 1836 2618 ¹)

270 2648 510 2694 peccaverit
542 2649 749 2687 adversus
782 2648 1002 2697 Thaidem,
1033 2647 1156 2696 quasi
1184 2658 1239 2687 ex
1265 2657 1402 2696 poena
1427 2646 1713 2686 adolescentis
1738 2646 1836 2696 plus

267 2721 408 2760 doleat
439 2734 568 2770 quam
602 2724 811 2763 irascatur
843 2723 1144 2763 Parmenoni.'’
1826 2719 1829 2722 ⁴

326 2796 434 2834 Tum
483 2808 573 2836 rein
625 2799 761 2846 „mira
808 2799 1011 2838 tarditate
1059 2799 1111 2838 ad
1157 2799 1443 2847 torquendum
1489 2797 1833 2838 Parmenonem”

303 2963 323 2997 ¹)
343 2962 375 2990 L.
399 2963 493 2997 quod.
