<?xml version="1.0" encoding="UTF-8"?>
<!DOCTYPE html PUBLIC "-//W3C//DTD XHTML 1.0 Transitional//EN"
    "http://www.w3.org/TR/xhtml1/DTD/xhtml1-transitional.dtd">
<html xmlns="http://www.w3.org/1999/xhtml" xml:lang="en" lang="en">
 <head>
  <title>
</title>
<meta http-equiv="Content-Type" content="text/html;charset=utf-8" />
  <meta name='ocr-system' content='tesseract 3.04.00' />
  <meta name='ocr-capabilities' content='ocr_page ocr_carea ocr_par ocr_line ocrx_word'/>
</head>
<body>
  <div class='ocr_page' id='page_1' title='image "./dehoratiopota00hartuoft_0598.png"; bbox 0 0 2034 3334; ppageno 0'>
   <div class='ocr_carea' id='block_1_1' title="bbox 984 364 1068 404">
    <p class='ocr_par' dir='ltr' id='par_1_1' title="bbox 984 364 1068 404">
     <span class='ocr_line' id='line_1_1' title="bbox 984 364 1068 404; baseline 0.012 -1"><span class='ocrx_word' id='word_1_1' title='bbox 984 364 1068 404; x_wconf 84' lang='lat'><strong>214</strong></span> 
     </span>
    </p>
   </div>
   <div class='ocr_carea' id='block_1_2' title="bbox 223 488 1812 2969">
    <p class='ocr_par' dir='ltr' id='par_1_2' title="bbox 233 488 1812 692">
     <span class='ocr_line' id='line_1_2' title="bbox 295 488 1810 540; baseline -0.001 -9"><span class='ocrx_word' id='word_1_2' title='bbox 295 488 390 531; x_wconf 93' lang='lat'>111.</span> <span class='ocrx_word' id='word_1_3' title='bbox 434 489 561 528; x_wconf 91' lang='lat' dir='ltr'><strong>Nulla</strong></span> <span class='ocrx_word' id='word_1_4' title='bbox 601 499 704 528; x_wconf 89' lang='lat' dir='ltr'><strong>vero</strong></span> <span class='ocrx_word' id='word_1_5' title='bbox 745 489 934 529; x_wconf 76' lang='lat' dir='ltr'>Terentii</span> <span class='ocrx_word' id='word_1_6' title='bbox 975 490 1117 530; x_wconf 85' lang='lat' dir='ltr'><strong>virtus</strong></span> <span class='ocrx_word' id='word_1_7' title='bbox 1147 491 1416 540; x_wconf 84' lang='lat' dir='ltr'><strong>frequent-ius</strong></span> <span class='ocrx_word' id='word_1_8' title='bbox 1446 490 1648 530; x_wconf 85' lang='lat' dir='ltr'><strong>laudatur</strong></span> <span class='ocrx_word' id='word_1_9' title='bbox 1678 499 1810 540; x_wconf 76' lang='lat' dir='ltr'><strong>quam</strong></span> 
     </span>
     <span class='ocr_line' id='line_1_3' title="bbox 234 564 1812 615; baseline 0.003 -12"><span class='ocrx_word' id='word_1_10' title='bbox 234 564 549 614; x_wconf 86' lang='lat' dir='ltr'><strong>vigilantia</strong></span> <span class='ocrx_word' id='word_1_11' title='bbox 595 565 700 615; x_wconf 86' lang='lat' dir='ltr'><strong>eius,</strong></span> <span class='ocrx_word' id='word_1_12' title='bbox 749 575 835 614; x_wconf 90' lang='lat' dir='ltr'><strong>qua</strong></span> <span class='ocrx_word' id='word_1_13' title='bbox 879 575 990 614; x_wconf 88' lang='lat' dir='ltr'><strong>quae</strong></span> <span class='ocrx_word' id='word_1_14' title='bbox 1035 565 1143 606; x_wconf 87' lang='lat' dir='ltr'><strong>flant</strong></span> <span class='ocrx_word' id='word_1_15' title='bbox 1183 566 1384 606; x_wconf 85' lang='lat' dir='ltr'><strong>futurave</strong></span> <span class='ocrx_word' id='word_1_16' title='bbox 1425 566 1515 606; x_wconf 88' lang='lat' dir='ltr'><strong>sint</strong></span> <span class='ocrx_word' id='word_1_17' title='bbox 1554 565 1812 607; x_wconf 77' lang='lat' dir='ltr'><strong>verisimilia</strong></span> 
     </span>
     <span class='ocr_line' id='line_1_4' title="bbox 233 640 1382 692; baseline 0.003 -13"><span class='ocrx_word' id='word_1_18' title='bbox 233 641 395 680; x_wconf 87' lang='lat' dir='ltr'><strong>reddat.</strong></span> <span class='ocrx_word' id='word_1_19' title='bbox 430 640 693 690; x_wconf 88' lang='lat' dir='ltr'><strong>Insigniores</strong></span> <span class='ocrx_word' id='word_1_20' title='bbox 724 641 776 680; x_wconf 93' lang='lat' dir='ltr'><strong>de</strong></span> <span class='ocrx_word' id='word_1_21' title='bbox 808 641 888 680; x_wconf 93' lang='lat' dir='ltr'><strong>hac</strong></span> <span class='ocrx_word' id='word_1_22' title='bbox 919 651 965 681; x_wconf 90' lang='lat' dir='ltr'><strong>re</strong></span> <span class='ocrx_word' id='word_1_23' title='bbox 996 641 1114 682; x_wconf 91' lang='lat' dir='ltr'><strong>locos</strong></span> <span class='ocrx_word' id='word_1_24' title='bbox 1145 653 1382 692; x_wconf 89' lang='lat' dir='ltr'><strong>apponam:</strong></span> 
     </span>
    </p>

    <p class='ocr_par' dir='ltr' id='par_1_3' title="bbox 233 716 1811 836">
     <span class='ocr_line' id='line_1_5' title="bbox 293 716 1811 769; baseline 0.003 -14"><span class='ocrx_word' id='word_1_25' title='bbox 293 716 396 756; x_wconf 89' lang='lat' dir='ltr'><strong>Hec.</strong></span> <span class='ocrx_word' id='word_1_26' title='bbox 440 716 493 766; x_wconf 89' lang='lat' dir='ltr'><strong>II,</strong></span> <span class='ocrx_word' id='word_1_27' title='bbox 538 717 576 766; x_wconf 86' lang='lat'><strong>2,</strong></span> <span class='ocrx_word' id='word_1_28' title='bbox 625 717 691 756; x_wconf 86' lang='lat'><strong>19.</strong></span> <span class='ocrx_word' id='word_1_29' title='bbox 734 716 900 756; x_wconf 81' lang='lat' dir='ltr'><strong>Laches</strong></span> <span class='ocrx_word' id='word_1_30' title='bbox 935 717 1195 768; x_wconf 88' lang='lat' dir='ltr'><strong>Phidippum</strong></span> <span class='ocrx_word' id='word_1_31' title='bbox 1227 718 1501 768; x_wconf 81' lang='lat' dir='ltr'><strong>reprehendit</strong></span> <span class='ocrx_word' id='word_1_32' title='bbox 1531 718 1643 769; x_wconf 88' lang='lat' dir='ltr'><strong>quod</strong></span> <span class='ocrx_word' id='word_1_33' title='bbox 1673 717 1811 760; x_wconf 77' lang='lat' dir='ltr'><strong>filiam</strong></span> 
     </span>
     <span class='ocr_line' id='line_1_6' title="bbox 233 794 1503 836; baseline 0.002 -3"><span class='ocrx_word' id='word_1_34' title='bbox 233 794 286 833; x_wconf 85' lang='lat' dir='ltr'><strong>ad</strong></span> <span class='ocrx_word' id='word_1_35' title='bbox 318 794 527 833; x_wconf 88' lang='lat' dir='ltr'><strong>maritum</strong></span> <span class='ocrx_word' id='word_1_36' title='bbox 560 804 645 834; x_wconf 95' lang='lat' dir='ltr'><strong>non</strong></span> <span class='ocrx_word' id='word_1_37' title='bbox 677 794 876 834; x_wconf 89' lang='lat' dir='ltr'><strong>remittat</strong></span> <span class='ocrx_word' id='word_1_38' title='bbox 907 796 952 834; x_wconf 90' lang='lat' dir='ltr'><strong>et</strong></span> <span class='ocrx_word' id='word_1_39' title='bbox 982 795 1079 835; x_wconf 87' lang='lat' dir='ltr'><strong>aliis</strong></span> <span class='ocrx_word' id='word_1_40' title='bbox 1110 796 1254 835; x_wconf 88' lang='lat' dir='ltr'><strong>verbis</strong></span> <span class='ocrx_word' id='word_1_41' title='bbox 1287 798 1330 836; x_wconf 92' lang='lat' dir='ltr'><strong>et</strong></span> <span class='ocrx_word' id='word_1_42' title='bbox 1361 796 1503 836; x_wconf 89' lang='lat' dir='ltr'><strong>hisce:</strong></span> 
     </span>
    </p>

    <p class='ocr_par' dir='ltr' id='par_1_4' title="bbox 411 869 1812 922">
     <span class='ocr_line' id='line_1_7' title="bbox 411 869 1812 922; baseline 0.002 -13"><span class='ocrx_word' id='word_1_43' title='bbox 411 869 558 919; x_wconf 88' lang='lat' dir='ltr'><strong>Neque</strong></span> <span class='ocrx_word' id='word_1_44' title='bbox 585 870 691 909; x_wconf 90' lang='lat' dir='ltr'><strong>adeo</strong></span> <span class='ocrx_word' id='word_1_45' title='bbox 713 870 827 910; x_wconf 89' lang='lat' dir='ltr'><strong>clam</strong></span> <span class='ocrx_word' id='word_1_46' title='bbox 843 881 916 910; x_wconf 89' lang='lat' dir='ltr'><strong>me</strong></span> <span class='ocrx_word' id='word_1_47' title='bbox 932 872 1012 921; x_wconf 91' lang='lat' dir='ltr'><strong>est,</strong></span> <span class='ocrx_word' id='word_1_48' title='bbox 1032 881 1163 920; x_wconf 88' lang='lat' dir='ltr'><strong>quarn</strong></span> <span class='ocrx_word' id='word_1_49' title='bbox 1180 882 1277 911; x_wconf 89' lang='lat' dir='ltr'><strong>esse</strong></span> <span class='ocrx_word' id='word_1_50' title='bbox 1294 882 1394 911; x_wconf 89' lang='lat' dir='ltr'><strong>eum</strong></span> <span class='ocrx_word' id='word_1_51' title='bbox 1411 872 1603 922; x_wconf 88' lang='lat' dir='ltr'><strong>graviter</strong></span> <span class='ocrx_word' id='word_1_52' title='bbox 1618 871 1812 912; x_wconf 87' lang='lat' dir='ltr'><strong>laturum</strong></span> 
     </span>
    </p>

    <p class='ocr_par' dir='ltr' id='par_1_5' title="bbox 1547 947 1749 998">
     <span class='ocr_line' id='line_1_8' title="bbox 1547 947 1749 998; baseline 0 -10"><span class='ocrx_word' id='word_1_53' title='bbox 1547 947 1749 998; x_wconf 83' lang='lat' dir='ltr'><strong>[credam,</strong></span> 
     </span>
    </p>

    <p class='ocr_par' dir='ltr' id='par_1_6' title="bbox 413 1021 816 1062">
     <span class='ocr_line' id='line_1_9' title="bbox 413 1021 816 1062; baseline 0.005 -2"><span class='ocrx_word' id='word_1_54' title='bbox 413 1021 507 1061; x_wconf 93' lang='lat' dir='ltr'><strong>Hoc</strong></span> <span class='ocrx_word' id='word_1_55' title='bbox 537 1022 576 1060; x_wconf 90' lang='lat' dir='ltr'><strong>si</strong></span> <span class='ocrx_word' id='word_1_56' title='bbox 607 1021 816 1062; x_wconf 75' lang='lat' dir='ltr'><strong>rescierit.</strong></span> 
     </span>
    </p>

    <p class='ocr_par' dir='ltr' id='par_1_7' title="bbox 233 1097 1809 1224">
     <span class='ocr_line' id='line_1_10' title="bbox 233 1097 1809 1148; baseline 0.001 -10"><span class='ocrx_word' id='word_1_57' title='bbox 233 1098 501 1138; x_wconf 88' lang='lat' dir='ltr'><strong>Annotatur:</strong></span> <span class='ocrx_word' id='word_1_58' title='bbox 539 1097 915 1146; x_wconf 81' lang='lat' dir='ltr'><strong>„ingeniosissime</strong></span> <span class='ocrx_word' id='word_1_59' title='bbox 947 1099 1074 1147; x_wconf 77' lang='lat' dir='ltr'><strong>poeta</strong></span> <span class='ocrx_word' id='word_1_60' title='bbox 1100 1098 1189 1137; x_wconf 87' lang='lat' dir='ltr'><strong>iam</strong></span> <span class='ocrx_word' id='word_1_61' title='bbox 1216 1100 1444 1148; x_wconf 86' lang='lat' dir='ltr'><strong>praeparat</strong></span> <span class='ocrx_word' id='word_1_62' title='bbox 1472 1109 1651 1139; x_wconf 89' lang='lat' dir='ltr'><strong>causam</strong></span> <span class='ocrx_word' id='word_1_63' title='bbox 1676 1098 1809 1139; x_wconf 87' lang='lat' dir='ltr'><strong>simu·</strong></span> 
     </span>
     <span class='ocr_line' id='line_1_11' title="bbox 233 1173 1335 1224; baseline 0.001 -11"><span class='ocrx_word' id='word_1_64' title='bbox 233 1174 374 1214; x_wconf 90' lang='lat' dir='ltr'><strong>laturo</strong></span> <span class='ocrx_word' id='word_1_65' title='bbox 407 1174 459 1213; x_wconf 90' lang='lat' dir='ltr'><strong>ob</strong></span> <span class='ocrx_word' id='word_1_66' title='bbox 492 1174 604 1213; x_wconf 89' lang='lat' dir='ltr'><strong>hanc</strong></span> <span class='ocrx_word' id='word_1_67' title='bbox 635 1184 729 1213; x_wconf 89' lang='lat' dir='ltr'><strong>rem</strong></span> <span class='ocrx_word' id='word_1_68' title='bbox 762 1173 1030 1213; x_wconf 86' lang='lat' dir='ltr'><strong>iracundiam</strong></span> <span class='ocrx_word' id='word_1_69' title='bbox 1062 1174 1335 1224; x_wconf 89' lang='lat' dir='ltr'><strong>Pamphilo.”</strong></span> 
     </span>
    </p>

    <p class='ocr_par' dir='ltr' id='par_1_8' title="bbox 233 1249 1811 1376">
     <span class='ocr_line' id='line_1_12' title="bbox 293 1249 1811 1300; baseline 0.001 -11"><span class='ocrx_word' id='word_1_70' title='bbox 293 1250 396 1289; x_wconf 90' lang='lat' dir='ltr'><strong>Hec.</strong></span> <span class='ocrx_word' id='word_1_71' title='bbox 430 1249 479 1299; x_wconf 90' lang='lat' dir='ltr'><strong>V,</strong></span> <span class='ocrx_word' id='word_1_72' title='bbox 518 1250 553 1299; x_wconf 91' lang='lat'><strong>1,</strong></span> <span class='ocrx_word' id='word_1_73' title='bbox 589 1250 657 1289; x_wconf 87' lang='lat'><strong>30.</strong></span> <span class='ocrx_word' id='word_1_74' title='bbox 693 1249 875 1289; x_wconf 81' lang='lat' dir='ltr'><strong>Bacchis</strong></span> <span class='ocrx_word' id='word_1_75' title='bbox 907 1249 1134 1299; x_wconf 87' lang='lat' dir='ltr'><strong>peregrina</strong></span> <span class='ocrx_word' id='word_1_76' title='bbox 1163 1251 1316 1300; x_wconf 84' lang='lat' dir='ltr'><strong>rogata</strong></span> <span class='ocrx_word' id='word_1_77' title='bbox 1346 1252 1395 1291; x_wconf 86' lang='lat' dir='ltr'><strong>ut</strong></span> <span class='ocrx_word' id='word_1_78' title='bbox 1426 1252 1479 1291; x_wconf 90' lang='lat' dir='ltr'><strong>ad</strong></span> <span class='ocrx_word' id='word_1_79' title='bbox 1506 1251 1811 1291; x_wconf 82' lang='lat' dir='ltr'><strong>Philumenam</strong></span> 
     </span>
     <span class='ocr_line' id='line_1_13' title="bbox 233 1325 1610 1376; baseline 0.001 -12"><span class='ocrx_word' id='word_1_80' title='bbox 233 1326 432 1375; x_wconf 90' lang='lat' dir='ltr'><strong>introeat,</strong></span> <span class='ocrx_word' id='word_1_81' title='bbox 467 1325 748 1365; x_wconf 81' lang='lat' dir='ltr'><strong>conciliatura</strong></span> <span class='ocrx_word' id='word_1_82' title='bbox 779 1336 877 1365; x_wconf 91' lang='lat' dir='ltr'><strong>eam</strong></span> <span class='ocrx_word' id='word_1_83' title='bbox 909 1325 1135 1375; x_wconf 91' lang='lat' dir='ltr'><strong>Pamphilo</strong></span> <span class='ocrx_word' id='word_1_84' title='bbox 1167 1326 1326 1366; x_wconf 89' lang='lat' dir='ltr'><strong>marito</strong></span> <span class='ocrx_word' id='word_1_85' title='bbox 1358 1326 1610 1376; x_wconf 86' lang='lat' dir='ltr'><strong>respondet:</strong></span> 
     </span>
    </p>

    <p class='ocr_par' dir='ltr' id='par_1_9' title="bbox 412 1402 1811 1454">
     <span class='ocr_line' id='line_1_14' title="bbox 412 1402 1811 1454; baseline 0.001 -13"><span class='ocrx_word' id='word_1_86' title='bbox 412 1402 612 1442; x_wconf 85' lang='lat' dir='ltr'><strong>Faciam:</strong></span> <span class='ocrx_word' id='word_1_87' title='bbox 655 1402 767 1451; x_wconf 89' lang='lat' dir='ltr'><strong>quod</strong></span> <span class='ocrx_word' id='word_1_88' title='bbox 808 1402 890 1452; x_wconf 92' lang='lat' dir='ltr'><strong>pol,</strong></span> <span class='ocrx_word' id='word_1_89' title='bbox 934 1402 972 1442; x_wconf 92' lang='lat' dir='ltr'><strong>si</strong></span> <span class='ocrx_word' id='word_1_90' title='bbox 1004 1404 1121 1442; x_wconf 89' lang='lat' dir='ltr'><strong>esset</strong></span> <span class='ocrx_word' id='word_1_91' title='bbox 1152 1402 1238 1442; x_wconf 89' lang='lat' dir='ltr'><strong>alia</strong></span> <span class='ocrx_word' id='word_1_92' title='bbox 1269 1413 1324 1442; x_wconf 81' lang='lat' dir='ltr'><strong>ex</strong></span> <span class='ocrx_word' id='word_1_93' title='bbox 1355 1403 1436 1443; x_wconf 90' lang='lat' dir='ltr'><strong>hoc</strong></span> <span class='ocrx_word' id='word_1_94' title='bbox 1467 1403 1663 1454; x_wconf 87' lang='lat' dir='ltr'><strong>quaestu,</strong></span> <span class='ocrx_word' id='word_1_95' title='bbox 1695 1403 1811 1443; x_wconf 86' lang='lat' dir='ltr'><strong>haud</strong></span> 
     </span>
    </p>

    <p class='ocr_par' dir='ltr' id='par_1_10' title="bbox 231 1478 1811 1831">
     <span class='ocr_line' id='line_1_15' title="bbox 1439 1478 1750 1526; baseline 0.003 -8"><span class='ocrx_word' id='word_1_96' title='bbox 1439 1478 1618 1526; x_wconf 85' lang='lat' dir='ltr'><strong>[faceret</strong></span> <span class='ocrx_word' id='word_1_97' title='bbox 1646 1478 1750 1519; x_wconf 87' lang='lat' dir='ltr'><strong>scio.</strong></span> 
     </span>
     <span class='ocr_line' id='line_1_16' title="bbox 234 1553 1810 1604; baseline 0.001 -12"><span class='ocrx_word' id='word_1_98' title='bbox 234 1554 501 1593; x_wconf 90' lang='lat' dir='ltr'><strong>Annotatur:</strong></span> <span class='ocrx_word' id='word_1_99' title='bbox 549 1553 806 1603; x_wconf 88' lang='lat' dir='ltr'><strong>„vigilanter</strong></span> <span class='ocrx_word' id='word_1_100' title='bbox 846 1556 985 1604; x_wconf 80' lang='lat' dir='ltr'><strong>poeta,</strong></span> <span class='ocrx_word' id='word_1_101' title='bbox 1029 1565 1084 1593; x_wconf 91' lang='lat' dir='ltr'><strong>ne</strong></span> <span class='ocrx_word' id='word_1_102' title='bbox 1125 1565 1211 1594; x_wconf 93' lang='lat' dir='ltr'><strong>non</strong></span> <span class='ocrx_word' id='word_1_103' title='bbox 1251 1554 1489 1594; x_wconf 88' lang='lat' dir='ltr'><strong>verisimile</strong></span> <span class='ocrx_word' id='word_1_104' title='bbox 1519 1555 1739 1595; x_wconf 87' lang='lat' dir='ltr'><strong>videretur</strong></span> <span class='ocrx_word' id='word_1_105' title='bbox 1767 1554 1810 1594; x_wconf 92' lang='lat' dir='ltr'><strong>id</strong></span> 
     </span>
     <span class='ocr_line' id='line_1_17' title="bbox 232 1629 1810 1680; baseline 0.002 -12"><span class='ocrx_word' id='word_1_106' title='bbox 232 1630 368 1669; x_wconf 90' lang='lat' dir='ltr'><strong>ullam</strong></span> <span class='ocrx_word' id='word_1_107' title='bbox 404 1630 559 1669; x_wconf 87' lang='lat' dir='ltr'><strong>fecisse</strong></span> <span class='ocrx_word' id='word_1_108' title='bbox 591 1629 880 1679; x_wconf 88' lang='lat' dir='ltr'><strong>meretricem,</strong></span> <span class='ocrx_word' id='word_1_109' title='bbox 914 1630 1006 1679; x_wconf 89' lang='lat' dir='ltr'><strong>ipse</strong></span> <span class='ocrx_word' id='word_1_110' title='bbox 1037 1630 1244 1670; x_wconf 90' lang='lat' dir='ltr'><strong>lectorem</strong></span> <span class='ocrx_word' id='word_1_111' title='bbox 1275 1631 1512 1680; x_wconf 87' lang='lat' dir='ltr'><strong>praevenit.</strong></span> <span class='ocrx_word' id='word_1_112' title='bbox 1543 1631 1598 1671; x_wconf 86' lang='lat' dir='ltr'><strong>Et</strong></span> <span class='ocrx_word' id='word_1_113' title='bbox 1627 1631 1692 1671; x_wconf 87' lang='lat' dir='ltr'><strong>sic</strong></span> <span class='ocrx_word' id='word_1_114' title='bbox 1720 1630 1810 1671; x_wconf 86' lang='lat' dir='ltr'><strong>fere</strong></span> 
     </span>
     <span class='ocr_line' id='line_1_18' title="bbox 232 1705 1811 1757; baseline 0.001 -12"><span class='ocrx_word' id='word_1_115' title='bbox 232 1707 276 1745; x_wconf 91' lang='lat' dir='ltr'><strong>in</strong></span> <span class='ocrx_word' id='word_1_116' title='bbox 318 1706 520 1746; x_wconf 90' lang='lat' dir='ltr'><strong>omnibus</strong></span> <span class='ocrx_word' id='word_1_117' title='bbox 561 1705 801 1756; x_wconf 86' lang='lat' dir='ltr'><strong>Terentius,</strong></span> <span class='ocrx_word' id='word_1_118' title='bbox 845 1716 955 1755; x_wconf 90' lang='lat' dir='ltr'><strong>quae</strong></span> <span class='ocrx_word' id='word_1_119' title='bbox 996 1706 1143 1745; x_wconf 86' lang='lat' dir='ltr'><strong>minus</strong></span> <span class='ocrx_word' id='word_1_120' title='bbox 1183 1706 1438 1756; x_wconf 89' lang='lat' dir='ltr'><strong>pervulgata</strong></span> <span class='ocrx_word' id='word_1_121' title='bbox 1468 1707 1583 1757; x_wconf 89' lang='lat' dir='ltr'><strong>sunt,</strong></span> <span class='ocrx_word' id='word_1_122' title='bbox 1616 1716 1811 1756; x_wconf 65' lang='lat' dir='ltr'><strong>quaeque</strong></span> 
     </span>
     <span class='ocr_line' id='line_1_19' title="bbox 231 1780 1041 1831; baseline -0.002 -9"><span class='ocrx_word' id='word_1_123' title='bbox 231 1783 464 1822; x_wconf 87' lang='lat' dir='ltr'><strong>abhorrent</strong></span> <span class='ocrx_word' id='word_1_124' title='bbox 495 1791 521 1820; x_wconf 91' lang='lat' dir='ltr'><strong>a</strong></span> <span class='ocrx_word' id='word_1_125' title='bbox 552 1780 874 1831; x_wconf 87' lang='lat' dir='ltr'><strong>consuetudine,</strong></span> <span class='ocrx_word' id='word_1_126' title='bbox 908 1782 1041 1830; x_wconf 87' lang='lat' dir='ltr'><strong>agit.&#39;’</strong></span> 
     </span>
    </p>

    <p class='ocr_par' dir='ltr' id='par_1_11' title="bbox 229 1856 1811 2061">
     <span class='ocr_line' id='line_1_20' title="bbox 290 1856 1811 1906; baseline 0.001 -9"><span class='ocrx_word' id='word_1_127' title='bbox 290 1858 464 1897; x_wconf 89' lang='lat' dir='ltr'><strong>Phorm.</strong></span> <span class='ocrx_word' id='word_1_128' title='bbox 508 1857 561 1906; x_wconf 85' lang='grc' dir='ltr'><strong>ΙΙ,</strong></span> <span class='ocrx_word' id='word_1_129' title='bbox 602 1858 638 1906; x_wconf 85' lang='grc'><strong>1,</strong></span> <span class='ocrx_word' id='word_1_130' title='bbox 674 1858 743 1896; x_wconf 89' lang='lat'><strong>65.</strong></span> <span class='ocrx_word' id='word_1_131' title='bbox 778 1856 886 1896; x_wconf 87' lang='lat' dir='ltr'><strong>Cum</strong></span> <span class='ocrx_word' id='word_1_132' title='bbox 919 1856 1028 1896; x_wconf 83' lang='lat' dir='ltr'><strong>Geta</strong></span> <span class='ocrx_word' id='word_1_133' title='bbox 1059 1867 1185 1896; x_wconf 81' lang='lat' dir='ltr'><strong>servo</strong></span> <span class='ocrx_word' id='word_1_134' title='bbox 1217 1867 1296 1896; x_wconf 91' lang='lat' dir='ltr'><strong>suo</strong></span> <span class='ocrx_word' id='word_1_135' title='bbox 1328 1857 1508 1906; x_wconf 89' lang='lat' dir='ltr'><strong>loquens</strong></span> <span class='ocrx_word' id='word_1_136' title='bbox 1538 1857 1703 1898; x_wconf 81' lang='lat' dir='ltr'><strong>Demea</strong></span> <span class='ocrx_word' id='word_1_137' title='bbox 1731 1856 1811 1898; x_wconf 86' lang='lat' dir='ltr'><strong>filii</strong></span> 
     </span>
     <span class='ocr_line' id='line_1_21' title="bbox 229 1921 1811 1984; baseline 0.002 -12"><span class='ocrx_word' id='word_1_138' title='bbox 229 1934 477 1983; x_wconf 88' lang='lat' dir='ltr'><strong>stultitiam,</strong></span> <span class='ocrx_word' id='word_1_139' title='bbox 522 1934 595 1982; x_wconf 90' lang='lat' dir='ltr'><strong>qui</strong></span> <span class='ocrx_word' id='word_1_140' title='bbox 636 1944 683 1973; x_wconf 90' lang='lat' dir='ltr'><strong>se</strong></span> <span class='ocrx_word' id='word_1_141' title='bbox 725 1934 904 1974; x_wconf 88' lang='lat' dir='ltr'><strong>absente</strong></span> <span class='ocrx_word' id='word_1_142' title='bbox 946 1934 998 1973; x_wconf 88' lang='lat' dir='ltr'><strong>ab</strong></span> <span class='ocrx_word' id='word_1_143' title='bbox 1040 1934 1234 1983; x_wconf 88' lang='lat' dir='ltr'><strong>improbo</strong></span> <span class='ocrx_word' id='word_1_144' title='bbox 1276 1935 1512 1984; x_wconf 91' lang='lat' dir='ltr'><strong>impostore</strong></span> <span class='ocrx_word' id='word_1_145' title='bbox 1544 1921 1720 1975; x_wconf 83' lang='lat' dir='ltr'><strong>coactus</strong></span> <span class='ocrx_word' id='word_1_146' title='bbox 1750 1935 1811 1975; x_wconf 85' lang='lat' dir='ltr'><strong>sit</strong></span> 
     </span>
     <span class='ocr_line' id='line_1_22' title="bbox 229 2010 1807 2061; baseline 0.001 -11"><span class='ocrx_word' id='word_1_147' title='bbox 229 2020 413 2050; x_wconf 83' lang='lat' dir='ltr'><strong>uxorem</strong></span> <span class='ocrx_word' id='word_1_148' title='bbox 445 2010 611 2060; x_wconf 92' lang='lat' dir='ltr'><strong>ducere,</strong></span> <span class='ocrx_word' id='word_1_149' title='bbox 641 2021 772 2059; x_wconf 88' lang='lat' dir='ltr'><strong>quam</strong></span> <span class='ocrx_word' id='word_1_150' title='bbox 800 2012 1029 2059; x_wconf 88' lang='lat' dir='ltr'><strong>cognatam</strong></span> <span class='ocrx_word' id='word_1_151' title='bbox 1057 2010 1150 2049; x_wconf 90' lang='lat' dir='ltr'><strong>eius</strong></span> <span class='ocrx_word' id='word_1_152' title='bbox 1177 2010 1363 2050; x_wconf 80' lang='lat' dir='ltr'><strong>dixisset</strong></span> <span class='ocrx_word' id='word_1_153' title='bbox 1388 2011 1472 2061; x_wconf 88' lang='lat' dir='ltr'><strong>ille,</strong></span> <span class='ocrx_word' id='word_1_154' title='bbox 1501 2011 1565 2050; x_wconf 89' lang='lat' dir='ltr'><strong>ita</strong></span> <span class='ocrx_word' id='word_1_155' title='bbox 1589 2010 1807 2060; x_wconf 80' lang='lat' dir='ltr'><strong>exagitat:</strong></span> 
     </span>
    </p>

    <p class='ocr_par' dir='ltr' id='par_1_12' title="bbox 1146 2086 1463 2137">
     <span class='ocr_line' id='line_1_23' title="bbox 1146 2086 1463 2137; baseline 0.003 -12"><span class='ocrx_word' id='word_1_156' title='bbox 1146 2086 1270 2125; x_wconf 89' lang='lat' dir='ltr'><strong>Mitto</strong></span> <span class='ocrx_word' id='word_1_157' title='bbox 1303 2087 1463 2137; x_wconf 89' lang='lat' dir='ltr'><strong>omnia,</strong></span> 
     </span>
    </p>

    <p class='ocr_par' dir='ltr' id='par_1_13' title="bbox 408 2163 1610 2212">
     <span class='ocr_line' id='line_1_24' title="bbox 408 2163 1610 2212; baseline 0.002 -11"><span class='ocrx_word' id='word_1_158' title='bbox 408 2163 529 2202; x_wconf 89' lang='lat' dir='ltr'><strong>Addo</strong></span> <span class='ocrx_word' id='word_1_159' title='bbox 562 2163 697 2202; x_wconf 87' lang='lat' dir='ltr'><strong>istuc:</strong></span> <span class='ocrx_word' id='word_1_160' title='bbox 730 2163 982 2212; x_wconf 88' lang='lat' dir='ltr'><strong>imprudens</strong></span> <span class='ocrx_word' id='word_1_161' title='bbox 1013 2163 1163 2202; x_wconf 87' lang='lat' dir='ltr'><strong>timuit</strong></span> <span class='ocrx_word' id='word_1_162' title='bbox 1195 2163 1468 2203; x_wconf 90' lang='lat' dir='ltr'><strong>adolescens:</strong></span> <span class='ocrx_word' id='word_1_163' title='bbox 1501 2163 1610 2203; x_wconf 91' lang='lat' dir='ltr'><strong>sino.</strong></span> 
     </span>
    </p>

    <p class='ocr_par' dir='ltr' id='par_1_14' title="bbox 406 2239 1500 2289">
     <span class='ocr_line' id='line_1_25' title="bbox 406 2239 1500 2289; baseline 0 -11"><span class='ocrx_word' id='word_1_164' title='bbox 406 2239 470 2278; x_wconf 89' lang='lat' dir='ltr'><strong>Tu</strong></span> <span class='ocrx_word' id='word_1_165' title='bbox 502 2241 677 2278; x_wconf 81' lang='lat' dir='ltr'><strong>servus!</strong></span> <span class='ocrx_word' id='word_1_166' title='bbox 712 2239 875 2279; x_wconf 88' lang='lat' dir='ltr'><strong>Verum</strong></span> <span class='ocrx_word' id='word_1_167' title='bbox 907 2240 944 2278; x_wconf 91' lang='lat' dir='ltr'><strong>si</strong></span> <span class='ocrx_word' id='word_1_168' title='bbox 977 2240 1161 2288; x_wconf 88' lang='lat' dir='ltr'><strong>cognata</strong></span> <span class='ocrx_word' id='word_1_169' title='bbox 1192 2241 1260 2278; x_wconf 91' lang='lat' dir='ltr'><strong>est</strong></span> <span class='ocrx_word' id='word_1_170' title='bbox 1292 2239 1500 2289; x_wconf 79' lang='lat' dir='ltr'><strong>maxime,</strong></span> 
     </span>
    </p>

    <p class='ocr_par' dir='ltr' id='par_1_15' title="bbox 406 2314 1640 2365">
     <span class='ocr_line' id='line_1_26' title="bbox 406 2314 1640 2365; baseline 0 -11"><span class='ocrx_word' id='word_1_171' title='bbox 406 2315 501 2354; x_wconf 90' lang='lat' dir='ltr'><strong>Non</strong></span> <span class='ocrx_word' id='word_1_172' title='bbox 532 2315 615 2354; x_wconf 87' lang='lat' dir='ltr'><strong>fuit</strong></span> <span class='ocrx_word' id='word_1_173' title='bbox 646 2325 824 2354; x_wconf 89' lang='lat' dir='ltr'><strong>necesse</strong></span> <span class='ocrx_word' id='word_1_174' title='bbox 855 2315 1036 2354; x_wconf 87' lang='lat' dir='ltr'><strong>habere:</strong></span> <span class='ocrx_word' id='word_1_175' title='bbox 1064 2315 1152 2364; x_wconf 90' lang='lat' dir='ltr'><strong>sed,</strong></span> <span class='ocrx_word' id='word_1_176' title='bbox 1188 2314 1229 2353; x_wconf 91' lang='lat' dir='ltr'><strong>id</strong></span> <span class='ocrx_word' id='word_1_177' title='bbox 1261 2315 1374 2363; x_wconf 87' lang='lat' dir='ltr'><strong>quod</strong></span> <span class='ocrx_word' id='word_1_178' title='bbox 1405 2315 1478 2354; x_wconf 85' lang='lat' dir='ltr'><strong>lex</strong></span> <span class='ocrx_word' id='word_1_179' title='bbox 1509 2315 1640 2365; x_wconf 90' lang='lat' dir='ltr'><strong>iubet,</strong></span> 
     </span>
    </p>

    <p class='ocr_par' dir='ltr' id='par_1_16' title="bbox 405 2390 1385 2440">
     <span class='ocr_line' id='line_1_27' title="bbox 405 2390 1385 2440; baseline 0 -11"><span class='ocrx_word' id='word_1_180' title='bbox 405 2390 561 2429; x_wconf 91' lang='lat' dir='ltr'><strong>Dotem</strong></span> <span class='ocrx_word' id='word_1_181' title='bbox 596 2391 769 2440; x_wconf 86' lang='lat' dir='ltr'><strong>daretis,</strong></span> <span class='ocrx_word' id='word_1_182' title='bbox 804 2392 1030 2439; x_wconf 88' lang='lat' dir='ltr'><strong>quaereret</strong></span> <span class='ocrx_word' id='word_1_183' title='bbox 1061 2390 1196 2429; x_wconf 91' lang='lat' dir='ltr'><strong>alium</strong></span> <span class='ocrx_word' id='word_1_184' title='bbox 1227 2390 1385 2429; x_wconf 87' lang='lat' dir='ltr'><strong>virum.</strong></span> 
     </span>
    </p>

    <p class='ocr_par' dir='ltr' id='par_1_17' title="bbox 223 2466 1806 2740">
     <span class='ocr_line' id='line_1_28' title="bbox 407 2466 1536 2516; baseline 0.001 -12"><span class='ocrx_word' id='word_1_185' title='bbox 407 2466 498 2515; x_wconf 80' lang='lat' dir='ltr'><strong>Qua</strong></span> <span class='ocrx_word' id='word_1_186' title='bbox 530 2467 696 2506; x_wconf 90' lang='lat' dir='ltr'><strong>ratione</strong></span> <span class='ocrx_word' id='word_1_187' title='bbox 729 2466 902 2515; x_wconf 92' lang='lat' dir='ltr'><strong>inopem</strong></span> <span class='ocrx_word' id='word_1_188' title='bbox 933 2466 1077 2516; x_wconf 90' lang='lat' dir='ltr'><strong>potius</strong></span> <span class='ocrx_word' id='word_1_189' title='bbox 1109 2466 1292 2505; x_wconf 90' lang='lat' dir='ltr'><strong>ducebat</strong></span> <span class='ocrx_word' id='word_1_190' title='bbox 1324 2466 1536 2505; x_wconf 85' lang='lat' dir='ltr'><strong>domum?</strong></span> 
     </span>
     <span class='ocr_line' id='line_1_29' title="bbox 224 2541 1806 2591; baseline 0.001 -11"><span class='ocrx_word' id='word_1_191' title='bbox 224 2541 492 2580; x_wconf 88' lang='lat' dir='ltr'><strong>Annotatur:</strong></span> <span class='ocrx_word' id='word_1_192' title='bbox 531 2542 636 2590; x_wconf 90' lang='lat' dir='ltr'><strong>„sub</strong></span> <span class='ocrx_word' id='word_1_193' title='bbox 655 2542 834 2581; x_wconf 90' lang='lat' dir='ltr'><strong>obtentu</strong></span> <span class='ocrx_word' id='word_1_194' title='bbox 866 2542 994 2581; x_wconf 88' lang='lat' dir='ltr'><strong>huius</strong></span> <span class='ocrx_word' id='word_1_195' title='bbox 1025 2541 1341 2591; x_wconf 89' lang='lat' dir='ltr'><strong>propositionis,</strong></span> <span class='ocrx_word' id='word_1_196' title='bbox 1376 2542 1421 2581; x_wconf 92' lang='lat' dir='ltr'><strong>in</strong></span> <span class='ocrx_word' id='word_1_197' title='bbox 1452 2552 1538 2590; x_wconf 89' lang='lat' dir='ltr'><strong>qua</strong></span> <span class='ocrx_word' id='word_1_198' title='bbox 1567 2552 1668 2591; x_wconf 89' lang='lat' dir='ltr'><strong>pars</strong></span> <span class='ocrx_word' id='word_1_199' title='bbox 1695 2541 1806 2591; x_wconf 81' lang='lat' dir='ltr'><strong>legis</strong></span> 
     </span>
     <span class='ocr_line' id='line_1_30' title="bbox 223 2617 1806 2667; baseline 0.001 -12"><span class='ocrx_word' id='word_1_200' title='bbox 223 2617 477 2665; x_wconf 87' lang='lat' dir='ltr'><strong>ostenditur,</strong></span> <span class='ocrx_word' id='word_1_201' title='bbox 512 2617 600 2656; x_wconf 87' lang='lat' dir='ltr'><strong>iam</strong></span> <span class='ocrx_word' id='word_1_202' title='bbox 633 2619 761 2666; x_wconf 78' lang='lat' dir='ltr'><strong>poeta</strong></span> <span class='ocrx_word' id='word_1_203' title='bbox 791 2618 1020 2667; x_wconf 85' lang='lat' dir='ltr'><strong>praeparat</strong></span> <span class='ocrx_word' id='word_1_204' title='bbox 1050 2617 1191 2657; x_wconf 87' lang='lat' dir='ltr'><strong>locum</strong></span> <span class='ocrx_word' id='word_1_205' title='bbox 1225 2617 1422 2656; x_wconf 84' lang='lat' dir='ltr'><strong>fallaciae</strong></span> <span class='ocrx_word' id='word_1_206' title='bbox 1449 2617 1726 2658; x_wconf 83' lang='lat' dir='ltr'><strong>Phormionis</strong></span> <span class='ocrx_word' id='word_1_207' title='bbox 1751 2617 1806 2657; x_wconf 88' lang='lat' dir='ltr'><strong>de</strong></span> 
     </span>
     <span class='ocr_line' id='line_1_31' title="bbox 224 2692 644 2740; baseline 0.002 -9"><span class='ocrx_word' id='word_1_208' title='bbox 224 2693 322 2731; x_wconf 91' lang='lat' dir='ltr'><strong>dote</strong></span> <span class='ocrx_word' id='word_1_209' title='bbox 354 2692 644 2740; x_wconf 86' lang='lat' dir='ltr'><strong>accipienda.”</strong></span> 
     </span>
    </p>

    <p class='ocr_par' dir='ltr' id='par_1_18' title="bbox 287 2766 1801 2815">
     <span class='ocr_line' id='line_1_32' title="bbox 287 2766 1801 2815; baseline -0.001 -6"><span class='ocrx_word' id='word_1_210' title='bbox 287 2766 363 2809; x_wconf 81' lang='lat' dir='ltr'><strong>lv.</strong></span> <span class='ocrx_word' id='word_1_211' title='bbox 396 2767 658 2815; x_wconf 85' lang='lat' dir='ltr'><strong>Vigilantiae</strong></span> <span class='ocrx_word' id='word_1_212' title='bbox 691 2768 858 2807; x_wconf 88' lang='lat' dir='ltr'><strong>similes</strong></span> <span class='ocrx_word' id='word_1_213' title='bbox 890 2769 1076 2808; x_wconf 88' lang='lat' dir='ltr'><strong>virtutes</strong></span> <span class='ocrx_word' id='word_1_214' title='bbox 1103 2769 1291 2808; x_wconf 85' lang='lat' dir='ltr'><strong>Terentii</strong></span> <span class='ocrx_word' id='word_1_215' title='bbox 1318 2769 1387 2807; x_wconf 89' lang='lat' dir='ltr'><strong>his</strong></span> <span class='ocrx_word' id='word_1_216' title='bbox 1412 2769 1519 2808; x_wconf 91' lang='lat' dir='ltr'><strong>locis</strong></span> <span class='ocrx_word' id='word_1_217' title='bbox 1545 2769 1801 2808; x_wconf 85' lang='lat' dir='ltr'><strong>laudantur:</strong></span> 
     </span>
    </p>

    <p class='ocr_par' dir='ltr' id='par_1_19' title="bbox 225 2843 1803 2969">
     <span class='ocr_line' id='line_1_33' title="bbox 281 2843 1801 2894; baseline 0.001 -12"><span class='ocrx_word' id='word_1_218' title='bbox 281 2843 384 2882; x_wconf 90' lang='lat' dir='ltr'><strong>Hec.</strong></span> <span class='ocrx_word' id='word_1_219' title='bbox 430 2843 503 2892; x_wconf 88' lang='lat' dir='ltr'><strong>III,</strong></span> <span class='ocrx_word' id='word_1_220' title='bbox 553 2845 588 2892; x_wconf 88' lang='lat'><strong>1,</strong></span> <span class='ocrx_word' id='word_1_221' title='bbox 633 2844 702 2882; x_wconf 87' lang='lat'><strong>47.</strong></span> <span class='ocrx_word' id='word_1_222' title='bbox 748 2844 1014 2894; x_wconf 89' lang='lat' dir='ltr'><strong>Pamphilus,</strong></span> <span class='ocrx_word' id='word_1_223' title='bbox 1058 2844 1131 2892; x_wconf 92' lang='lat' dir='ltr'><strong>qui</strong></span> <span class='ocrx_word' id='word_1_224' title='bbox 1173 2845 1301 2884; x_wconf 90' lang='lat' dir='ltr'><strong>modo</strong></span> <span class='ocrx_word' id='word_1_225' title='bbox 1339 2854 1439 2883; x_wconf 91' lang='lat' dir='ltr'><strong>cum</strong></span> <span class='ocrx_word' id='word_1_226' title='bbox 1471 2854 1599 2884; x_wconf 87' lang='lat' dir='ltr'><strong>servo</strong></span> <span class='ocrx_word' id='word_1_227' title='bbox 1629 2843 1801 2883; x_wconf 81' lang='lat' dir='ltr'><strong>Parme·</strong></span> 
     </span>
     <span class='ocr_line' id='line_1_34' title="bbox 225 2918 1803 2969; baseline 0.001 -13"><span class='ocrx_word' id='word_1_228' title='bbox 225 2928 335 2956; x_wconf 91' lang='lat' dir='ltr'><strong>none</strong></span> <span class='ocrx_word' id='word_1_229' title='bbox 383 2920 482 2956; x_wconf 82' lang='lat' dir='ltr'><strong>ante</strong></span> <span class='ocrx_word' id='word_1_230' title='bbox 531 2919 692 2957; x_wconf 88' lang='lat' dir='ltr'><strong>ostium</strong></span> <span class='ocrx_word' id='word_1_231' title='bbox 735 2919 1018 2958; x_wconf 89' lang='lat' dir='ltr'><strong>Philumenae</strong></span> <span class='ocrx_word' id='word_1_232' title='bbox 1060 2921 1254 2969; x_wconf 87' lang='lat' dir='ltr'><strong>steterat,</strong></span> <span class='ocrx_word' id='word_1_233' title='bbox 1299 2921 1522 2968; x_wconf 86' lang='lat' dir='ltr'><strong>aegrotare</strong></span> <span class='ocrx_word' id='word_1_234' title='bbox 1563 2918 1637 2958; x_wconf 91' lang='lat' dir='ltr'><strong>ubi</strong></span> <span class='ocrx_word' id='word_1_235' title='bbox 1679 2918 1803 2958; x_wconf 89' lang='lat' dir='ltr'><strong>illam</strong></span> 
     </span>
    </p>
   </div>
   <div class='ocr_carea' id='block_1_3' title="bbox 1976 0 2034 3334">
    <p class='ocr_par' dir='ltr' id='par_1_20' title="bbox 1976 0 2034 3334">
     <span class='ocr_line' id='line_1_35' title="bbox 1976 0 2034 3334; baseline 0 0"><span class='ocrx_word' id='word_1_236' title='bbox 1976 0 2034 3334; x_wconf 95' lang='lat' dir='ltr'><strong> </strong></span> 
     </span>
    </p>
   </div>
  </div>
 </body>
</html>
