2034 3334
963 340 1043 378 121

216 470 311 510 Non
343 470 459 509 enim
485 470 720 509 admodum
745 467 1024 507 temerariam
1051 465 1140 504 dixi
1167 465 1444 514 sententiam,
1474 474 1666 512 quaeque
1692 463 1783 502 veri

217 547 361 586 careat
391 546 546 595 specie.
578 545 671 584 Hoc
702 543 907 584 audacius
937 541 1073 581 videri
1104 541 1242 590 possit
1268 540 1379 589 quod
1404 550 1519 579 nunc
1544 539 1782 588 proloquar.

217 622 424 672 Quamvis
455 620 625 660 infirmo
657 621 849 660 nitamur
874 619 1155 658 fundamento
1183 617 1342 666 criticO,
1371 618 1522 655 tamen
1547 626 1633 655 non
1660 615 1785 654 debet

215 699 435 748 quiescere
461 699 590 746 atque
619 707 788 736 cessare
811 694 1067 735 emendandi
1083 694 1214 733 labor.
1233 694 1522 741 Permagnam
1540 692 1611 731 ille
1628 692 1784 731 habere

214 775 358 823 potest
404 773 663 821 utilitatem;
709 772 996 821 quoniamque
1037 780 1123 809 non
1164 770 1306 808 solum
1342 769 1499 808 Donati
1529 778 1674 817 manu,
1709 768 1784 806 sed

214 850 399 890 fortasse
430 849 565 888 etiam
597 847 899 888 commentarii
930 846 1116 886 editione
1149 856 1204 884 ex
1236 845 1342 884 artis
1370 845 1543 883 criticae
1569 844 1784 893 praceptis

215 926 464 975 comparata
500 925 742 964 carebimus
774 933 957 972 semper,
993 921 1250 961 coniecturis
1282 921 1493 959 utendum
1525 921 1604 959 est.
1637 920 1784 968 Neque

213 1001 312 1040 illae
344 1010 495 1040 omnes
526 1001 620 1039 tam
651 1000 755 1038 sunt
785 999 973 1038 incertae
1005 1007 1135 1046 quam
1168 996 1276 1046 quis,
1307 996 1465 1035 auditis
1497 995 1648 1034 multis
1675 996 1782 1035 mul-

213 1079 358 1118 torum
415 1078 466 1116 de
511 1075 783 1116 fundamenti
830 1075 967 1114 critici
1013 1075 1182 1114 defectu
1229 1073 1522 1123 querimoniis,
1572 1073 1784 1121 suspicari

213 1153 363 1203 possit.
407 1153 504 1202 Ipse
544 1152 886 1202 Westerhovius,
930 1162 1059 1200 quem
1091 1150 1292 1190 omnibus
1323 1150 1464 1189 modis
1496 1150 1785 1189 condemnant

213 1229 614 1279 reprehenduntque
655 1228 728 1277 qui
769 1228 820 1267 de
857 1227 1032 1267 scholiis
1065 1226 1336 1266 Terentianis
1368 1226 1543 1264 edendis
1575 1226 1781 1275 scribunt,

213 1305 452 1354 permultas
484 1304 769 1344 correctiones
801 1304 1029 1353 palmares,
1064 1303 1139 1342 aut
1171 1303 1223 1341 ab
1255 1302 1360 1351 ipso,
1397 1303 1472 1341 aut
1503 1312 1529 1340 a
1554 1301 1783 1350 Wielingio

213 1380 394 1429 aliisque
411 1381 611 1420 inventas
627 1381 750 1419 nobis
767 1379 954 1429 tradidit,
975 1389 1083 1427 quae
1101 1379 1203 1427 quin
1219 1379 1395 1417 omnino
1413 1378 1501 1417 sint
1516 1377 1784 1426 recipiendae

214 1456 392 1496 dubium
418 1467 504 1496 non
531 1458 610 1496 est.
638 1456 837 1505 Exempli
864 1466 995 1495 causa
1011 1466 1145 1494 unam
1163 1455 1429 1503 alteramque
1446 1455 1516 1493 hic
1533 1464 1781 1503 proponam.

273 1532 404 1572 Andr.
453 1533 485 1582 I,
535 1533 573 1582 5,
624 1534 663 1572 6.
711 1532 965 1581 Pamphilus
1013 1531 1254 1571 Chremetis
1295 1530 1431 1570 filiam
1473 1531 1555 1569 sibi
1597 1540 1622 1568 a
1662 1531 1783 1578 patre

211 1619 395 1648 uxorem
426 1609 686 1648 destinatam
722 1608 887 1647 audivit
918 1609 1146 1657 ipsumque
1177 1607 1452 1647 Chremetem
1479 1607 1578 1645 huic
1606 1605 1782 1645 consilio

213 1695 454 1724 assensum.
497 1684 643 1733 Neque
674 1684 878 1732 intelligit
909 1684 1055 1723 omnia
1086 1683 1193 1723 haec
1224 1694 1249 1722 a
1281 1683 1456 1722 senibus
1487 1682 1600 1721 ficta.
1634 1682 1781 1720 Excla-

212 1761 307 1800 mat
339 1770 439 1809 ergo
471 1761 515 1800 et
546 1760 631 1799 alia
662 1761 706 1799 et
735 1761 864 1799 haec:

333 1836 440 1886 Quid
472 1834 691 1886 Chremes,
725 1836 798 1884 qui
830 1837 1063 1885 denegarat
1095 1846 1142 1875 se
1174 1836 1511 1875 commissurum
1544 1835 1654 1874 mihi

328 1912 521 1952 Gnatam
552 1922 679 1951 suam
711 1922 905 1962 uxorem,
940 1912 982 1951 id
1013 1912 1224 1951 mutavit!
1408 1954 1411 1956 ,

212 1989 279 2028 Ad
309 1988 491 2027 verbum
523 1988 957 2027 commissurum
989 1988 1246 2026 annotatum
1277 1987 1485 2036 legimus:
1523 1987 1783 2036 „Putaverat

212 2064 386 2114 nuptias
418 2065 462 2103 et
493 2062 767 2103 Chremetem
799 2064 970 2102 mutare
1003 2063 1273 2102 consilium.’'
1304 2063 1422 2112 Quod
1449 2073 1581 2102 sensu
1609 2073 1783 2102 cassum

212 2150 307 2179 esse
338 2138 666 2179 Westerhovius
699 2139 817 2188 vidit,
852 2139 1029 2187 ideoque
1062 2139 1243 2178 coniecit
1269 2140 1576 2187 putaverat
1602 2149 1780 2188 veras,

212 2226 342 2264 quam
389 2216 681 2255 coniecturam
722 2216 919 2255 Klotzius
966 2216 1144 2264 perfecit
1190 2216 1351 2255 edendo
1392 2217 1554 2264 putat
1603 2225 1779 2254 veras,

212 2291 322 2330 Illud
364 2293 511 2330 autem
553 2302 718 2330 veras
761 2294 878 2337 (nam
919 2293 1067 2331 utrum
1108 2293 1414 2340 putaverat
1445 2302 1501 2330 an
1531 2293 1696 2340 putat
1725 2291 1780 2330 le-

212 2377 368 2416 gamus
399 2377 553 2415 parum
584 2367 778 2413 interest)
807 2367 903 2415 quis
928 2368 1022 2406 tam
1047 2377 1276 2416 perversus
1303 2368 1372 2406 est
1396 2368 1445 2406 ut
1470 2367 1648 2416 probare
1675 2366 1784 2406 nolit

213 2442 418 2490 quoniam
449 2442 493 2480 in
524 2442 747 2481 nullodum
779 2442 1007 2481 inventum
1038 2443 1096 2481 sit
1128 2443 1303 2482 codice?

270 2517 375 2556 Eun.
424 2517 473 2566 V,
523 2519 562 2567 3,
612 2519 651 2557 6.
700 2519 893 2567 Pythias,
938 2519 1113 2558 Thaidis
1155 2519 1322 2568 ancilla,
1367 2519 1781 2568 appropinquantem

212 2592 330 2632 videt
372 2592 647 2632 Chremetem
685 2604 784 2632 cum
815 2594 1004 2633 nutrice:
1038 2594 1224 2643 suspicio
1257 2595 1374 2633 enim
1406 2595 1509 2633 nata
1541 2596 1634 2633 erat
1665 2595 1782 2634 illius

213 2667 455 2707 Chremetis
472 2679 567 2707 esse
585 2679 775 2708 sororem
793 2670 979 2718 puellam
999 2669 1120 2709 illam
1132 2680 1157 2708 a
1173 2670 1334 2709 Thaide
1351 2671 1570 2719 eductam;
1590 2672 1781 2711 nondum

213 2744 362 2782 tamen
394 2745 512 2782 certa
542 2754 612 2783 res
644 2746 748 2794 erat,
783 2745 1047 2784 ostendenda
1078 2746 1212 2784 etiam
1243 2769 1273 2772 -
1314 2746 1376 2784 ita
1406 2747 1455 2785 ut
1485 2745 1534 2785 fit
1557 2769 1603 2774 -—
1624 2747 1781 2787 nutrici

213 2820 335 2858 erant
361 2817 407 2856 τὰ
429 2818 526 2869 πρὸς
543 2818 611 2857 τὸν
628 2817 941 2870 ἀναγνωρισμόν.
960 2820 1070 2869 Ergo
1087 2820 1269 2859 vixdum
1286 2822 1487 2861 iuvenem
1507 2832 1605 2861 cum
1623 2820 1780 2862 comite

213 2903 293 2934 sua
323 2894 549 2945 conspexit
580 2895 771 2946 Pythias,
806 2905 905 2953 cum
937 2906 1038 2936 eum
1068 2897 1326 2947 interrogat:
