2034 3334
998 375 1082 413 239

253 498 320 537 est
345 498 568 548 momenti,
598 508 741 537 mores
768 498 993 537 hominum
1020 499 1214 548 depinxit
1239 499 1352 548 ipse;
1382 500 1474 548 ipse
1490 501 1606 539 enim
1623 501 1814 550 proprios
1867 492 1869 496 ’

251 573 418 612 invenit
449 574 726 622 adhibuitque
758 574 932 614 colores.

310 725 490 773 Iamque
519 725 670 774 „exegi
695 726 1056 764 monumentum”
1086 726 1138 764 ad
1165 726 1275 774 quod
1302 727 1528 766 delendum
1546 738 1682 776 neque
1699 728 1814 767 Iovis

250 801 314 839 ira
345 811 451 849 opus
483 801 564 839 erit
595 811 732 848 neque
765 801 883 839 edaci
917 802 1133 840 vetustate
1165 802 1239 856 sed
1271 802 1365 851 ipsa
1395 803 1605 842 lectorum
1633 804 1816 843 sufficiet

216 866 219 868 ’
249 876 561 916 benevolentia.
605 876 827 925 Exponere
869 876 985 915 enim
1028 878 1206 916 conatus
1238 888 1336 916 sum
1369 879 1580 926 quantum
1611 889 1738 918 verae
1771 880 1815 918 in

250 954 426 993 scholiis
467 954 520 992 ad
556 953 805 991 Terentium
836 952 991 991 lateret
1023 953 1262 1001 doctrinae;
1301 964 1375 1002 per
1411 953 1530 992 illam
1562 955 1713 994 deinde
1745 956 1813 994 sil-

249 1040 353 1068 vam
383 1029 573 1078 primum
604 1030 653 1067 ut
684 1028 938 1076 apparerent
968 1028 1065 1066 viae
1097 1028 1304 1076 quaedam
1339 1029 1616 1079 semitaeque,
1645 1031 1739 1069 tum
1767 1032 1815 1070 ut

250 1115 403 1154 vepres
435 1105 532 1143 inde
563 1105 793 1152 sentesque
824 1105 1150 1142 removerentur
1181 1114 1279 1142 sum
1311 1105 1469 1153 enisus,
1503 1106 1721 1153 postremo
1752 1107 1815 1146 sic

251 1192 300 1221 eo
337 1181 550 1230 perveniri
581 1190 707 1229 posse
738 1181 785 1218 ut
818 1179 960 1228 ipsum
992 1179 1240 1219 Terentium
1271 1181 1428 1219 melius
1461 1191 1814 1229 cognosceremus

250 1257 557 1296 demonstravi.
603 1256 646 1294 Si
687 1255 760 1303 qui
792 1265 891 1303 ergo
926 1277 977 1282 —
1012 1256 1056 1293 et
1086 1255 1174 1293 sint
1205 1255 1250 1293 hi
1281 1266 1411 1303 quam
1441 1256 1615 1304 plurimi
1649 1279 1701 1285 —-
1734 1258 1815 1297 hoc

249 1333 436 1382 perlecto
478 1331 584 1370 libro
627 1330 876 1369 Terentium
917 1330 1051 1378 pluris
1093 1340 1223 1378 quam
1255 1333 1383 1370 antea
1414 1331 1552 1370 facere
1585 1333 1811 1383 coeperint,

250 1408 288 1447 si
320 1409 364 1446 in
396 1419 445 1447 eo
472 1407 650 1456 legendo
680 1416 851 1454 semper
877 1406 1048 1444 assidue
1077 1406 1316 1444 Scholiasta
1341 1406 1410 1445 usi
1436 1408 1562 1445 erunt
1587 1408 1810 1458 monitore,

249 1485 345 1523 tum
387 1484 424 1522 si
465 1483 547 1522 viri
589 1482 748 1531 ingenii
789 1481 987 1520 acumine
1018 1481 1228 1529 pollentes
1260 1492 1285 1520 a
1315 1492 1387 1520 me
1418 1482 1587 1521 incitari
1618 1493 1665 1522 se
1695 1483 1814 1532 passi

251 1561 376 1598 erunt
402 1561 451 1598 ut
476 1558 652 1597 scholiis
679 1556 959 1596 emendandis
986 1557 1088 1595 dent
1115 1567 1311 1605 operam;
1339 1559 1557 1606 postremo
1584 1559 1621 1596 si
1637 1559 1812 1598 tandem

250 1635 477 1683 aliquando
518 1634 598 1672 hoc
639 1633 702 1671 illi
734 1633 860 1671 erunt
891 1632 1079 1671 assecuti
1110 1633 1158 1671 ut
1189 1633 1353 1680 optima
1384 1633 1683 1672 commentarii
1714 1642 1815 1682 pars

250 1710 451 1751 omnibus
486 1709 668 1758 purgata
699 1707 895 1746 sordibus
927 1708 970 1745 in
1001 1707 1142 1746 lucem
1174 1705 1361 1757 prodeat,
1395 1708 1506 1747 meis
1537 1709 1625 1746 iam
1656 1709 1707 1747 de
1739 1709 1811 1747 Te-

250 1774 387 1826 rentio
415 1787 458 1825 et
483 1785 650 1824 Donato
675 1783 1041 1822 lucubrationibus
1066 1783 1191 1822 facile
1218 1793 1361 1822 carere
1383 1785 1584 1832 poterunt
1600 1784 1809 1823 homines

321 1903 420 1938 Lugd.
439 1903 513 1932 Bat.
532 1902 606 1931 Kal.
625 1901 712 1936 Sept.
731 1901 771 1930 A.
789 1908 1038 1930 uncoctxxxxv.
