2034 3334
998 219 1059 268 72

226 345 452 403 Augustus
494 347 665 388 tantum
695 344 836 388 abfuit
865 346 917 388 ut
945 345 1060 402 ipse,
1092 345 1130 388 si
1160 345 1224 388 ite
1255 357 1323 388 res
1353 344 1507 399 ferret,
1539 356 1693 390 versus
1722 342 1825 393 κεί·-
1851 326 1855 327 ⁷
1902 332 1921 399 f
1978 331 1983 338 ,

222 416 340 460 beret
366 414 499 458 simul
526 419 570 459 et
596 414 964 472 impudicissimus
993 417 1037 458 et
1058 415 1369 472 spurcissimos.
1397 414 1454 460 Et
1469 415 1586 459 hunc
1599 413 1824 473 credmmfi
1883 440 1887 448 ·
1908 422 1914 433 ⁶

214 491 311 542 post
340 486 532 529 decimum
562 502 710 529 anmom
736 490 827 530 tem
853 486 1130 537 vehementer
1156 487 1447 530 succensuisse
1469 485 1626 530 Ovidio
1649 488 1825 543 propter

224 557 375 600 Artem
418 555 714 600 Amatoriem?
755 556 953 600 Profecto
992 557 1029 599 si
1059 555 1167 599 culti
1195 557 1363 614 ingenii
1391 556 1523 601 homo
1554 557 1708 601 fuisset
1737 548 1826 600 Au-

221 630 400 685 gustus,
435 629 471 670 si
503 626 554 670 de
587 629 726 684 petria
757 641 835 670 sue
865 628 1041 685 egregie
1069 628 1224 670 mereri
1250 630 1486 671 venustum
1512 631 1683 685 poetam
1707 616 1826 684 peni·

223 701 294 741 tus
341 699 557 749 sensissit,
605 698 710 741 Arte
760 696 907 741 Ovidii
952 696 1063 740 lecte
1109 711 1266 741 novem
1307 696 1499 755 aliquem
1538 697 1823 756 excogitasset

226 782 450 819 coronam,
492 770 653 812 civicae
694 782 777 812 non
818 769 1056 824 imparem,
1102 781 1187 825 que
1217 781 1319 812 eum
1351 772 1536 812 ornaret.
1566 767 1680 812 Nem
1709 769 1826 811 inter

225 852 373 882 omnes
415 837 562 882 Ovidii
604 838 737 882 libros
778 840 1032 896 primarium
1074 839 1227 882 Artem
1260 838 1454 883 obtinere
1481 837 1628 882 locum
1658 836 1827 882 dudum

225 910 307 952 sibi
339 923 592 966 persuasum
623 910 781 952 habent
813 909 930 952 docti
961 908 1199 966 philologi:
1232 912 1284 952 ut
1315 913 1359 952 et
1386 910 1422 952 ii
1452 909 1610 953 sentire
1643 909 1824 966 possint,

223 981 299 1036 qui
322 981 508 1037 negotiis
535 979 721 1023 districti
747 981 887 1023 otium
914 994 1043 1023 sunm
1070 981 1209 1036 poetis
1222 978 1369 1023 latinis
1384 978 1581 1038 legendis
1596 977 1828 1031 oblectent,

222 1064 360 1106 nuper
391 1049 527 1093 effecit
559 1049 721 1093 Paulus
754 1050 915 1094 Brandt
942 1052 1315 1107 praestantissima
1340 1049 1419 1094 ille
1445 1053 1490 1094 et
1516 1050 1827 1094 venustissim

223 1120 424 1164 editione.
457 1120 522 1164 En
555 1121 636 1164 hoc
666 1123 732 1164 est
762 1122 1038 1178 antiquarum
1065 1120 1292 1164 literarum
1318 1124 1572 1178 perpetuam
1597 1118 1823 1165 defendere

228 1189 510 1249 dignitatem!
545 1191 576 1245 ¹)

286 1261 526 1304 Innocuum
574 1276 664 1306 esse
710 1276 882 1306 carmen
929 1266 1067 1306 totam
1110 1262 1260 1305 Artem
1302 1261 1449 1313 illam,
1495 1275 1596 1305 cum
1635 1259 1826 1319 legimus

229 1347 346 1384 eam,
389 1347 490 1376 cum
533 1337 707 1390 poetam
757 1333 958 1376 audimus
1000 1337 1312 1376 asseverantem
1355 1347 1401 1376 se
1430 1346 1651 1376 concessos
1680 1330 1826 1376 solum

228 1407 418 1461 spectare
449 1417 638 1455 amores,
672 1403 852 1461 denique
883 1418 983 1446 cum
1014 1402 1136 1446 illius
1163 1404 1370 1460 temporis
1399 1417 1538 1447 mores
1564 1403 1640 1460 qui
1664 1401 1826 1446 fuerint

226 1474 565 1526 consideremus,
608 1489 685 1531 pro
726 1479 840 1518 certo
882 1475 1002 1517 nobis
1043 1478 1234 1517 constare
1276 1477 1430 1531 potest.
1473 1472 1557 1517 Sed
1597 1473 1739 1517 nescio
1769 1485 1824 1517 en

226 1547 367 1602 magis
398 1547 530 1588 etiam
558 1544 723 1588 eluceat
747 1545 858 1588 illud
881 1559 981 1588 cum
1009 1559 1138 1602 quam
1166 1543 1305 1588 multa
1333 1544 1376 1588 et
1401 1547 1493 1588 tota
1507 1545 1649 1601 poesis
1665 1544 1831 1588 erotiee

227 1615 371 1658 Ovidii
403 1615 446 1658 et-
476 1618 570 1672 ipse
603 1616 684 1658 Ars
715 1629 815 1658 cum
846 1617 998 1658 ceteris
1031 1617 1122 1658 eius
1154 1615 1416 1658 carminibus
1445 1615 1600 1658 habeat
1630 1626 1823 1658 commu-

213 1687 316 1737 nia,
351 1699 480 1741 quam
512 1685 644 1728 multi
674 1686 735 1728 ibi
767 1699 935 1742 quoque
965 1689 1184 1728 recurrant
1214 1685 1300 1728 loci
1325 1685 1618 1729 observamus.
1649 1683 1746 1728 Non
1771 1685 1824 1728 ut

269 1828 305 1870 1)
329 1827 380 1867 Si,
405 1827 438 1859 id
461 1827 545 1870 quod
568 1837 660 1870 spere
684 1837 907 1870 augurorque,
930 1837 1002 1860 mox
1026 1826 1241 1859 venustissimi
1265 1826 1340 1859 libri
1364 1837 1443 1870 opus
1465 1826 1529 1859 erit
1553 1836 1636 1860 nove
1662 1825 1824 1866 editione,

223 1885 336 1915 auctor
356 1893 426 1914 sum
451 1882 607 1914 Brendtio
631 1884 685 1915 ut:

224 1940 263 1970 Δ.
297 1937 331 1969 in
354 1936 559 1969 ennotstione
581 1937 620 1968 sd
644 1935 673 1976 1,
695 1937 763 1969 480
785 1936 969 1969 illustrandi
991 1946 1084 1968 caum
1107 1936 1219 1968 efferet
1244 1935 1343 1968 Mart.
1372 1935 1463 1975 vm,
1486 1936 1548 1968 64:

719 1991 762 2023 Ut
786 2002 911 2034 posces,
937 1991 1045 2033 Clyte,
1070 2001 1186 2023 munus
1205 1990 1372 2033 exigueque

714 2046 788 2078 Uno
811 2046 948 2079 nasceris
971 2045 1069 2078 octies
1091 2045 1126 2077 in
1149 2055 1234 2078 enno

296 2101 331 2134 in
353 2100 559 2133 annotatione
583 2101 622 2133 ed
646 2101 673 2140 Ι,
698 2100 761 2135 587
789 2101 889 2133 Mart.
914 2101 954 2139 V,
979 2101 1019 2133 61
1044 2100 1232 2143 praesertim
1255 2099 1407 2132 ultimum
1429 2099 1607 2133 distichon:

624 2156 687 2187 Res
710 2155 819 2187 uxoris
841 2155 932 2198 egit?
955 2165 1006 2188 res
1028 2155 1110 2187 ullss
1133 2154 1292 2198 crispulus
1314 2154 1399 2187 iste?

670 2210 733 2241 Res
757 2219 820 2242 non
845 2209 972 2248 uxoris,
996 2219 1047 2242 res
1069 2209 1136 2252 egit
1158 2209 1219 2241 iste
1242 2211 1315 2241 tues

296 2265 329 2297 in
361 2264 567 2297 annotatione
597 2264 636 2296 ed
668 2263 734 2303 111,
765 2264 829 2297 201
861 2265 912 2306 (de
943 2264 1115 2297 mulierum
1147 2263 1337 2307 superciliis)
1366 2263 1464 2296 etism
1494 2263 1688 2296 mentionem
1720 2261 1820 2296 ficiet

302 2319 447 2351 Petronii
472 2319 547 2352 126.

222 2374 257 2406 B.
294 2375 329 2405 L.
355 2374 400 2411 ΙΙ,
424 2373 467 2405 49
481 2384 529 2415 sq.
554 2375 626 2416 post
648 2372 797 2405 renidens
820 2373 979 2414 virgulam
1005 2374 1120 2416 ponet,
1142 2375 1214 2416 post
1235 2372 1358 2405 nescius
1379 2372 1485 2405 tollat.

296 2429 329 2460 L.
355 2428 401 2466 ΙΙ,
428 2428 489 2460 108
503 2439 550 2470 sq.
576 2430 647 2469 post
670 2428 760 2460 dabie
783 2428 909 2469 virgula
932 2438 991 2470 pro
1012 2427 1161 2460 semicelo
1184 2427 1307 2471 posits,
1332 2438 1387 2470 pro
1412 2427 1520 2470 inepto
1540 2426 1602 2459 into
1620 2426 1668 2458 sit
1686 2424 1821 2469 recipiet
1877 2458 1881 2464 ,

344 2483 435 2515 unice
461 2493 567 2514 verum
592 2482 760 2514 lectionem
784 2483 838 2514 sis.

300 2538 335 2569 L.
359 2538 403 2575 ΙΙ,
430 2537 493 2570 726
526 2547 630 2568 secum
665 2539 792 2579 reputet
815 2537 915 2576 sitne,
939 2537 1023 2579 quod
1048 2537 1128 2569 mihi
1152 2536 1186 2569 in
1211 2541 1349 2569 mentem
1374 2537 1483 2575 venit,
1506 2545 1564 2578 pro
1588 2535 1695 2568 άσιίεισ
1717 2533 1823 2577 legn-

340 2592 415 2623 dum
440 2593 561 2629 desere,
588 2595 623 2623 ut
647 2592 809 2624 deserendi
832 2591 963 2624 verbum
987 2602 1046 2634 pro
1069 2592 1266 2634 relinquendi
1288 2591 1331 2623 sit
1355 2591 1513 2634 positum:
1543 2589 1714 2622 adhibetur
1734 2588 1822 2622 enin

338 2646 389 2677 hic
420 2646 524 2687 imago
556 2646 623 2677 eius
646 2646 701 2688 qui
727 2646 898 2678 maioribus
920 2646 998 2679 velis
1020 2657 1094 2679 sese
1117 2645 1336 2678 adversarium
1360 2645 1525 2688 praeterit.
1551 2643 1703 2686 Exempla
1725 2643 1823 2676 huius

342 2710 415 2731 usus
439 2700 472 2731 in
495 2703 647 2742 promptu
672 2700 751 2732 mihi
776 2711 839 2732 non
863 2703 956 2740 sunt,
980 2701 1034 2732 sed
1059 2711 1109 2732 res
1132 2700 1202 2743 ipse
1222 2700 1394 2732 admodum
1418 2699 1611 2732 verisimilis.

295 2754 330 2786 L.
355 2754 415 2791 111,
441 2755 482 2785 29
514 2765 571 2796 pro
601 2755 735 2786 discutit
766 2755 853 2788 eliud
883 2755 1023 2787 eiusdem
1056 2754 1144 2787 verbi
1178 2754 1264 2796 leget
1294 2754 1525 2797 compositum,
1557 2763 1585 2784 e.
1608 2763 1633 2784 c.
1657 2752 1820 2792 concutit,

342 2819 415 2839 nam
438 2808 598 2840 discutere
620 2819 743 2851 semper
768 2810 832 2841 vim
857 2809 951 2841 habet
974 2820 996 2842 a
1019 2820 1052 2842 ee
1075 2808 1262 2852 repellendi.

223 2863 259 2893 C.
298 2862 365 2893 Hos
389 2863 525 2904 operarii
549 2863 687 2904 corriget
712 2873 851 2896 errores:
881 2865 906 2902 1,
933 2863 975 2898 75
999 2864 1044 2904 (in
1064 2865 1167 2904 textu)
1183 2865 1362 2905 praetereat
1380 2872 1441 2905 pro
1454 2864 1621 2903 praeterat
1639 2866 1671 2893 et
1690 2860 1735 2899 11,
1750 2860 1815 2895 527

298 2916 398 2955 (item)
424 2917 568 2949 blandire
591 2927 648 2958 pro
668 2917 823 2958 plandire.

268 2971 399 3002 Praeter
423 2981 535 3013 paucas
559 2971 615 3003 has
639 2972 791 3005 minutias
816 2971 898 3004 nihil
922 2971 955 3003 in
979 2972 1105 3015 egregie
1130 2971 1270 3005 editione
1293 2970 1448 3004 desidero.
