2034 3334
1007 265 1093 310 154

259 392 455 447 compleat
495 388 751 434 facillimum
781 393 847 433 est
878 389 930 433 ad
960 388 1308 448 intelligendum.
1340 391 1400 435 At
1436 390 1620 443 „Danais
1648 393 1852 438 successit

252 461 471 506 Achilles”
505 463 660 518 quovis
693 460 864 505 oraculo
897 461 1134 505 obscurius.
1167 461 1283 506 Satis
1312 461 1434 517 ludet·
1464 463 1607 507 verbis
1636 466 1783 508 noster
1806 467 1852 508 et

252 534 365 577 dicet
408 532 572 590 aliquid
613 532 726 589 quod
766 531 886 576 nullo
926 534 1101 591 negotio
1134 532 1322 592 intelligi
1354 536 1489 592 possit
1519 532 1570 578 et'
1592 534 1734 580 solum
1764 535 1862 580 huc*

252 604 450 662 quadret:
503 603 690 655 „Danais
735 603 944 647 acce-sciff'.
992 603 1122 647 Error
1167 618 1298 661 quam
1339 604 1463 648 facile
1503 606 1618 649 nasci
1659 607 1848 664 potuerit

250 677 407 719 nostris
444 674 644 718 videmus
686 674 835 718 oculiS.
881 675 1023 731 Atque
1066 676 1127 718 sic
1159 676 1247 718 iam
1277 674 1380 719 Tan.
1413 675 1549 720 Faber
1578 676 1848 729 emendavit,

250 746 324 790 sed
356 760 480 789 nemo
512 759 613 789 eum
645 747 854 803 sequitur,
885 759 1010 789 nemo
1042 747 1135 789 eius
1166 747 1396 790 inventum
1427 745 1758 792 commemorati

320 888 420 932 189.
455 889 537 942 Qui
570 889 640 932 hic
673 888 871 947 Bentleyi
901 890 1116 946 recipiunt
1146 891 1456 934 coniecturam:
1491 891 1623 942 „banc
1651 890 1852 948 equidem

252 962 415 1005 fateor’'
461 975 538 1018 pro
582 976 715 1012 „nunc
746 975 783 1004 e.
816 960 876 1004 f.”
919 975 1004 1004 non
1035 961 1259 1005 observare
1292 961 1495 1005 videntur
1524 975 1654 1019 quam
1683 963 1854 1021 ingrate

252 1036 349 1090 post
389 1032 507 1075 istud
551 1033 654 1074 laune
698 1031 877 1089 equidem
919 1034 1123 1076 continuo
1165 1036 1247 1086 (vs.
1294 1031 1398 1086 190)
1439 1036 1665 1091 sequatur:
1710 1033 1854 1086 „huuc

254 1103 442 1147 tamen”.

315 1246 418 1290 212.
454 1246 628 1304 Optime
655 1246 888 1290 Ehwaldus
913 1261 990 1303 pro
1020 1247 1181 1299 „fossas
1211 1248 1451 1290 munimine
1467 1246 1623 1305 cingo”
1641 1248 1851 1305 reposuit:

256 1318 397 1370 „fossa
438 1320 682 1362 munimina
724 1318 879 1375 cing0”
922 1319 951 1361 i.
970 1332 1005 1362 e.
1039 1318 1144 1362 facio
1175 1320 1419 1362 munimina
1449 1332 1557 1376 quae
1589 1319 1702 1363 fossa
1731 1322 1854 1363 erant

254 1391 403 1434 cincta.
437 1389 503 1434 Cf.
537 1389 570 1441 I,
604 1389 686 1434 97:

435 1460 639 1504 Nondum
671 1462 923 1518 praecipites
954 1461 1183 1518 cingebant
1213 1460 1369 1517 oppida
1399 1461 1533 1504 fossae

254 1533 283 1574 i.
303 1546 339 1574 e.
373 1532 562 1574 nondum
596 1531 753 1588 oppida
782 1535 921 1583 erant,
955 1532 1080 1575 fossis
1111 1533 1262 1575 cincta.

318 1673 406 1717 217
439 1674 530 1717 Rex
561 1675 681 1717 iubet
712 1676 873 1731 incepti
903 1688 1049 1717 curam
1082 1674 1300 1717 dimittere
1331 1673 1447 1717 belli.

437 1744 514 1788 Ille
547 1748 687 1801 potest
717 1750 890 1788 auctore
923 1759 1044 1787 suam
1079 1744 1300 1788 defendere
1331 1759 1516 1788 causam.

437 1815 535 1858 Non
565 1817 677 1858 sinat
706 1816 784 1858 hoc
818 1816 926 1858 Aiax
958 1815 1219 1872 delendaque
1250 1815 1463 1872 Pergama
1493 1819 1658 1872 poscat,

440 1886 646 1943 Quodque
677 1890 840 1943 potest,
874 1890 1053 1943 pugnet.
1087 1885 1175 1930 Cur
1206 1901 1289 1929 non
1321 1890 1565 1930 remoratur
1594 1885 1758 1930 ituros?

439 1956 526 2001 Gur
558 1972 640 2001 non
672 1971 790 2000 arma
822 1959 958 2014 capit,
992 1957 1064 2000 dat
1097 1957 1211 2014 quod
1245 1971 1356 2014 vaga
1389 1958 1515 2001 turba
1546 1955 1776 2015 sequatur?

257 2028 394 2071 Verba
437 2028 540 2071 haec
582 2032 683 2071 sunt
713 2027 882 2085 Ulyesis
917 2029 1116 2079 Aiacem,
1146 2029 1292 2071 virum
1324 2028 1481 2071 fortem
1513 2027 1587 2071 sed
1618 2027 1851 2080 stolidum,

256 2099 445 2142 ludibrio
478 2100 686 2142 habentis.
730 2100 844 2142 Mihi
876 2113 1046 2155 semper
1074 2101 1190 2142 iusto
1222 2099 1372 2142 durius
1404 2101 1550 2142 visum
1581 2103 1648 2143 est
1677 2098 1854 2157 asynde-

256 2176 331 2214 ton
371 2172 480 2225 σαρξί
521 2172 617 2222 dat,
660 2185 796 2227 neque
839 2172 952 2227 aptis
993 2171 1045 2213 ab
1087 2170 1322 2213 editoribus
1365 2161 1587 2213 defensum
1629 2169 1851 2227 exemplis.

257 2241 586 2298 Transponendo
628 2246 748 2294 <nam
789 2243 834 2283 in
867 2241 945 2284 hac
977 2242 1224 2297 praesertim
1258 2244 1399 2297 parte,
1435 2245 1483 2283 ut
1514 2242 1602 2283 iam
1634 2239 1852 2293 vidimus,

256 2326 404 2355 versus
435 2314 597 2368 integri
629 2315 672 2354 et
704 2311 917 2354 dimidiati
948 2325 1072 2367 saepe
1104 2313 1217 2353 inter
1249 2325 1292 2353 se
1323 2311 1489 2354 confusi
1519 2315 1637 2365 sunt)
1667 2310 1789 2368 lego:

440 2382 645 2438 Quodque
674 2386 814 2438 potest
839 2386 1018 2439 pugnet.
1047 2381 1131 2424 Det
1157 2381 1270 2437 quod
1297 2394 1408 2438 vaga
1434 2382 1559 2424 turba
1584 2386 1808 2438 sequatur:

442 2453 529 2497 Gur
561 2468 644 2496 non
676 2467 794 2496 arma
826 2455 964 2508 capit,
998 2467 1074 2495 cur
1104 2467 1188 2495 non
1219 2455 1459 2495 remoratur
1489 2450 1654 2494 ituros?

258 2525 338 2565 Dec
370 2538 468 2566 cum
502 2524 753 2566 Hauniensi.
786 2524 910 2566 Nunc
943 2524 1087 2566 omnia
1119 2527 1216 2579 apte
1243 2527 1343 2565 sunt
1369 2522 1596 2579 disposita:
1624 2523 1714 2565 sive
1740 2522 1851 2566 Aiax

259 2608 377 2636 arma
419 2597 545 2650 capit,
586 2596 675 2637 sive
718 2596 943 2646 (oratione)
985 2596 1124 2637 ituros
1165 2598 1418 2644 remoratur,
1462 2593 1546 2636 dici
1583 2596 1723 2649 potest
1753 2591 1852 2636 dare

259 2666 370 2720 quod
414 2666 538 2707 turba
581 2670 807 2721 sequatur:
853 2665 923 2708 vel
964 2664 1212 2721 exemplum
1250 2663 1316 2707 vel
1346 2668 1637 2720 praeceptum.
1671 2662 1727 2705 Et
1757 2666 1854 2719 post

257 2735 372 2777 istud
408 2750 510 2785 „cur
542 2750 625 2778 non
658 2744 898 2778 remoratur
928 2735 1094 2778 ituros'’
1127 2736 1301 2791 egregie
1334 2736 1547 2790 sequitur:

439 2806 534 2847 Non
567 2811 656 2848 erat
688 2807 767 2848 hoc
800 2808 985 2848 nimium
1018 2819 1236 2862 nunquam
1269 2806 1352 2846 nisi
1385 2817 1543 2860 magna
1573 2803 1779 2859 loquenti.

260 2875 342 2927 Qui
387 2890 553 2931 semper
594 2891 750 2933 magna
794 2876 986 2932 loquitur
1027 2881 1139 2919 certe
1171 2876 1273 2919 voce
1307 2888 1383 2917 sua
1415 2873 1625 2930 trepidam
1657 2872 1853 2916 multitu-

259 2946 401 2987 dinem
434 2961 622 2989 coercere
655 2952 806 3003 potest.
