2034 3334
976 370 1060 410 220

228 498 535 545 argumentum
576 495 759 536 fabulae.
803 495 895 535 Hoc
937 497 1086 536 autern
1117 496 1274 536 maluit
1304 495 1532 537 Terentius
1562 504 1695 546 quam
1725 487 1825 537 aut·
1852 515 1854 517 ·

228 582 303 622 per
333 571 558 622 prologum
586 573 783 612 narraret
808 574 1114 622 argumentum
1143 573 1220 612 aut
1247 571 1344 611 θεὸν
1371 570 1450 612 ἀπὸ
1477 577 1656 624 μηχανῆς
1682 571 1800 614 indu·
1842 606 1846 610 .

228 649 342 688 ceret
374 647 534 697 loqui.''
568 647 678 697 Ergo
706 647 967 697 colloquium
995 647 1221 688 Philotidis
1249 648 1467 697 Syraeque
1494 648 1606 698 apud
1632 648 1800 699 Apollo·

227 724 380 763 dorum
422 734 508 763 non
539 710 636 764 fuiti
658 719 684 770 ¹)
717 724 770 763 Et
800 734 932 773 quam
963 724 1154 774 lepidum
1186 723 1291 763 illud
1322 724 1392 774 sit,
1427 734 1558 773 quam
1590 725 1690 774 apte
1720 723 1801 765 ele·

227 801 465 849 ganterque
512 810 567 839 ex
613 800 729 839 nuda
775 799 1022 840 narratione
1063 800 1179 839 iusta
1219 809 1350 839 scena
1380 799 1497 840 facta
1527 799 1598 851 sit,
1632 799 1803 851 egregie

228 876 353 915 docet
379 875 634 926 Scholiasta,
664 876 786 916 cuius
814 886 946 916 unam
973 876 1085 916 hanc
1111 875 1243 915 affero
1270 875 1610 917 annotationem.
1627 875 1702 917 Vs.
1723 876 1801 917 18:

228 951 441 992 collocuta
473 962 573 992 cum
605 952 817 992 Philotide
850 953 960 1002 Syra
990 961 1100 992 anus
1123 951 1400 1001 'multumque
1426 951 1549 992 illam
1574 952 1804 993 adhortata

228 1039 283 1068 ne
329 1029 586 1078 cuiusquam
634 1029 844 1069 amatoris
885 1028 1051 1078 peculio
1092 1030 1253 1078 parcat,
1297 1028 1503 1078 quoniam
1533 1026 1684 1078 perfidi
1713 1027 1805 1069 sint

229 1115 393 1155 omnes,
428 1105 481 1144 ad
515 1106 765 1144 extremum
797 1105 904 1144 haec
935 1104 1062 1144 dicit:

468 1181 588 1221 Eheu
619 1191 691 1221 me
723 1181 944 1231 miseram,
980 1191 1055 1220 cur
1086 1190 1171 1220 non
1203 1182 1280 1220 aut
1310 1180 1447 1220 istaec
1476 1179 1585 1219 mihi

469 1258 604 1298 Aetas
637 1259 680 1297 et
709 1257 851 1297 forma
883 1258 950 1296 est
981 1258 1057 1296 aut
1088 1257 1166 1296 tibi
1197 1256 1305 1296 haec-
1335 1255 1585 1296 sententia?

231 1334 328 1374 Sch.
375 1333 524 1373 Eheu
570 1343 652 1373 me
698 1333 991 1380 miseram]
1039 1333 1185 1383 „bene‚
1229 1333 1331 1382 quia
1370 1342 1455 1372 non
1497 1332 1650 1383 suasit,
1695 1331 1802 1380 [sed]

231 1410 437 1449 affectum
470 1410 630 1449 doloris
661 1409 890 1459 expressit.
924 1409 1186 1459 Intelligitur
1217 1409 1334 1449 enim
1367 1419 1423 1448 ex
1447 1408 1573 1448 vultu
1599 1409 1693 1448 eius
1717 1417 1805 1448 non

230 1496 328 1525 eam
360 1485 630 1535 persuasisse
661 1486 773 1534 quod
803 1485 985 1525 voluit.”

290 1562 504 1612 Inspectis
551 1562 728 1602 scholiis
769 1562 823 1602 ad
865 1562 918 1612 II,
956 1563 992 1612 1,
1031 1563 1051 1602 1
1095 1563 1139 1602 et
1180 1562 1229 1612 V,
1265 1563 1303 1612 2,
1338 1563 1365 1602 8
1397 1562 1576 1611 apparet
1606 1561 1804 1601 bonam

231 1647 405 1678 socrum
436 1638 749 1687 bonamque
781 1638 1057 1677 meretricem
1084 1647 1109 1677 a
1135 1637 1335 1678 Terentio
1362 1638 1576 1677 inventae.
1604 1636 1666 1678 of.
1694 1646 1805 1687 quae

232 1714 347 1754 dicta
377 1715 482 1753 sunt
510 1723 606 1763 pag.
644 1714 740 1753 191.

242 1805 245 1807 “
290 1790 416 1839 Apud
473 1789 726 1829 Terentium
780 1789 963 1829 Bacchis
1014 1791 1163 1828 narrat
1208 1789 1291 1828 sibi
1337 1789 1481 1838 ipsum
1527 1778 1806 1839 Pamphilum

231 1875 433 1905 narrasse
479 1875 506 1904 a
550 1875 598 1904 se
645 1865 859 1914 virginem
901 1865 1102 1904 vitiatam
1146 1866 1190 1904 et
1220 1865 1447 1914 quomodo,
1480 1864 1606 1914 Apud
1636 1864 1804 1915 Apollo·

232 1941 385 1980 dorum
432 1941 516 1980 alio
562 1941 691 1980 modo
737 1951 784 1980 se
826 1951 895 1980 res
936 1941 1078 1990 habet,
1122 1941 1336 1989 siquidem
1379 1941 1565 1990 legimus
1606 1940 1718 1987 (Sch.
1751 1939 1806 1980 ad

232 2017 282 2067 V,
317 2018 356 2067 3,
392 2018 486 2063 27):
533 2017 763 2067 „brevitati
805 2018 991 2057 consulit
1022 2017 1260 2067 Terentius,
1294 2028 1398 2057 nam
1429 2018 1474 2057 in
1505 2017 1670 2058 Graeca
1698 2017 1807 2058 haec

233 2094 432 2143 aguntur,
467 2103 553 2132 non
584 2094 858 2133 narrantur.'’
891 2094 1091 2133 Absurda
1122 2094 1228 2133 haec
1259 2096 1363 2133 sunt
1394 2095 1438 2133 et
1469 2103 1495 2133 a
1526 2093 1806 2143 compilatore

234 2170 434 2218 corrupta
475 2169 562 2218 (qui
604 2170 719 2208 enim
763 2171 808 2208 in
843 2180 974 2209 scena
1006 2170 1075 2219 agi
1106 2171 1290 2219 possunt
1319 2180 1430 2218 quae
1461 2170 1617 2210 abhinc
1646 2178 1805 2210 novem

234 2255 410 2284 menses
451 2245 567 2285 facta
608 2247 712 2285 sunt
723 2247 756 2291 ?)
800 2246 954 2285 docent
995 2247 1144 2285 tamen
1186 2245 1256 2285 hic
1297 2256 1465 2295 quoque
1506 2239 1621 2286 haud
1650 2245 1806 2286 leviter
1856 2230 1860 2234 ’

234 2321 519 2360 immutatum
551 2322 802 2371 exemplum
835 2322 1060 2361 Graecum.

295 2397 355 2436 Id.
390 2398 442 2436 ad
474 2397 524 2447 V,
559 2399 598 2447 3,
633 2399 712 2438 35:
750 2397 988 2448 „conclusit
1028 2397 1322 2437 narrationem
1359 2398 1529 2438 fabulae
1560 2407 1681 2437 more
1710 2407 1803 2447 suo,

235 2484 288 2512 ne
330 2473 437 2512 haec
478 2473 522 2512 in
554 2474 699 2514 futuro
732 2475 831 2513 actu
864 2474 1261 2523 exspectaremus.”
1296 2474 1422 2523 (Lege
1454 2473 1699 2513 inclusit
1729 2482 1805 2522 pro

236 2550 526 2590 conclusit
557 2554 600 2590 et
631 2553 1027 2600 spectaremus
1058 2560 1134 2600 pro
1165 2551 1665 2599 exspectaremus).
1715 2602 1722 2612 ι

277 2767 294 2798 ·)
324 2765 436 2798 Atque
464 2765 668 2800 ingeniosior
696 2771 797 2800 quam
824 2764 934 2793 verior
959 2763 1101 2799 Bentleji
1125 2761 1316 2791 coniectura
1342 2768 1360 2790 e
1381 2762 1533 2796 corrupto
1553 2760 1595 2789 ad
1614 2759 1805 2810 Terentium

235 2816 362 2845 scholio
381 2817 443 2845 hoc
463 2817 595 2846 fabulae
615 2818 758 2845 Graecae
776 2815 950 2845 exordium
969 2815 1133 2844 eruentis:

680 2874 796 2910 ὀλίγαις
819 2872 948 2915 ἐραστὴς
970 2871 1067 2910 γέγον’
1093 2873 1262 2913 §vulgantur
1284 2872 1369 2912 Σύρα

680 2933 814 2973 βέβαιος.
