2034 3334
0 1191 14 1287 'urens
0 1104 11 1179 '‘w-”⁴¹⁴
0 1071 2 1073 ’
0 1001 7 1051 ’νε
7 959 9 964 ,
0 888 14 939 osuu-⁴
0 840 3 842 ·
6 819 7 822 „

958 243 1016 286 93

192 367 310 411 Haec
341 367 445 410 olim
478 366 745 422 improbavi,
778 379 914 422 neque
946 380 1057 408 nunc
1090 366 1265 421 probare
1297 380 1484 422 possum.
1517 365 1639 409 Licet
1666 368 1781 409 enim

191 439 377 482 feramus
420 437 635 494 triplicem
679 438 978 492 repetitionem
1020 440 1135 488 (nam
1181 436 1333 494 „luget
1375 441 1426 488 ut
1466 438 1697 480 amissam''
1739 442 1781 480 et

194 523 312 560 „esse
345 513 467 565 putat
499 507 740 563 nusquam'’
770 511 811 548 et
840 509 1010 562 „peiora
1039 507 1240 550 veretur”
1269 508 1416 550 eodem
1445 508 1653 560 redeunt),
1679 510 1783 550 satis

192 580 367 623 obscure
408 584 551 622 tamen
596 578 760 620 dictum
805 591 894 619 esse
933 578 1072 631 peiora
1112 583 1268 619 veretur
1308 579 1386 621 hoc
1430 592 1576 620 sensu:
1610 584 1783 621 veretur

193 650 304 707 quod
335 664 387 693 ex
418 650 582 692 duabus
624 649 740 691 hisce
783 648 907 690 rebus
948 650 1124 704 gravius
1167 653 1251 704 est,
1296 652 1338 691 et
1380 650 1533 691 misere
1575 648 1779 706 languere

190 721 308 763 istud
339 720 470 762 animo
501 718 815 762 concedendum
848 721 925 760 est.
958 717 1216 760 Etiamnunc
1249 720 1439 774 suspicor
1470 718 1674 761 Ovidium
1705 719 1781 761 ali-

193 791 294 847 quid
327 791 489 833 dedisse
520 792 565 832 in
597 790 705 832 hanc
736 790 1014 832 sententiam:

294 899 299 903 .
371 861 475 904 Esse
507 865 632 916 putat
663 872 896 915 nusquam:
932 873 1033 902 vero
1064 858 1225 902 leviora
1258 863 1432 903 veretur

190 931 367 976 Confero
399 934 515 974 enim
548 931 660 987 quod
691 930 746 981 X,
781 929 807 972 8
838 929 1023 986 legitur:
1058 932 1228 981 „exitus
1259 932 1449 986 auspicio
1482 930 1702 986 gravior”.

253 1098 340 1141 590
374 1098 538 1154 Iupiter
570 1097 622 1139 ad
653 1097 721 1147 Io,
752 1096 1001 1139 redeuntem
1035 1110 1058 1138 a
1090 1096 1268 1138 flumine
1300 1098 1438 1152 patrio

1039 1167 1162 1223 ‘pete'
1196 1166 1361 1209 dixerat
1394 1168 1579 1222 ‘umbras

374 1238 576 1281 Altorum
609 1236 847 1280 nemorum'
881 1241 922 1279 et
954 1251 1178 1279 nemorum
1211 1242 1523 1280 monstraverat
1554 1239 1740 1281 umbras.

194 1309 264 1352 Sic
295 1324 407 1351 nunc
438 1309 580 1351 editur
611 1313 654 1350 et
695 1307 799 1350 olim
844 1307 1060 1349 edebatur.
1102 1307 1216 1349 Mihi
1257 1312 1399 1350 tamen
1442 1307 1586 1351 Ovidii
1627 1323 1779 1351 manus

195 1384 361 1422 servata
393 1379 564 1422 videtur
593 1379 638 1420 in
669 1377 923 1420 lectionibus
955 1377 1108 1420 codicis
1141 1387 1190 1419 λε

377 1453 452 1492 aut
483 1450 637 1492 horum
670 1462 896 1490 nemorum
928 1451 1003 1490 aut
1035 1448 1190 1490 horum
1223 1452 1265 1490 et
1295 1462 1354 1490 m.
1386 1449 1559 1491 umbras

193 1523 236 1562 et
268 1519 422 1562 codicis
454 1532 496 1561 e:

373 1595 448 1632 aut
464 1591 619 1632 horum
636 1592 710 1631 aut
726 1589 881 1631 horum
899 1602 1124 1631 nemorum
1141 1592 1201 1640 (et
1218 1593 1530 1632 monstraverat
1546 1591 1723 1642 ambas).

193 1661 304 1703 Nam
344 1674 480 1716 neque
520 1659 719 1716 intelligo
761 1660 836 1715 qui
875 1659 975 1701 illae
1016 1658 1218 1702 lectiones
1259 1661 1373 1702 nasci
1406 1662 1645 1716 potuerint,
1679 1675 1778 1703 cum

191 1731 400 1773 traditum
443 1735 552 1773 esset
583 1731 754 1772 altorum
785 1745 980 1771 nemorum
1013 1745 1045 1772 e.
1079 1746 1118 1771 n.
1153 1745 1202 1771 m.
1234 1746 1292 1780 u.,
1325 1734 1368 1773 et
1398 1730 1506 1772 illud
1540 1736 1611 1772 aut
1641 1732 1778 1772 horum

189 1806 260 1843 aut
301 1802 438 1843 horum
479 1800 629 1843 blande
670 1804 734 1842 est
777 1802 1001 1843 invitantis
1041 1800 1220 1856 ideoque
1257 1803 1429 1857 egregie
1471 1800 1776 1844 sollicitantem

191 1872 311 1915 decet
340 1875 591 1914 amatorem.
1538 1856 1561 1881 ¹

258 2037 343 2080 639
372 2051 432 2093 sq.
466 2037 527 2089 (Io
559 2037 746 2093 fugiens)

375 2106 502 2150 Venit
534 2112 576 2149 et
608 2107 659 2148 ad
692 2108 826 2162 ripas,
861 2107 935 2148 ubi
965 2105 1110 2147 ludere
1142 2119 1264 2161 saepe
1297 2105 1459 2148 solebat

371 2177 592 2220 Inachidas
625 2179 760 2232 ripas;
795 2190 986 2231 novaque
1018 2181 1067 2218 ut
1099 2177 1315 2231 conspexit
1345 2177 1390 2218 in
1422 2176 1535 2219 unda

375 2246 566 2298 Cornua,
600 2248 838 2302 pertimuit.

193 2319 304 2371 Quin
339 2319 510 2374 egregie
543 2316 780 2359 emendarit
809 2330 872 2358 vs.
908 2315 995 2358 640
1027 2315 1266 2358 Merkelius
1297 2315 1477 2372 legendo

374 2387 616 2437 Inachidas;
650 2386 776 2427 rietus
806 2399 1001 2441 novaque
1033 2390 1082 2428 ut
1113 2387 1332 2441 conspexit
1363 2388 1407 2427 in
1439 2386 1554 2428 unda

192 2471 275 2499 non
318 2457 478 2499 dubito.
526 2456 617 2499 Vox
660 2470 767 2512 quae
808 2460 873 2498 est
914 2455 1039 2497 rietus
1079 2457 1147 2498 hic
1191 2460 1361 2498 tantum
1402 2470 1482 2498 non
1523 2459 1778 2507 necessaria,

193 2527 244 2569 cf.
290 2542 352 2569 vs.
387 2525 470 2570 ‘741
515 2526 764 2567 contrahitur
796 2526 931 2567 rictus.
977 2525 1213 2567 Verborum
1247 2526 1418 2580 quidem
1453 2526 1778 2582 dispositionem

192 2596 429 2639 Merkelius
470 2597 643 2652 praebet
674 2595 801 2651 paulo
833 2597 976 2637 minus
1010 2597 1235 2644 usitatam,
1270 2595 1506 2637 subsimilis
1539 2600 1681 2638 tamen
1714 2601 1778 2639 est

196 2666 251 2718 ΙΙ,
286 2667 393 2709 406;

766 2734 968 2776 Arcadiae
999 2739 1142 2776 tamen
1175 2738 1238 2776 cst
1269 2736 1501 2790 impensior
1531 2735 1598 2778 illi

376 2804 488 2848 Cura
521 2818 642 2856 suae3
677 2804 898 2859 fontesque
929 2808 971 2845 et
1001 2804 1188 2846 nondum
1221 2804 1420 2847 audentia
1449 2804 1536 2847 labi

374 2874 574 2916 Flumina
606 2875 812 2915 restituit.
