2034 3334
967 254 1025 298 95

266 379 352 423 742
384 379 538 422 Ovidio
570 377 897 420 abiudicandum
930 390 1077 419 censeo
1110 380 1152 419 et
1182 378 1295 419 hunc
1328 391 1522 420 versum:

385 448 642 506 Ungulaque
674 450 718 490 in
752 449 901 504 quinos
933 446 1094 503 dilapsa
1126 448 1368 490 absumitur
1399 462 1566 505 ungues

201 520 280 563 Est
321 522 435 562 enim
477 533 625 562 versus
667 518 901 560 admodum
934 519 1130 574 ingratus
1164 522 1207 560 et
1237 519 1415 561 absurde
1447 519 1597 560 absumi
1628 518 1794 575 ungula

201 591 369 633 dicitur.
415 589 558 634 Codex
602 589 650 631 M
693 603 715 631 a
760 603 890 631 manu
923 589 1104 630 secunda
1135 603 1233 631 eum
1268 590 1395 632 habet
1426 591 1468 631 in
1501 591 1719 645 margine3
1754 591 1792 631 si

203 663 434 711 omittitur,
467 666 631 716 septem
662 664 823 719 restant
856 673 1002 701 versus
1033 661 1148 715 iique
1180 662 1476 702 venustissimi
1508 661 1664 715 quibus
1693 674 1790 716 quo-

203 731 327 774 modo
359 732 599 774 humanum
633 745 785 786 corpus
816 732 1064 773 resumserit
1097 730 1142 772 Io
1174 730 1449 773 describitur:
1478 731 1695 773 sufficiunt
1720 731 1789 781 hi,

204 806 253 844 ut
284 803 446 859 opinor.

891 1113 1025 1155 LIBER
1056 1113 1110 1155 II.

263 1258 320 1301 20
353 1258 479 1301 Venit
510 1265 552 1300 et
582 1259 763 1300 intravit
795 1257 980 1299 dubitati
1012 1261 1125 1299 tecta
1156 1259 1357 1313 parentis.

205 1330 390 1372 Annotat
418 1328 608 1370 Kornius
643 1328 856 1378 „dubitati
888 1328 958 1378 λ”,
992 1327 1103 1383 quod
1136 1328 1238 1383 quid
1270 1328 1351 1370 sibi
1383 1327 1489 1371 velit
1519 1342 1689 1384 prorsus
1722 1343 1791 1371 me

201 1400 320 1442 latet.
352 1399 511 1454 Opinor
541 1403 583 1440 et
613 1400 658 1440 in
690 1397 785 1440 aliis
817 1397 1033 1440 codicibus
1063 1397 1172 1440 illud
1204 1397 1293 1454 legi
1314 1398 1359 1450 ¹).

265 1543 322 1586 36
777 1545 813 1585 si
844 1543 917 1585 das
947 1558 1075 1586 usum
1109 1544 1217 1586 mihi
1249 1546 1433 1586 nominis
1464 1545 1607 1586 huius.

204 1613 346 1656 Nimis
370 1613 546 1670 puerilis
573 1614 675 1656 haec
700 1614 1006 1656 vocabulorum
1035 1614 1277 1670 dispositio,
1311 1629 1446 1671 neque
1478 1615 1656 1657 dubium
1690 1617 1793 1671 quin

208 1684 413 1727 Heinsius
455 1684 637 1740 legendo
669 1685 706 1726 si
737 1686 810 1726 dac
842 1685 962 1726 huius
992 1685 1090 1726 mihi
1123 1685 1291 1727 nominis
1323 1701 1434 1726 usum
1465 1699 1556 1727 rem
1589 1699 1667 1727 acu
1699 1687 1795 1727 teti-

205 1757 331 1811 gerit.
365 1754 482 1797 Utile
515 1760 578 1797 est
611 1756 833 1797 observare
866 1769 993 1811 quam
1026 1770 1148 1811 saepe
1179 1758 1223 1797 in
1256 1756 1670 1811 Metamorphosesin
1697 1754 1805 1798 Ovi--

204 1825 299 1867 dius
341 1825 596 1867 vocabulum
640 1840 678 1880 q.
712 1839 747 1867 e.
789 1841 882 1867 usus
911 1828 953 1867 in
988 1840 1137 1868 versus
1168 1826 1249 1868 fine
1282 1829 1521 1882 scripserit:
1555 1828 1600 1868 in
1633 1825 1793 1868 deliciis

204 1896 284 1938 hoc
315 1897 354 1938 ei
385 1895 514 1937 fuisse
547 1895 731 1938 videtur.

268 2039 352 2082 116
398 2040 445 2081 In
484 2040 534 2082 M
575 2043 661 2082 est:
705 2039 841 2082 'Puem
879 2039 931 2092 (T
961 2042 990 2082 i.
1008 2055 1041 2082 r.
1076 2055 1127 2082 ex
1161 2041 1212 2093 Q)
1245 2045 1388 2096 patere
1421 2046 1469 2084 ut
1502 2047 1634 2085 terras
1668 2058 1790 2085 mun-

203 2110 390 2165 dumque
421 2110 641 2152 rubescere
672 2109 794 2152 vidit.
828 2110 982 2152 Editur
1014 2124 1126 2152 nunc
1158 2110 1434 2166 plerumque:

382 2179 516 2231 Quem
549 2184 690 2235 petere
722 2184 772 2222 ut
804 2185 936 2222 terras
968 2181 1263 2236 mundumque
1296 2182 1515 2223 rubescere
1549 2183 1658 2223 vidit

200 2264 222 2292 e
254 2251 493 2292 coniectura
524 2249 719 2291 Merkelii
755 2251 815 2301 (in
850 2259 875 2290 λ
908 2251 966 2291 sic
1000 2264 1144 2292 versus
1176 2252 1349 2306 incipit:
1379 2250 1490 2292 Tum
1518 2256 1667 2307 pater).
1704 2252 1786 2295 Sed

201 2320 303 2375 quid
335 2321 415 2362 hoc
446 2321 501 2361 sit
534 2319 646 2375 quod
678 2319 848 2361 Lucifer
880 2320 1045 2362 dicatur
1077 2325 1205 2361 terras
1228 2325 1367 2374 petere
1400 2335 1469 2363 me
1500 2321 1618 2364 latet.
1653 2323 1785 2366 Unice

202 2404 355 2433 verum
389 2389 560 2431 videtur
590 2389 700 2445 quod
733 2389 937 2431 Heinsius
969 2392 1170 2432 coniecit:

382 2460 440 2501 Ut
472 2461 630 2514 pariter
663 2463 795 2501 terras
826 2460 1120 2515 mundumque
1152 2461 1371 2502 rubescere
1404 2461 1536 2510 vidit,

203 2531 286 2572 nisi
319 2530 429 2586 quod
463 2544 484 2572 e
515 2539 541 2570 λ
573 2543 648 2585 pro
680 2531 864 2571 mundum
897 2530 1184 2586 recipiendum
1218 2534 1282 2572 est-
1316 2531 1478 2572 eaelum.

252 2701 286 2739 1)
319 2701 415 2732 Haud
450 2709 522 2731 raro
555 2700 652 2737 mihi,
680 2699 793 2731 Kornii
817 2701 1005 2741 apparatum
1027 2698 1174 2730 criticum
1195 2698 1393 2741 inspicienti,
1417 2699 1571 2732 eiusmodi
1594 2701 1715 2743 aliquid
1739 2713 1789 2734 ro-

203 2764 277 2796 gere
308 2754 341 2785 in
372 2757 507 2785 mentem
541 2753 637 2784 venit.
670 2753 729 2784 Sed
760 2753 855 2784 semel
888 2753 936 2783 vel
967 2752 1014 2783 bis
1038 2753 1257 2784 tantummodo
1281 2752 1511 2785 dubitationem
1536 2765 1637 2786 meam
1660 2756 1787 2788 chartae

204 2808 368 2846 mendavi3
399 2809 538 2839 sufficere
569 2808 628 2839 hoc
657 2807 807 2849 putabam
840 2817 939 2848 neque
969 2807 1060 2848 plane
1091 2807 1204 2838 inutile
1235 2818 1309 2838 esse.
1342 2807 1426 2838 Fieri
1449 2808 1534 2839 enim
1554 2811 1659 2850 potest
1683 2815 1734 2849 ut,
1760 2811 1786 2842 si

202 2865 371 2904 apparatus
399 2861 473 2900 ille,
502 2861 685 2903 ceteroquin
715 2863 781 2892 tam
813 2860 919 2898 utilis,
950 2871 1032 2892 novo
1063 2861 1160 2891 fuerit
1195 2860 1366 2892 submissus
1388 2861 1543 2901 examini,
1566 2862 1670 2894 editor
1693 2874 1712 2895 a
1736 2874 1786 2896 me

202 2915 342 2947 monitus
365 2926 436 2947 eum
457 2915 551 2957 paulo
575 2915 685 2946 reddat
709 2915 758 2946 vel
783 2914 1011 2945 accuratiorem
1034 2914 1084 2945 vel
1107 2914 1308 2956 perspicuum
1333 2915 1442 2956 magis.
