2034 3334
877 359 959 400 167

174 488 223 527 ut
268 486 408 527 statim
457 487 553 539 post
599 484 678 526 hoc
718 483 885 526 Horatii
926 496 1094 526 carmen
1138 483 1293 525 lectum
1337 483 1526 538 lepidum
1558 483 1666 525 illud

173 561 330 604 Catulli

469 667 648 711 Cenabis
680 668 798 723 bene,
831 669 891 710 mi
922 666 1109 722 Fabulle,
1142 667 1254 723 apud
1287 680 1354 710 me

172 800 384 843 1nsp101as.
1529 830 1532 833 ,

237 864 320 916 ,,Α1
367 864 480 905 6111111
554 863 713 904 dixeris
758 875 909 918 „saepe
949 866 1089 904 tamen
1125 862 1177 904 de
1209 874 1351 904 amore
1382 861 1667 916 lepidissimos

173 940 585 994 venustissimosque
626 939 796 994 scripsit
833 938 1067 980 versiculos
1098 937 1343 979 Horatius.’'
1371 937 1482 993 Non,
1515 937 1668 992 hercle,

173 1014 343 1068 infitior,
381 1014 454 1056 sed
486 1026 651 1073 semper
681 1013 740 1055 ibi
771 1026 910 1056 sermo
942 1017 1006 1056 est
1037 1013 1088 1055 de
1119 1013 1335 1055 amoribus
1366 1013 1541 1064 Qs:
1577 1026 1667 1055 ero-

172 1091 256 1133 tica
303 1103 402 1146 ergo
446 1091 635 1132 carmina
674 1091 768 1132 iure
802 1090 876 1131 illa
908 1090 1111 1145 appellari
1143 1102 1229 1131 non
1260 1093 1452 1145 possunt.
1485 1089 1553 1132 Ex
1588 1090 1667 1132 hoc

172 1179 328 1223 genere
354 1169 417 1208 est
446 1165 636 1227 (2214AE
663 1166 715 1208 de
733 1179 818 1221 quo
836 1166 960 1208 modo
979 1166 1183 1220 dicebam,
1202 1165 1276 1208 ubi
1293 1169 1417 1221 poeta
1442 1166 1668 1221 integer

173 1243 318 1285 laudat
349 1243 594 1284 ancillulam
625 1243 772 1284 iuveni
804 1242 974 1284 cuidam
1005 1243 1142 1284 amico
1174 1245 1368 1296 amatam,
1395 1242 1546 1298 illique
1574 1256 1668 1298 per-

174 1319 353 1361 suadere
384 1322 562 1361 conatur
592 1332 678 1361 non
710 1324 836 1374 posse
863 1319 901 1361 ei
927 1319 1050 1361 illum
1080 1319 1276 1362 dedecori
1293 1319 1438 1361 haberi
1454 1332 1665 1373 amorem,

174 1395 612 1450 cognatissimumque
658 1398 722 1437 est
769 1395 948 1436 carmini
989 1395 1105 1450 quod
1147 1396 1289 1437 statim
1333 1396 1539 1451 sequitur,
1582 1409 1667 1451 quo

173 1470 306 1512 alium
347 1471 530 1512 amicum
568 1470 620 1512 ab
653 1483 796 1513 amore
827 1471 993 1526 puellae
1024 1471 1216 1513 nondum
1248 1474 1438 1514 maturae
1470 1484 1668 1514 revocare

174 1546 326 1588 studet.
359 1545 487 1588 Nunc
518 1550 654 1589 cetera
685 1559 740 1589 ex
770 1547 850 1588 hoc
880 1559 1035 1602 genere
1065 1560 1363 1602 percurramus
1396 1548 1595 1589 carmina.

211 1622 336 1678 -12—8:
388 1622 560 1679 „Lydia
606 1622 771 1677 Lydia''
816 1626 939 1679 poeta
979 1625 1038 1665 ait
1083 1637 1238 1679 „quam
1270 1623 1347 1665 tibi
1379 1623 1563 1677 Sybarin
1596 1624 1666 1666 de-

175 1700 375 1742 vinxisti!
407 1702 493 1742 iam
524 1699 634 1755 fugit
665 1701 822 1742 amicos
855 1700 1150 1755 aequalesque,
1181 1702 1264 1742 iam
1298 1700 1478 1755 negligit
1501 1700 1667 1742 labores

175 1778 216 1818 et
246 1776 387 1818 studia
418 1775 575 1831 quibus
607 1778 736 1818 ceteri
761 1778 939 1819 iuvenes
967 1777 1096 1819 simul
1115 1777 1433 1819 delectationem
1454 1781 1664 1832 quaerunt

175 1854 216 1894 et
260 1851 453 1904 laudem,
501 1855 543 1894 te
587 1866 715 1894 unam
759 1853 873 1908 petit,
916 1853 1028 1908 apud
1059 1856 1100 1894 te
1131 1853 1231 1895 latet
1264 1857 1311 1895 ut
1343 1854 1444 1895 olim
1477 1853 1666 1895 Achilles

174 1928 287 1969 inter
316 1927 543 1983 virgines.''

215 2001 278 2058 E,
309 2002 464 2058 Hr--12
497 2002 773 2046 Celebrantur
803 2004 952 2046 laudes
983 2004 1241 2059 Licymniae,
1270 2018 1397 2060 quam
1426 2007 1538 2046 amat
1554 2003 1666 2046 Mae-

175 2091 314 2135 cenas,
347 2081 532 2122 carmine
564 2080 792 2122 admodum
824 2080 1008 2123 absurdo
1041 2085 1082 2123 et
1115 2094 1137 2123 e
1168 2081 1305 2123 tribus
1332 2082 1485 2136 pannis
1515 2084 1667 2122 utcun-

177 2167 260 2210 que
291 2159 492 2197 consuto:

486 862 509 880 ’7

354 2278 392 2306 a.
429 2264 579 2318 „Noli”
622 2266 680 2307 ait
719 2268 841 2320 poeta
888 2279 938 2319 „a
970 2278 1037 2307 me
1067 2266 1281 2320 postulare
1313 2269 1361 2307 ut
1392 2279 1567 2321 magnas
1600 2279 1667 2309 res

295 2343 435 2395 gestas
481 2340 702 2382 hominum
748 2341 980 2382 heroumve
1020 2342 1208 2383 carmine
1249 2342 1418 2383 heroico
1452 2341 1665 2383 extollam.

296 2416 374 2458 Isti
406 2429 482 2471 ego
516 2417 684 2458 muneri
714 2417 839 2472 plane
870 2418 1006 2472 impar
1037 2417 1173 2459 sum.''

355 2491 389 2534 b.
441 2491 582 2546 „Quin
637 2494 778 2548 potius
834 2496 882 2534 tu
939 2493 1122 2548 pedestri
1168 2494 1355 2536 oratione
1401 2507 1567 2549 pugnas
1614 2494 1666 2537 ab

295 2567 493 2622 Augusto
526 2569 773 2610 commissas
805 2572 846 2610 et
872 2569 1070 2611 victorias
1097 2568 1148 2610 ab
1177 2581 1224 2610 eo
1252 2572 1484 2623 reportatas
1502 2570 1665 2611 canta.''

355 2657 386 2684 c.
423 2643 616 2697 „Interea
643 2657 719 2698 ego
745 2643 1022 2698 Licymniam,
1050 2658 1176 2699 quam
1199 2648 1246 2685 tu
1265 2644 1442 2699 deperis,
1458 2645 1664 2687 laudabo:

104 2722 131 2840 l
296 2719 546 2775 dignissima
576 2720 688 2761 enim
723 2722 786 2761 est
815 2718 942 2761 laude
974 2732 1067 2762 mea
1098 2723 1139 2762 et
1171 2723 1243 2762 tuo
1276 2720 1457 2763 amore.''

226 2835 385 2893 ‘1342
433 2834 550 2877 Nihil
590 2836 670 2877 hoc
710 2836 895 2877 carmine
926 2849 1117 2890 unquam
1149 2836 1201 2878 ab
1232 2836 1410 2879 Horatio
1443 2839 1665 2881 venustius

89 2894 112 2905 ae
