2034 3334
891 350 975 392 169

185 477 303 532 derit,
348 479 397 520 ut
443 476 670 519 venustule
713 476 886 532 quidem
927 475 1201 519 sententiolas
1242 474 1410 516 limaret
1439 473 1679 529 poliretque

186 553 319 596 donec
365 566 515 596 versus
560 552 721 607 fierent,
763 553 837 595 sed
877 552 1092 595 interdum
1138 552 1205 594 sui
1235 551 1327 607 ipse
1359 549 1680 592 oblivisceretur

184 630 435 685 argumenti.

243 705 420 769 LI-{ass-Q·
462 705 620 761 Lepide
656 706 724 748 hic
756 705 1057 749 describuntur
1087 704 1291 747 acerrima
1321 704 1432 746 inter
1462 702 1678 757 Pyrrhum

185 785 227 824 et
256 782 442 838 puellam
477 782 689 838 quandam
723 782 775 825 de
804 781 998 824 Nearcho
1029 781 1313 837 pulcherrimo
1345 792 1477 835 puero
1510 778 1679 834 proelia.

184 857 249 901 De
281 859 431 901 ultima
467 860 561 901 eius
594 859 763 914 stropha
795 862 835 901 et
868 859 919 901 de
950 858 1235 914 pulcherrima
1265 856 1562 900 emendatione
1595 869 1680 911 qua

185 947 357 978 versum
391 937 417 977 8
451 933 619 978 sanavit
650 935 970 991 Peerlkampius
1001 935 1085 976 iam
1117 934 1219 977 dixi.

226 1011 376 1078 QG.
411 1011 474 1053 Ob
504 1012 704 1054 reducem
735 1011 787 1053 ab
822 1011 974 1053 ultima
1004 1010 1212 1066 Hispania
1242 1009 1432 1052 Plotium
1448 1008 1679 1051 Numidam

186 1087 340 1130 hilares
381 1087 597 1143 laetasque
640 1100 739 1130 cum
782 1086 1084 1129 communibus
1116 1086 1263 1128 amicis
1294 1084 1586 1127 celebraturus
1619 1087 1683 1126 est

187 1164 334 1220 epulas
382 1166 514 1220 poeta.
556 1163 717 1206 Multae
762 1164 934 1219 quidem
976 1162 1037 1205 ibi
1068 1165 1194 1205 erunt
1225 1162 1372 1218 gaudii
1412 1162 1682 1217 laetitiaeque

187 1253 352 1295 causae,
399 1240 472 1283 sed
520 1240 623 1296 quid
671 1241 865 1282 convivis
911 1252 1010 1295 prae
1054 1240 1204 1281 ceteris
1246 1239 1487 1281 iucundum
1529 1239 1610 1280 erit
1641 1241 1682 1280 et

187 1316 351 1358 suave?
395 1315 507 1366 Quid
539 1316 696 1371 putas?
728 1315 952 1370 Damalim,
983 1315 1111 1358 Plotii
1143 1316 1334 1370 amicam,
1366 1315 1513 1369 oculis,
1545 1318 1593 1356 ut
1624 1315 1682 1356 ita

188 1393 338 1447 dicam,
371 1392 635 1435 devorabunt
666 1405 825 1446 omnes,
852 1391 933 1434 sibi
961 1393 1146 1447 quisque
1172 1404 1264 1433 eam
1282 1391 1436 1446 cupiet,
1452 1390 1525 1432 illa
1541 1394 1682 1432 tamen

187 1483 212 1511 a
253 1468 393 1510 Plotio
437 1482 515 1511 suo
555 1482 642 1510 non
684 1470 836 1524 poterit
879 1468 1035 1511 divelli.
1077 1468 1321 1524 Integri,
1352 1467 1504 1522 hercle,
1535 1470 1683 1522 poetae

187 1545 267 1587 hoc
304 1548 377 1587 est.

233 1621 377 1680 Q
418 1621 595 1663 Iuvenis
638 1622 764 1663 amici
795 1633 971 1676 amores,
1003 1633 1089 1662 non
1121 1621 1201 1674 sui,
1232 1620 1301 1661 hic
1333 1633 1506 1676 quoque
1536 1623 1684 1675 poetae

188 1698 305 1739 cordi
347 1701 469 1740 sunt:
514 1697 566 1739 ab
598 1697 670 1739 fllo
702 1698 815 1739 enim
849 1697 1010 1752 flagitat
1042 1700 1090 1739 ut
1120 1710 1221 1739 suos
1254 1697 1445 1738 nominet
1476 1697 1611 1752 ignes,
1643 1701 1684 1739 et

188 1774 361 1816 nomine
393 1773 538 1816 audito
575 1774 653 1828 „ah
686 1773 842 1816 miser''
874 1773 1084 1816 exclamat

545 1915 714 1966 Quanta
743 1915 911 1958 laboras
944 1916 989 1956 in
1027 1914 1239 1969 Charybdi
1329 1883 1341 1899 s
1403 1960 1410 1976 l
1482 1932 1491 1942 ,

603 1991 743 2048 Digne
772 2004 880 2048 puer
911 1991 1084 2034 meliore
1115 1991 1310 2034 flamma!

189 2151 371 2193 Illamne
402 2164 501 2206 ergo
533 2151 748 2193 crudelem
774 2150 1064 2206 perfidamque
1091 2154 1214 2193 antea
1231 2153 1432 2206 expertus
1450 2153 1513 2192 est
1530 2150 1684 2205 poeta?

189 2225 285 2268 Hoc
317 2229 442 2282 certe,
475 2227 522 2267 ni
552 2229 717 2282 poetam
752 2228 935 2282 noveris,
969 2239 1024 2268 ex
1055 2227 1147 2269 eius
1179 2227 1321 2269 verbis
1355 2226 1525 2269 efficias.

202 2302 382 2369 Q.
430 2302 606 2344 Albium
653 2302 868 2345 Tibullum
910 2317 934 2345 a
977 2302 1156 2356 Glycera
1188 2316 1266 2345 sua
1298 2303 1513 2345 desertum
1547 2301 1685 2357 prodi-

193 2381 371 2433 tumque
417 2379 626 2420 consolari
670 2383 869 2423 conatur:
918 2382 992 2432 „tu
1023 2378 1138 2420 illam
1172 2392 1302 2432 amas,
1332 2378 1404 2419 illa
1436 2378 1590 2430 alium3
1625 2378 1686 2419 sic

191 2453 367 2507 Lycoris
416 2453 575 2507 Cyrum
622 2454 794 2509 deperit,
841 2457 883 2496 at
921 2454 992 2496 ille
1034 2453 1224 2496 Pholoen
1265 2454 1391 2509 longe
1423 2454 1462 2495 ei
1493 2453 1686 2508 praefert,

194 2529 351 2571 Pholoe
383 2542 482 2571 vero
513 2530 596 2571 iam
630 2529 754 2571 habet
785 2533 1012 2571 amatorem
1046 2531 1117 2571 cui
1148 2543 1371 2584 nunquam
1404 2529 1536 2571 infida
1566 2530 1686 2572 reddi

194 2607 356 2661 poterit.
405 2605 474 2648 Sic
521 2606 698 2647 miseros
747 2606 942 2648 mortales
984 2605 1194 2647 ludificari
1239 2606 1345 2648 solet
1386 2605 1547 2648 Venus.
1589 2605 1686 2661 Ipse

196 2684 274 2725 hoc
305 2687 507 2739 expertus
539 2697 658 2725 sum:
693 2696 760 2725 me
793 2684 904 2725 enim
939 2683 1121 2736 Myrtale
1151 2682 1348 2725 libertina
1375 2684 1523 2737 tenuit,
1551 2697 1684 2738 quum

197 2760 279 2801 alia
325 2773 393 2802 me
435 2762 595 2814 peteret
634 2759 788 2814 puella,
821 2772 930 2814 quae
960 2759 1025 2800 illi
1058 2758 1257 2801 omnibus
1289 2758 1535 2801 nominibus
1568 2771 1684 2814 prae-

197 2834 371 2877 stabat.'’
405 2835 523 2885 Quae
554 2838 693 2878 autem
729 2835 780 2877 de
811 2848 855 2877 se
887 2835 1003 2877 addit
1032 2847 1086 2877 ne
1118 2835 1340 2877 credamus
1372 2835 1500 2877 efficit
1530 2836 1685 2890 imago,
