2034 3334
957 224 1041 268 151

278 347 364 390 316
383 362 444 404 sq.
477 347 525 390 In
558 350 676 391 tanto
708 348 883 390 fremitu
915 349 1078 390 cunctis
1109 349 1199 390 sine
1231 347 1311 390 fine
1341 348 1505 390 iacebat

465 417 640 474 Sopitus
673 419 792 460 venis
825 422 866 460 et
896 419 1213 474 inexperrectus
1245 418 1446 474 Aphidas.

207 487 405 531 Insanam
446 489 553 531 hanc
595 502 683 531 esse
725 488 953 530 lectionem
997 492 1039 530 et
1080 502 1224 531 veram
1258 488 1596 531 emendationem
1629 488 1791 531 dudum

206 558 416 615 prolatam
464 563 634 601 tantum
681 574 763 602 non
810 560 1069 614 geometrice
1116 558 1397 601 demonstrari
1442 572 1562 614 posse
1604 558 1790 601 videtur.

208 628 387 672 Ovidius
428 628 598 671 excellit
638 634 727 672 arte
771 628 944 673 Graecis
977 629 1220 671 nominibus
1252 629 1422 672 utendi:
1456 630 1613 685 probus
1646 643 1794 672 servus

207 700 247 742 ei
279 702 343 742 est
379 699 534 750 Onetor,
579 714 651 742 rex
684 699 823 741 multa
855 713 878 741 a
910 700 1076 742 civibus
1108 701 1197 741 suis
1230 701 1437 755 accipiens
1469 713 1646 742 munera
1679 700 1796 755 Poly-

208 770 370 823 deymon
402 769 472 812 vel
509 770 754 824 Polydectae.
799 769 1014 825 Denique,
1048 783 1099 811 ne
1133 769 1288 825 longus
1320 771 1425 820 sim,
1458 771 1656 825 inspiciat
1687 770 1799 812 mihi

207 839 366 896 aliquis
408 840 551 882 locum
594 841 668 882 ubi
711 840 935 883 Actaeonis
969 844 1274 882 enumerantur
1306 853 1442 882 canes.
1475 840 1665 895 Aphidas
1697 853 1798 896 ergo

206 916 270 954 est
312 912 330 954 ὅ
372 914 429 960 μὴ
463 911 714 963 Φειδόμενος.
757 910 840 954 Oui
874 915 1020 953 autem
1051 913 1112 953 rei
1143 925 1226 953 non
1258 909 1473 967 pepercit?
1504 910 1675 953 Scilicet
1706 911 1797 952 vino

206 982 280 1024 vel
306 982 425 1032 vinis,
460 982 572 1037 quod
603 983 647 1023 in
683 981 863 1024 absurdo
894 983 978 1024 isto
1011 982 1121 1023 venis
1151 981 1279 1024 latet:
1314 995 1413 1023 nam
1446 980 1678 1023 absurdum
1710 995 1800 1023 esse

203 1053 360 1094 cunctis
398 1052 511 1093 venis
552 1052 704 1105 sopitus
747 1053 888 1107 quivis
928 1052 1054 1094 homo
1096 1066 1177 1094 non
1220 1053 1413 1107 pertinax
1446 1052 1557 1093 mihi
1588 1051 1798 1094 concedet.

203 1123 284 1166 Sed
324 1123 483 1165 accedit
524 1124 701 1179 gravius
744 1128 1072 1179 argumentum,
1122 1122 1233 1177 quod
1277 1121 1411 1178 vulgo
1453 1121 1617 1178 negligi
1650 1123 1794 1172 miror,

203 1207 303 1235 nam
336 1207 470 1235 unum
502 1192 611 1235 illud
641 1192 735 1235 luce
767 1192 922 1235 clarius
950 1193 1211 1235 demonstrat
1237 1197 1484 1248 corruptum
1512 1193 1624 1234 hunc
1649 1191 1791 1234 locum

207 1279 310 1307 esse.
343 1264 435 1306 Sine
454 1266 545 1318 fine
577 1263 747 1320 Belgice
779 1267 865 1305 est:
902 1263 1303 1319 „onophoudelijk’',
1333 1261 1585 1306 Germanice
1615 1262 1792 1313 „unauf-

210 1334 418 1384 11ὃ111011”,
448 1332 611 1377 Gallice
640 1348 763 1384 „sans
790 1334 931 1376 cesse''
960 1333 1030 1376 vel
1058 1335 1201 1389 potius
1230 1347 1353 1383 „sans
1370 1332 1580 1375 relache''.
1614 1333 1796 1375 Potesne

137 1399 140 1402 ⁵
214 1408 358 1448 autem
401 1403 650 1447 Germanice
694 1404 852 1446 dicere:
899 1418 972 1455 „er
1010 1403 1084 1460 lag
1126 1403 1474 1454 unaufhorlich'',
1507 1402 1576 1445 vel
1608 1402 1795 1446 Gallice:

213 1474 272 1525 „il
320 1475 505 1516 dormait
552 1488 647 1516 sans
696 1473 919 1517 relache’⁷?
965 1475 1059 1517 Non
1109 1476 1268 1530 opinor.
1327 1473 1576 1529 Requiritur
1617 1474 1795 1516 verbum

208 1550 336 1587 aetum
378 1545 566 1601 aliquem
609 1544 863 1601 significans.
908 1545 1044 1588 Nemo
1086 1546 1166 1587 hoc
1205 1544 1360 1587 melius
1391 1544 1512 1587 docet
1544 1558 1673 1600 quam
1703 1546 1794 1600 ipse

205 1615 405 1659 Ovidius:

333 1684 387 1735 II,
422 1683 507 1728 387
543 1687 745 1728 Actorum
779 1687 867 1727 sine
899 1685 980 1727 fine
1012 1685 1121 1727 mihi
1152 1686 1241 1727 81110
1273 1685 1432 1727 honore
1464 1685 1675 1727 laborum.

331 1755 385 1805 II,
420 1755 506 1797 502
539 1755 825 1811 Immotosque
858 1754 999 1797 oculos
1031 1757 1074 1797 in
1106 1770 1149 1797 se
1181 1757 1269 1798 sine
1301 1756 1382 1798 fine
1416 1760 1642 1798 tenentem.

315 1825 384 1876 IV,
421 1825 506 1867 334
539 1826 733 1868 Poscenti
765 1826 979 1882 nymphae
1011 1827 1099 1868 sine
1131 1826 1224 1868 fine.

313 1895 389 1946 XI,
424 1893 509 1937 ¹792
542 1895 720 1950 Letique
753 1897 869 1938 viam
902 1898 991 1938 sine
1022 1895 1103 1938 fine
1135 1900 1376 1952 retemptat.

267 1965 383 2016 XIII,
417 1965 503 2007 330
536 1965 756 2008 Devoveas
786 1967 875 2007 sine
907 1966 987 2008 fine
1019 1970 1158 2021 caput.

205 2035 377 2078 Leviter
410 2034 704 2086 tantummodo
735 2035 945 2090 discrepat
977 2035 1067 2085 VII,
1102 2035 1212 2077 306:

537 2104 814 2160 Pretiumque
845 2105 993 2146 iubent
1025 2106 1114 2146 sine
1146 2104 1227 2146 fine
1259 2107 1426 2160 pacisci.

268 2174 324 2216 Et
361 2177 461 2215 sunt
502 2174 548 2215 hi
591 2187 736 2216 omnes
778 2173 860 2216 loci
903 2175 978 2216 ubi
1018 2176 1063 2215 in
1105 2175 1516 2230 Metamorphosesin
1558 2176 1673 2217 istud
1705 2176 1792 2217 sine

197 2245 287 2298 fine
332 2243 515 2300 legatur.
564 2243 685 2285 Unde
727 2248 873 2286 autem
916 2244 1125 2286 eiusmodi
1166 2245 1345 2287 verbum
1383 2250 1525 2288 nostro
1557 2245 1646 2288 loco
1679 2251 1792 2301 peta-

206 2312 331 2355 mus?
375 2313 526 2355 Dicent
571 2314 603 2354 ii
649 2312 731 2355 loci
778 2314 853 2355 ubi
901 2327 999 2355 cum
1037 2314 1259 2367 participio
1306 2316 1513 2371 iungatur
1558 2315 1644 2356 sine
1677 2317 1787 2370 fine,

204 2387 329 2439 atque
371 2397 498 2438 quem
538 2384 730 2438 primum
769 2384 900 2425 citavi
933 2388 1131 2432 „aetorum
1163 2386 1251 2426 sine
1283 2384 1364 2427 fine
1400 2409 1454 2416 —
1487 2384 1709 2427 laborum'’
1741 2387 1786 2428 in

202 2452 438 2495 clarissima
468 2466 558 2495 rem
590 2457 718 2507 ponet
750 2452 858 2495 luce.
896 2453 1054 2494 Cunctis
1085 2454 1193 2494 venis
1225 2454 1351 2496 nihili
1376 2469 1464 2497 esse
1488 2457 1576 2497 iam
1603 2460 1765 2499 constat
1773 2469 1784 2506 3

136 2516 139 2517 ⁷
201 2525 245 2565 in
276 2523 387 2564 venis
411 2522 516 2565 latet
542 2523 661 2572 vinis,
690 2523 792 2577 quid
818 2524 862 2564 in
888 2522 1066 2564 manetis?
1093 2523 1165 2565 Nil
1193 2524 1434 2567 dubitantes
1460 2526 1783 2581 respondemus:

202 2588 477 2648 p'articipium
519 2592 689 2647 aliquod
732 2593 907 2647 perfecti
939 2595 1111 2647 passivi.
1146 2594 1200 2635 Et
1231 2598 1397 2648 praesto
1429 2600 1493 2637 est
1523 2595 1644 2637 illud.
1679 2596 1788 2639 Duc-

202 2664 317 2705 tibus
359 2664 474 2705 enim
505 2662 727 2704 literarum
760 2663 910 2703 cunetis
942 2665 1013 2704 vix
1047 2663 1280 2718 quidquam
1312 2664 1450 2706 differt
1482 2679 1505 2707 a
1643 2667 1785 2709 ductis.

203 2732 259 2774 Et
301 2732 402 2787 quid
446 2734 587 2787 magis
624 2732 746 2774 decet
787 2731 1067 2774 immodicum
1100 2736 1291 2787 potorem
1324 2747 1452 2789 quam
1483 2736 1615 2777 vinum
1649 2738 1790 2780 ducere

203 2799 317 2852 (οἶνον
359 2804 471 2842 σαι-ἄν
515 2800 583 2843 vel
625 2799 804 2852 ἕλκειν)ῗ
840 2801 1089 2843 Desinamus
1123 2815 1224 2858 ergo
1256 2803 1425 2845 tandem
1459 2804 1683 2861 aliquando
1716 2807 1789 2849 dn-

199 2871 334 2912 bitare
366 2872 468 2925 quin
499 2870 700 2912 Heinsius
733 2870 946 2926 praeclara
978 2885 1054 2912 sua
1084 2872 1378 2915 emendatione

836 2940 973 2983 ductis
1004 2942 1091 2983 sine
1122 2941 1203 2984 fine
1234 2942 1398 2986 iacebat
