2034 3334
988 233 1047 278 28

279 358 368 404 287
400 372 489 416 sqq.
552 356 702 410 „Unus
758 355 1058 415 Eurylochus”
1114 357 1175 400 sic
1232 370 1356 414 porro
1402 360 1547 401 narrat
1591 356 1818 401 Macareus

221 429 402 488 „pocula
433 442 456 472 a
488 427 608 473 Circe
641 427 740 471 data
770 441 855 471 non
887 427 1089 471 sumsit.”

399 499 516 553 Quae
547 500 629 541 nisi
661 499 863 550 vitasset,
897 499 1060 555 pecoris
1091 512 1188 556 pars
1220 512 1306 542 una
1337 512 1557 543 manerem

398 570 522 614 Nunc
553 583 721 626 quoque
753 570 980 627 saetigeri,
1011 582 1088 613 nec
1120 572 1264 612 tantae
1297 568 1429 613 cladis
1461 569 1513 613 ab
1545 567 1624 613 illo

400 641 565 685 Certior
596 640 649 684 ad
680 638 831 684 Circen
863 639 978 683 ultor
1008 641 1197 684 venisset
1227 639 1390 684 Ulixes.

222 713 375 756 Certior
404 726 482 769 pro
513 711 659 754 certior
677 712 828 768 factus
857 713 933 754 vix
964 714 1028 755 est
1055 712 1242 755 sincerae
1269 711 1533 755 Latinitatis.
1565 710 1818 768 Properanti

218 783 371 827 Ovidio
403 787 592 826 metrum
623 781 732 825 illud
764 783 988 838 expressit.

280 854 368 898 360
410 855 503 897 Pici
534 867 677 896 amore
709 851 830 897 Circe
863 854 1045 910 capitur,
1078 856 1122 896 at
1151 851 1226 896 ille
1253 853 1383 910 fugit.
1416 852 1537 896 Iurat
1563 851 1686 897 Circe
1712 865 1816 896 mox

215 925 344 969 illum
376 926 465 968 suis
496 925 660 967 artibus
690 928 863 981 captum
894 925 963 966 iri.

399 995 522 1038 Dixit
552 999 595 1038 et
626 994 838 1052 effigiem,
873 993 992 1038 nullo
1023 1008 1122 1037 cum
1153 1007 1351 1051 corpore,
1382 993 1482 1037 falsi

395 1066 543 1109 Finxit
575 1067 688 1122 apri,
721 1069 971 1122 praeterque
1004 1064 1149 1108 oculos
1181 1068 1468 1108 transcurrere
1499 1065 1614 1122 regis

398 1137 529 1180 Iussit
559 1142 602 1180 et
634 1139 679 1179 in
711 1135 892 1180 densum
924 1136 1119 1179 trabibus
1150 1149 1302 1179 nemus
1332 1137 1396 1178 ire
1427 1135 1577 1179 videri.

216 1207 391 1260 Falsus,
423 1207 538 1251 haud
570 1207 723 1258 dubie,
756 1221 858 1264 aper
886 1210 951 1250 est
977 1208 1051 1263 qui
1079 1220 1248 1250 currere
1273 1206 1471 1258 iubetur3
1501 1206 1574 1250 sed
1600 1221 1685 1251 non
1711 1207 1817 1250 satis

214 1278 366 1323 idonea
397 1279 500 1322 haec
533 1291 659 1321 causa
686 1281 751 1321 est
777 1291 854 1320 cur
879 1277 999 1320 istud
1024 1277 1156 1319 videri
1183 1276 1423 1321 adiicietur.
1450 1276 1646 1334 Species,
1671 1290 1820 1335 quam-

215 1352 283 1393 vis
324 1350 454 1402 falsa,
497 1364 637 1392 revera
680 1353 823 1392 tamen
866 1363 966 1392 eum
1008 1350 1083 1406 qui
1124 1348 1336 1405 decipitur
1367 1348 1654 1406 praetervolat
1684 1352 1820 1392 trans-

217 1423 448 1478 curritque.
498 1419 643 1463 Multo
684 1434 786 1478 ergo
828 1421 987 1463 rectius
1029 1419 1254 1477 multoque
1296 1419 1540 1477 elegantius
1582 1419 1653 1463 hic
1691 1422 1819 1477 poeta

217 1491 404 1548 simplici
440 1491 561 1534 eundi
593 1495 703 1534 esset
736 1505 840 1534 usus
873 1491 1014 1534 verbo.
1059 1490 1143 1534 Sed
1173 1492 1374 1534 novimus
1405 1505 1538 1548 quam
1569 1490 1818 1535 commodae

215 1563 376 1606 fuerint
400 1564 538 1619 poetis
566 1562 932 1619 scriptoribusque
950 1561 1166 1604 clausulae
1184 1577 1266 1604 esee
1282 1562 1427 1614 videri,
1445 1562 1507 1604 ire
1521 1561 1654 1604 videri
1669 1563 1815 1606 simm.

215 1635 466 1690 praesertim
509 1635 563 1676 iis
595 1635 670 1689 qui
702 1646 832 1689 quam
864 1634 1058 1689 primum
1091 1632 1144 1676 ad
1176 1632 1305 1676 finem
1337 1634 1560 1689 pervenire
1590 1634 1816 1691 gestirent.

277 1702 364 1748 427
406 1703 618 1747 Maritum
647 1717 774 1746 suum
804 1703 978 1755 Picum,
1005 1705 1051 1746 in
1078 1717 1203 1747 avem
1225 1718 1493 1756 conversum,
1509 1717 1816 1762 usquequaque

216 1773 380 1818 Canens
411 1788 519 1817 uxor
549 1775 739 1830 quaerit:

397 1844 591 1887 Ultimus
623 1845 789 1901 aspexit
820 1843 1008 1902 Thybris
1038 1844 1245 1901 luctuque
1278 1846 1432 1901 viaque

296 1963 299 1966 .
398 1914 569 1958 Fessam
602 1919 645 1958 et
676 1916 764 1957 iam
796 1914 929 1972 longa
960 1919 1188 1971 ponentem
1221 1929 1398 1972 corpora
1427 1917 1533 1972 ripa.

219 1985 396 2028 Versum
428 1984 572 2042 explet
602 1999 685 2028 vox
716 1999 755 2042 q.
773 1999 808 2027 e.
843 1985 984 2038 louqa,
1017 1987 1276 2028 sententiam
1308 1986 1569 2042 pessumdat.

275 2054 364 2098 428
382 2070 470 2112 sqq.
505 2054 720 2100 Continuo
754 2057 972 2112 sequitur:

395 2125 490 2169 Illic
522 2140 622 2168 cum
653 2125 843 2169 lacrimis
874 2128 968 2183 ipso
1001 2126 1223 2169 modulata
1255 2125 1398 2170 dolore

397 2196 536 2240 Verba
566 2211 669 2240 sono
701 2199 822 2240 tenui
854 2211 1047 2240 maerens
1079 2197 1295 2241 fundebat.

214 2267 332 2323 Ipsos
377 2267 521 2310 Ovidii
563 2267 759 2324 aequales
799 2282 844 2311 se
885 2282 938 2312 ex
980 2268 1059 2312 hoc
1101 2269 1409 2312 vocabulorum
1453 2269 1700 2327 labyrintho
1737 2269 1813 2313 vix

217 2339 443 2380 extricasse
477 2340 639 2395 opinor.

277 2407 362 2451 579
410 2408 475 2450 Ex
518 2410 636 2451 urbis
677 2409 859 2462 Ardeae,
904 2410 955 2452 ab
999 2410 1195 2453 hostibus
1236 2413 1454 2462 incensae,
1488 2409 1637 2454 favilla
1667 2408 1811 2454 evolat

216 2481 331 2530 avis,
365 2493 471 2535 quae
504 2481 562 2521 sic
594 2479 867 2523 describitur:

397 2549 454 2591 Et
484 2564 611 2592 sonus
644 2554 687 2593 et
718 2553 876 2594 macies
910 2555 953 2594 et
982 2551 1123 2608 pallor
1155 2557 1198 2595 et
1229 2553 1394 2603 omnia,
1429 2554 1598 2608 captam

398 2619 514 2672 Quae
546 2620 721 2663 deceant
753 2622 927 2673 urbem,
961 2637 1118 2666 nomen
1150 2637 1320 2679 quoque
1350 2623 1509 2665 mansit
1538 2623 1584 2664 in
1613 2620 1690 2664 illa

399 2690 539 2732 Urbis.

217 2759 371 2802 Omnia
412 2761 480 2802 hic
523 2763 656 2803 risum
699 2767 899 2814 movent,
945 2766 1020 2819 qui
1052 2765 1234 2806 minime
1269 2763 1472 2815 „deceat”
1507 2776 1598 2805 rem
1628 2776 1809 2819 gravem

218 2832 492 2886 tristemque,
527 2832 598 2873 sed
631 2846 729 2888 prae
763 2835 913 2876 ceteris
947 2834 1091 2876 macies
1122 2834 1212 2876 illa.

281 2900 365 2943 609
383 2916 444 2957 sq.
479 2901 577 2944 Inde
611 2903 689 2945 sub
725 2904 894 2945 Ascanii
927 2904 1090 2948 dicione
1123 2905 1355 2947 binominis
1385 2903 1494 2945 Alba

474 2972 639 3028 Resque
673 2973 825 3016 Latina
858 2975 954 3016 fuit.
