2034 3334
713 1129 935 1179 CAPUT
980 1128 1270 1178 SEXTUM.

299 1556 410 1598 Nam
450 1569 572 1611 quae,
603 1556 790 1610 obsecro,
822 1569 951 1598 causa
983 1569 1076 1598 esse
1109 1558 1248 1611 potuit
1279 1569 1357 1598 cur
1387 1554 1616 1596 Horatium
1648 1553 1743 1594 imi-

240 1634 402 1674 taretur
434 1631 717 1687 Propertius?
749 1631 847 1687 Ipse
875 1633 1002 1687 enim,
1035 1632 1166 1686 solus,
1198 1633 1291 1674 sine
1324 1643 1403 1686 ope
1424 1630 1564 1672 aliena
1592 1641 1743 1671 versus

238 1706 419 1749 faciebat
450 1706 711 1762 Propertius,
744 1707 811 1749 vel
841 1708 986 1762 potius
1017 1712 1237 1762 tamquam
1271 1707 1508 1749 uberrimos
1534 1705 1693 1747 fluctus
1721 1716 1744 1746 e

238 1782 363 1838 pleno
408 1782 615 1825 fundebat
646 1787 826 1838 pectore.
869 1783 1016 1838 Imago
1048 1783 1121 1825 illa
1153 1785 1245 1838 apis
1277 1782 1464 1824 Matinae
1498 1793 1574 1836 per
1607 1780 1745 1835 pluri-

240 1871 358 1900 mum
414 1857 602 1900 laborem
643 1858 791 1912 thyma
836 1858 1015 1913 legentis
1061 1859 1108 1899 in
1154 1858 1369 1900 neminem
1418 1857 1563 1898 minus
1612 1868 1742 1910 quam

239 1934 286 1975 in
332 1933 454 1975 illum
503 1934 713 1975 convenit.
762 1932 922 1988 Sponte
966 1934 1005 1975 ei
1040 1936 1279 1975 nascuntur
1306 1933 1496 1974 carmina
1527 1931 1743 1985 simulque

242 2022 389 2051 secum
419 2009 562 2052 ferunt
609 2009 818 2051 vocabula
850 2010 1083 2065 aptissima.
1115 2009 1181 2051 Ita
1216 2010 1253 2051 si
1285 2008 1389 2064 quid
1421 2007 1661 2050 sexcenties
1691 2005 1743 2048 ab

241 2085 338 2127 aliis
369 2085 506 2140 poe‘tis
538 2085 700 2127 dictum
733 2087 810 2139 est,
843 2086 917 2140 qui
951 2088 999 2127 ut
1026 2098 1155 2140 quam
1184 2072 1341 2140 optime
1368 2084 1557 2126 dicerent
1573 2094 1743 2124 omnem

240 2159 531 2202 adhibuerunt
587 2160 863 2216 diligentiam,
909 2161 945 2203 si
992 2161 1105 2202 idem
1151 2161 1254 2202 dicit
1299 2159 1552 2215 Propertius
1599 2158 1744 2200 nescio

242 2235 455 2291 quomodo
503 2248 665 2277 novum
712 2235 771 2278 fit.
814 2235 936 2278 Dabo
979 2236 1246 2278 luculentum
1281 2235 1539 2290 exemplum.
1575 2232 1745 2283 Quanto

243 2311 385 2354 Crassi
417 2311 558 2353 clades
591 2311 736 2354 dolore
768 2315 810 2354 et
842 2311 1005 2367 pudore
1036 2311 1223 2354 affecerit
1255 2311 1460 2367 populum
1489 2309 1747 2363 Romanum,

242 2400 371 2443 quam
403 2387 546 2429 laetati
577 2388 663 2429 sint
696 2387 824 2440 cives,
858 2401 991 2442 quum
1030 2387 1203 2441 „Parthi
1234 2387 1483 2428 Armeniam
1509 2385 1745 2426 vindicanti

241 2461 469 2518 Augusto'’
503 2461 647 2515 (verba
679 2465 781 2504 sunt
813 2461 1020 2514 Suetonii)
1057 2465 1305 2515 „cesserunt
1337 2465 1378 2503 et
1409 2462 1533 2516 signa
1549 2460 1748 2502 militaria

243 2550 353 2593 quae
394 2537 537 2579 Marco
576 2536 727 2579 Crasso
759 2540 801 2579 et
833 2536 976 2578 Marco
1009 2537 1197 2579 Antonio
1230 2537 1476 2578 ademerant
1507 2536 1746 2591 reposcenti

242 2612 530 2666 reddiderunt,
563 2611 820 2667 obsidesque
852 2612 1030 2666 insuper
1058 2611 1320 2665 obtulerunt,
1346 2612 1531 2666 denique
1548 2611 1745 2666 pluribus

245 2688 460 2743 quondam
509 2687 561 2729 de
607 2700 740 2742 regno
788 2686 1051 2729 certantibus
1098 2699 1185 2728 non
1228 2687 1311 2728 nisi
1353 2686 1405 2728 ab
1437 2687 1530 2741 ipso
1563 2686 1744 2728 electum

240 2762 664 2819 comprobaverunt’',
697 2763 924 2804 novimus:
958 2762 1195 2817 permultos
1229 2762 1342 2804 enim
1375 2762 1427 2804 de
1460 2775 1509 2804 ea
1538 2775 1584 2804 re
1612 2763 1743 2817 scrip-

241 2843 381 2882 torum
423 2843 733 2896 poetarumque
763 2839 879 2881 locos
909 2838 1105 2895 legimus,
1139 2838 1214 2881 sed
1243 2838 1450 2895 gaudium
1481 2839 1591 2881 illud
1623 2839 1739 2881 dolo-
