2034 3334
1049 254 1107 299 44

281 378 420 422 cludit
464 383 587 435 poeta
633 382 682 421 ut
721 381 838 421 totus
878 391 1027 421 earum
1067 391 1202 421 nexus
1235 376 1398 435 legenti
1428 378 1632 421 continuo
1663 378 1750 420 stet
1778 378 1880 421 ante

283 448 440 492 oculos.
472 448 568 492 Duo
600 447 708 491 dabo
742 447 951 504 exempla.
1808 450 1810 452 ’

342 519 530 562 Uxorem
572 520 738 562 amittit
781 518 998 575 Orpheus,
1041 522 1256 575 receptam
1291 516 1551 576 negligenda
1582 516 1824 561 conditione
1854 530 1881 562 a

280 604 381 646 rege
412 590 651 632 inferorum
682 590 884 646 imposita
914 590 1073 632 iterum
1106 589 1268 647 perdit3
1302 593 1492 632 maestus
1525 588 1637 632 redit
1672 589 1717 631 in
1749 586 1881 632 Thra·

279 663 389 704 ciam
404 693 413 711 ,
444 662 671 703 tristitiam
702 659 947 703 consolatur
978 659 1163 703 canendo
1176 672 1188 711 ;
1219 661 1313 716 ipsa
1338 661 1430 703 eius
1455 659 1667 711 carmina,
1694 671 1880 716 quorum

282 736 347 774 sat
380 745 537 788 magna
567 735 632 774 est
662 733 805 788 copia,
839 732 1071 774 narrationi
1102 732 1374 783 inseruntur3
1407 729 1581 773 tandem
1613 743 1638 773 a
1667 727 1877 781 'Phi-ossis,

282 816 467 858 quarum
494 802 642 845 odium
670 803 713 844 in
739 815 784 844 se
810 805 1020 852 verterat,
1048 806 1169 844 vates
1195 800 1427 844 crudeliter
1447 800 1666 852 occiditur,
1685 799 1879 844 membra

279 874 371 915 eius
404 874 602 916 manibus
635 872 801 929 direpta
835 872 1025 915 nefandis
1058 876 1322 930 sparguntur
1353 870 1447 924 (XI,
1481 870 1580 925 61):

288 956 291 959 ·
465 943 629 986 Umbra
657 943 774 986 subit
807 947 940 986 terras
971 947 1013 986 et
1045 956 1153 999 quae
1183 942 1277 986 loca
1307 942 1475 986 viderat
1506 946 1604 985 ante

464 1012 629 1058 Cuncta
662 1015 950 1071 recognoscit,
983 1027 1271 1071 quaerensque
1303 1028 1378 1070 per
1408 1027 1512 1057 arva
1541 1014 1715 1070 piorum

464 1084 636 1128 Invenit
666 1084 895 1128 Euridicen
926 1084 1178 1141 cupidisque
1209 1083 1487 1141 amplectitur
1517 1082 1645 1127 ulnis.

465 1155 550 1199 Hic
581 1155 708 1199 modo
741 1157 977 1199 coniunctis
1007 1157 1247 1212 spatiantur
1277 1155 1471 1212 passibus
1502 1154 1652 1206 ambo,

465 1226 591 1269 Nunc
623 1226 945 1283 praecedentem
977 1228 1184 1283 sequitur,
1218 1240 1330 1269 nunc
1362 1227 1561 1283 praevius
1592 1226 1728 1269 anteit
1737 1239 1750 1278 ;

463 1297 791 1355 Eurydicenque
821 1311 944 1340 suam
975 1299 1064 1340 iam
1094 1300 1191 1341 tuto
1220 1298 1396 1354 respicit
1427 1296 1637 1353 Orpheus.

284 1365 411 1410 Vides
443 1381 573 1424 quam
605 1370 779 1426 egregie
811 1382 897 1411 uno
930 1367 1137 1412 vocabulo
1167 1368 1248 1410 iam
1274 1367 1431 1425 longae
1457 1366 1629 1411 fabulae
1655 1365 1880 1411 exordium

283 1451 382 1479 cum
414 1437 496 1481 fine
527 1440 748 1496 iungatur.

344 1508 492 1565 Neque
524 1511 669 1552 minus
699 1514 765 1552 est
795 1511 965 1567 insigne
996 1509 1182 1552 alterum
1213 1508 1463 1565 exemplum
1494 1508 1606 1565 quod
1633 1522 1657 1552 e
1681 1507 1792 1552 libro
1815 1506 1881 1551 111

281 1578 467 1622 afferam.
511 1579 672 1623 Misero
704 1582 772 1623 sui
803 1594 947 1624 amore
978 1581 1155 1623 tabescit
1186 1580 1411 1623 Narcissus
1421 1594 1432 1632 ;
1467 1579 1570 1636 quid
1601 1582 1736 1622 semet
1768 1592 1882 1636 spec-

281 1649 409 1692 tando
441 1652 619 1693 senserit
651 1650 890 1706 dixeritque
918 1655 1113 1694 accurate
1139 1649 1391 1707 explicatur,
1420 1650 1494 1693 sed
1520 1649 1573 1693 ad
1598 1651 1767 1693 exitum
1789 1651 1880 1693 iam

281 1725 534 1776 properante
559 1722 800 1763 narratione
826 1734 910 1763 non
936 1721 1125 1778 negligit
1151 1725 1275 1777 poeta
1300 1720 1492 1777 legentes
1516 1720 1743 1764 admonere
1762 1718 1876 1764 haud

280 1791 546 1833 immeritam
592 1791 723 1833 fuisse
769 1790 957 1834 Narcissi
1003 1796 1212 1834 mortem:
1260 1793 1419 1834 iterum
1461 1792 1578 1833 enim
1619 1792 1666 1833 in
1707 1803 1876 1834 scenam

282 1859 478 1916 producit
510 1860 650 1912 Echo,
684 1875 767 1917 qua
799 1861 1067 1917 despicienda
1098 1862 1228 1904 durae
1260 1866 1302 1904 et
1332 1861 1594 1904 inhumanae
1625 1860 1782 1905 indolis
1807 1860 1880 1904 do-

282 1936 533 1974 cumentum
566 1931 807 1974 adolescens
839 1931 969 1974 dedit.
1003 1932 1120 1975 Haec
1153 1936 1302 1988 poetae
1335 1932 1465 1975 verba
1497 1935 1599 1974 sunt
1628 1935 1711 1984 (vs.
1745 1929 1877 1986 499):

464 2001 629 2044 Ultima
659 2016 742 2045 vox
774 2001 942 2045 solitam
976 2003 1059 2045 fuit
1091 2003 1193 2045 haec
1223 2003 1455 2059 spectantis
1485 2004 1530 2045 in
1562 2002 1747 2045 undam:

465 2072 592 2123 „Heu
625 2073 782 2115 frustra
814 2072 966 2116 dilecte
999 2072 1188 2130 puer”!''
1221 2073 1486 2129 totidemque
1518 2073 1688 2115 remisit

466 2142 601 2186 Verba
633 2142 774 2194 locus,
809 2143 1007 2200 dictoque
1039 2143 1192 2195 „vale”
1229 2143 1380 2194 „vale”
1412 2145 1554 2200 inquit
1585 2147 1628 2186 et
1657 2142 1788 2186 Echo.

283 2211 398 2264 Quae
431 2218 577 2255 autem
609 2213 789 2257 artificia
819 2213 953 2256 semel
987 2214 1183 2257 adamare
1217 2218 1343 2270 poeta
1373 2215 1515 2270 coepit
1543 2215 1598 2256 iis
1629 2213 1877 2270 saepissime

281 2285 433 2326 utitur.
468 2282 622 2327 Gitabo
655 2299 803 2327 versus
836 2285 1041 2341 quosdam
1073 2286 1185 2327 inter
1211 2299 1255 2327 se
1280 2283 1530 2327 simillimos
1553 2283 1665 2327 unde
1689 2282 1876 2327 alterum

281 2367 417 2409 genus
450 2356 649 2411 cognosci
679 2356 826 2410 possit.

344 2423 414 2473 VI,
449 2424 535 2467 267
563 2439 652 2481 sqq.

464 2494 596 2537 Fama
628 2495 731 2538 mali
763 2495 996 2552 populique
1029 2495 1147 2539 dolor
1176 2495 1463 2550 lacrimaeque
1496 2508 1672 2537 suorum

465 2564 571 2606 Tam
604 2566 768 2608 subitae
799 2571 981 2609 matrem
1013 2571 1174 2609 certam
1205 2566 1340 2608 fecere
1387 2567 1534 2608 ruinae

463 2635 697 2678 Mirantem
730 2639 939 2692 potuisse,
971 2639 1310 2692 irascentemque
1342 2636 1451 2691 quod
1486 2636 1580 2677 ausi

467 2705 559 2747 Hoc
591 2712 733 2748 essent
765 2709 929 2762 superi,
961 2706 1075 2762 quod
1108 2711 1278 2749 tantum
1310 2707 1416 2747 iuris
1446 2706 1660 2748 haberent.

467 2776 575 2816 Nam
610 2782 728 2832 pater
763 2777 978 2833 Amphion
1011 2777 1120 2819 ferro
1153 2791 1228 2832 per
1258 2781 1406 2832 pectus
1438 2775 1584 2817 adacto

467 2844 656 2887 Finierat
689 2848 872 2888 moriens
903 2848 1063 2902 pariter
1095 2861 1194 2889 cum
1226 2845 1322 2888 luce
1355 2845 1556 2887 dolorem.

346 2913 458 2964 VIII,
495 2915 580 2956 529
598 2930 686 2970 sqq.

466 2984 648 3027 Pulvere
681 2987 881 3027 canitiem
911 2987 1082 3042 genitor
1113 2985 1346 3040 vultusque
1377 2982 1530 3026 seniles
