2034 3334
1004 337 1086 379 192

291 475 420 518 quam
461 460 661 518 praedam
703 459 907 504 Romanis
950 460 1178 504 tradidisse
1209 472 1358 504 omnes
1386 459 1571 504 Romani
1603 458 1796 506 sciebant

291 542 334 582 et
365 539 507 594 quivis
537 536 759 581 Romanus
791 537 932 581 dicere
964 540 1150 594 poterat3
1185 550 1284 581 sua
1316 537 1543 582 tradere
1568 549 1797 583 commune

291 618 357 659 est
388 615 651 658 devictarum
684 615 890 671 gentium.
922 614 1022 657 Alio
1049 618 1194 658 tamen
1220 613 1348 658 modo
1375 626 1466 658 rem
1491 615 1798 671 interpretatur

290 691 497 734 Horatius
544 694 608 734 et:
659 704 771 746 „nou
815 689 940 734 illos'’
981 691 1041 734 ait
1087 703 1192 746 „nos
1225 691 1407 734 vicimus
1437 690 1512 734 sed
1542 691 1626 748 ipsi
1657 689 1710 734 ab
1740 690 1796 734 iis

290 769 393 811 victi
450 781 625 822 sumus3
683 781 830 811 aurem
877 768 993 811 enim
1038 766 1242 824 praebere
1287 780 1392 811 suae
1437 768 1670 824 sapientiae
1714 779 1796 812 nos

290 848 546 902 coegerunt3
579 845 693 888 illam
729 846 773 887 in
805 844 973 888 Italiam
1000 844 1354 900 intulerunt,
1381 844 1444 888 sio
1468 845 1696 901 magistros
1722 856 1796 888 eos

291 935 379 965 non
426 935 572 966 servos
621 923 736 966 nacti
777 922 972 966 sumus.’'
1013 922 1138 966 Illius
1184 926 1328 966 autem
1359 922 1599 966 ornamenti
1629 921 1692 965 nil
1721 921 1797 965 ha-

289 997 361 1042 bet
393 997 584 1042 Ovidius.

349 1075 458 1119 Item
489 1074 674 1119 Ovidius
705 1087 833 1119 versu
865 1075 977 1129 (Am.
1007 1075 1088 1131 111,
1121 1077 1160 1131 3,
1193 1076 1287 1130 35):

472 1185 673 1243 Juppiter
702 1186 795 1242 ipse
826 1198 929 1229 suos
960 1186 1082 1229 lucos
1111 1185 1326 1228 iaculatur
1355 1187 1398 1228 et
1428 1196 1546 1228 arces

292 1304 504 1360 respicere
535 1304 574 1347 ei
606 1303 777 1347 videtur
806 1303 1092 1347 Horatianum
1129 1303 1177 1359 (Ι,
1210 1304 1249 1359 2,
1281 1303 1345 1357 2)’;

469 1413 596 1457 Pater
626 1413 808 1457 rubente
835 1414 841 1469 1
870 1413 1046 1457 dextera
1078 1426 1222 1457 sacras
1251 1412 1467 1455 iaculatus
1500 1423 1630 1454 arces.

348 1531 494 1575 Utitur
519 1535 663 1576 autem
686 1531 906 1575 vocabulis
923 1531 1213 1575 Germanicis:
1236 1530 1477 1586 „bewusste
1491 1526 1793 1586 Auspielung’'

288 1609 516 1665 additque:

473 1719 586 1775 „Der
616 1719 850 1763 Ausdruck
881 1720 927 1762 in
959 1719 1034 1761 der
1065 1718 1210 1762 Weise
1240 1718 1416 1774 nirgens
1448 1729 1502 1759 zu
1535 1712 1753 1772 belegen.''

348 1838 510 1882 Verum
556 1842 621 1882 est
651 1841 885 1894 utrumque
914 1840 1082 1894 poetam
1113 1837 1182 1879 hic
1214 1835 1436 1879 vocabulis
1468 1834 1719 1878 iaculari
1750 1837 1794 1878 et

289 1928 447 1959 arces
477 1917 553 1970 uti,
585 1915 660 1958 sed
691 1916 772 1958 hoo
803 1915 980 1971 vulgare
1011 1918 1076 1958 est
1103 1913 1375 1969 vocabulum,
1398 1912 1506 1955 illud
1534 1912 1587 1957 de
1611 1910 1793 1955 fulmine

290 1993 465 2035 minime
505 1992 772 2034 inusitatum.
816 1991 899 2034 Sed
941 1991 1024 2033 alia
1055 1995 1120 2034 est
1151 1990 1363 2033 sententia
1397 2001 1546 2032 versus
1579 1986 1792 2043 Ovidium,

288 2070 371 2112 alia
411 2068 648 2111 Horatiani.
690 2068 897 2111 Horatius
928 2069 1042 2110 enim
1075 2079 1192 2110 arces
1223 2066 1404 2109 fulmine
1435 2076 1661 2122 percussas
1691 2063 1794 2107 sim-

289 2147 454 2201 plioiter
499 2148 813 2200 commemorat,
859 2143 1042 2187 Ovidius
1086 2143 1138 2186 de
1178 2156 1227 2186 ea
1269 2155 1315 2185 re
1345 2142 1404 2184 ita
1434 2141 1713 2184 ratiocinatur
1743 2141 1794 2182 ut

287 2223 350 2264 illi
398 2223 536 2265 solent
585 2223 659 2278 qui
700 2222 752 2265 de
792 2222 999 2278 religione
1043 2220 1169 2277 paulo
1201 2219 1380 2263 liberius
1413 2218 1615 2261 sentiunt.
1649 2215 1790 2268 Quam

289 2312 425 2355 saepe,
472 2303 521 2342 ut
567 2312 704 2341 unum
748 2311 895 2341 eorum
938 2301 1088 2340 testem
1134 2297 1272 2351 citem,
1302 2295 1520 2338 Lucianus
1554 2305 1689 2350 quum
1721 2289 1792 2340 τήν

287 2379 362 2418 τῶν
395 2378 482 2418 θεῶν
516 2374 690 2429 πρόνοιαν
720 2375 907 2418 ludibrio
939 2374 1066 2417 habet
1097 2374 1177 2416 hoc
1208 2376 1461 2429 argumento
1494 2371 1642 2425 utitur,
1674 2368 1796 2426 quod

290 2453 401 2509 apud
451 2453 781 2509 Aristophanem
828 2452 1016 2495 invenit:
1069 2450 1316 2507 „Sapientes
1363 2450 1436 2492 isti
1483 2448 1551 2490 dei
1593 2460 1671 2490 sua
1706 2446 1790 2503 ipsi

289 2529 525 2571 incendunt
576 2527 774 2585 templa.''
821 2527 857 2569 Ε
904 2527 1102 2570 Lucretio
1152 2525 1363 2569 eiusmodi
1409 2523 1572 2580 aliquid
1618 2533 1788 2565 sumere

289 2606 426 2660 potuit
458 2605 650 2659 Ovidius,
683 2618 769 2647 non
802 2617 825 2647 e
856 2608 1002 2647 nostro
1035 2604 1129 2646 loco
1160 2602 1407 2645 Horatiano.

347 2681 516 2736 Ingenti
559 2682 657 2724 dein
699 2681 994 2737 exemplorum
1037 2681 1159 2736 copia
1201 2678 1508 2722 demonstravit
1539 2675 1788 2732 Zingerleus

290 2758 535 2812 saepissime
582 2757 784 2799 Ovidium
832 2756 1149 2812 Horatiumque
1195 2755 1342 2798 eadem
1390 2755 1436 2796 in
1478 2754 1600 2795 initio
1641 2751 1710 2794 vel
1740 2750 1786 2793 in

287 2832 372 2875 fine
414 2846 617 2875 versuum
659 2834 855 2889 posuisse
887 2832 1118 2885 vocabula3
1149 2832 1204 2874 ad
1237 2844 1347 2887 quae
1379 2828 1616 2885 colligenda
1647 2839 1784 2883 quum
