2034 3334
1034 376 1091 418 84

309 503 455 542 amant
497 500 668 556 penitus
709 513 966 557 cognoscere
997 501 1170 544 student
1201 502 1452 558 priusquam
1484 503 1538 546 ad
1570 517 1724 547 versus
1753 503 1816 547 fa-

309 576 483 619 ciendos
531 579 758 620 transeant.
805 577 889 620 Sed
937 579 1012 634 qui
1053 591 1104 621 ea
1135 577 1327 621 ambulat
1357 592 1499 623 errare
1530 594 1617 622 non
1650 583 1812 637 potest;

307 652 343 695 is
377 653 481 708 quid
515 653 616 696 velit
646 653 777 710 probe
810 655 952 708 novit3
986 655 1046 698 ita
1076 658 1202 711 poeta
1233 655 1309 712 qui
1338 655 1476 699 factus
1509 661 1573 700 est
1602 657 1656 699 iis
1683 656 1814 700 rebus

309 729 470 786 quibus
518 730 625 774 alios
667 732 925 774 commoveri
957 732 1076 788 cupit
1106 733 1258 775 ceteris
1289 732 1488 776 omnibus
1520 737 1815 778 commovetur

307 807 455 863 magis.
514 805 638 858 Quod
685 808 722 851 si
765 809 863 864 quis
910 807 1162 852 Latinarum
1208 809 1428 852 literarum
1475 811 1648 854 nescius
1694 815 1816 869 roget

305 884 497 940 possitne
544 887 586 927 et
627 897 677 927 ea
721 898 831 941 quae
873 886 1028 928 sentiat
1060 885 1288 942 eleganter,
1317 888 1515 943 graviter,
1548 891 1644 945 apte
1676 901 1813 932 enun-

305 961 412 1003 tiare
444 959 668 1017 Virgilius,
701 962 931 1005 recitemus
963 963 1000 1005 ei
1030 963 1237 1005 eximium
1266 963 1407 1006 locum
1438 977 1524 1020 quo
1551 965 1810 1008 rusticorum

304 1036 476 1080 fortuna
519 1038 810 1094 praedicatum
855 1051 909 1082 ne
949 1038 1177 1082 Lucretius
1210 1040 1384 1096 quidem
1416 1041 1653 1098 quidquam
1686 1041 1815 1085 habet

306 1114 422 1170 quod
467 1114 531 1157 illi
572 1119 768 1171 praestat.
812 1115 867 1158 Et
898 1116 1012 1172 quod
1045 1117 1243 1160 nonnulli
1275 1118 1397 1160 aiunt
1432 1122 1595 1162 veteres
1626 1119 1814 1162 amoeni-

303 1194 431 1234 tatem
467 1195 634 1235 tantum
667 1196 846 1235 naturae
877 1206 1044 1236 amasse
1076 1197 1117 1236 et
1149 1194 1262 1250 agris
1295 1194 1516 1251 hortisque
1549 1194 1811 1251 bene-cultis

305 1267 534 1311 delectatos
577 1281 670 1312 esse
703 1270 839 1334 mjgis
873 1283 1001 1327 qu-am
1036 1270 1182 1313 densis
1214 1270 1421 1313 silvarum
1454 1271 1631 1328 umbris,
1663 1271 1810 1315 arduis

304 1344 536 1400 montibus,
569 1345 764 1388 obscuris
795 1345 989 1401 saltibus,
1017 1359 1277 1402 quamquam
1307 1347 1422 1389 haud
1449 1360 1626 1403 prorsus
1652 1347 1812 1391 iniuria

303 1421 355 1464 ab
396 1422 483 1465 illis
525 1423 810 1478 contenditur,
851 1426 994 1465 tamen
1027 1436 1112 1465 non
1146 1422 1198 1466 ab
1230 1425 1347 1466 omni
1379 1428 1498 1480 parte
1530 1437 1682 1467 verum
1716 1437 1810 1468 esse

302 1498 347 1541 hi
379 1498 552 1556 Virgilii
584 1513 735 1542 versus
768 1501 1012 1543 testimonio
1046 1512 1140 1543 esse
1173 1503 1355 1556 possunt
1385 1500 1455 1556 (II,
1487 1501 1573 1543 437
1608 1502 1739 1558 sqq.):

481 1609 537 1652 Et
568 1610 688 1652 iuvat
720 1610 953 1653 undantem
988 1610 1106 1652 buxo
1140 1614 1330 1666 spectare
1362 1609 1569 1665 Cytorum

483 1685 782 1743 Naryciaeque
812 1688 919 1743 picis
951 1687 1084 1742 lucos,
1116 1688 1237 1730 iuvat
1267 1701 1369 1730 arva
1396 1687 1541 1730 videre

479 1762 578 1806 Non
609 1764 772 1820 rastris,
805 1764 1028 1807 hominum
1061 1777 1147 1807 non
1182 1764 1259 1807 ulli
1292 1763 1481 1806 obnoxia
1519 1777 1656 1809 curae.

362 1879 572 1937 Denique,
605 1895 658 1925 ne
690 1883 847 1939 longus
879 1884 972 1939 sim,
1000 1884 1098 1939 quis
1125 1884 1209 1926 iam
1238 1884 1382 1926 credat
1398 1884 1610 1926 eiusmodi
1626 1887 1807 1940 poetam,

306 1972 440 2014 quum
468 1959 582 2001 ruris
608 1959 758 2002 laudes
786 1963 986 2015 cantaret,
1014 1960 1250 2016 quidquam
1270 1960 1322 2003 ab
1339 1959 1518 2003 Horatio
1535 1961 1808 2018 sumpsisse?
