2034 3334
1055 338 1110 379 56

333 465 769 511 demonstrandi
809 467 850 507 et
895 464 1136 508 docendi
1185 462 1326 507 verbis
1371 465 1472 507 utor
1517 466 1734 520 tamquam
1780 462 1834 507 de

328 556 375 587 re
420 547 546 598 certa,
592 555 680 584 non
727 541 779 584 de
825 541 918 584 eius
965 539 1283 596 suspicionibus
1327 540 1402 596 qui
1445 538 1496 583 ab
1529 540 1624 583 aliis
1656 539 1832 582 meliora

331 620 472 662 doceri
519 619 674 675 cupiat.
721 617 874 673 Neque
915 620 1058 661 tamen
1100 617 1368 673 suspiciones
1407 616 1507 660 illae
1547 629 1686 673 nuper
1726 616 1833 659 mihi

330 701 454 739 natae
499 699 624 749 sunt;
670 695 746 737 diu
787 694 1061 750 multumque
1098 707 1170 737 eas
1201 706 1370 736 mecum
1405 694 1628 750 pensitavi,
1659 693 1833 736 tandem

331 773 561 830 aliquando
602 776 699 829 post
738 773 986 828 saepissime
1027 772 1250 828 repetitam
1281 771 1449 814 Horatii
1479 771 1705 814 lectionem
1736 783 1834 827 pro-

330 851 440 895 ferre
469 851 515 892 in
547 849 736 892 medium
769 849 916 892 audeo.
945 848 1028 892 Sed
1054 849 1108 891 ad
1134 849 1398 905 propositum
1427 851 1492 891 est
1507 847 1832 893 transeundum.

390 927 447 982 Π,
491 928 527 969 1.
575 926 788 983 Scriptum
833 939 927 969 esse
968 927 1048 969 hoc
1090 939 1275 981 carmen,
1308 926 1345 969 si
1375 927 1460 968 iam
1494 929 1592 982 post
1620 925 1834 983 proelium

331 1004 572 1059 Actiacum,
604 1007 716 1046 certe
747 1003 863 1046 haud
894 1003 1031 1046 multo
1059 1007 1215 1059 postea,
1239 1004 1335 1046 iure
1360 1004 1444 1046 viri
1471 1003 1584 1046 docti
1608 1003 1690 1046 hoc
1714 1015 1835 1059 prae-

333 1081 477 1124 sertim
508 1080 802 1123 demonstrant
829 1083 1098 1136 argumento,
1117 1080 1235 1136 quod
1249 1080 1294 1122 in
1312 1092 1361 1123 eo
1379 1083 1530 1137 agatur
1552 1079 1606 1123 de
1625 1079 1836 1135 „fraterno

333 1158 544 1214 sanguine
589 1157 782 1199 nondum
830 1156 1043 1213 expiato”,
1090 1156 1271 1213 quibus·
1296 1156 1438 1200 verbis
1479 1155 1687 1200 Horatius
1727 1170 1835 1200 usus

333 1247 421 1277 non
453 1237 564 1277 esset
594 1234 632 1276 si
662 1234 749 1276 iam
780 1233 1046 1289 aliquamdiu
1077 1235 1194 1290 pacis
1223 1233 1501 1289 defensorem,
1529 1235 1687 1290 quietis
1714 1246 1836 1278 secu-

332 1311 558 1366 ritatisque
590 1313 772 1353 tutorem
800 1323 846 1352 se
867 1311 1148 1366 praestitisset
1175 1310 1412 1367 Augustus.
1430 1309 1718 1354 Referendum
1735 1323 1835 1367 ergo

334 1400 505 1430 carmen
536 1387 589 1429 ad
621 1400 784 1429 annum
818 1387 870 1429 31
905 1386 972 1430 vel
1006 1388 1074 1442 30,
1105 1388 1131 1429 i.
1149 1399 1183 1430 e.
1213 1387 1417 1443 pleraque
1449 1387 1531 1430 alia
1557 1390 1693 1431 aetate
1718 1388 1836 1431 haud

335 1477 485 1520 parum
518 1463 739 1506 antecedit.
772 1462 946 1506 Nemini
977 1476 1078 1520 ergo
1109 1463 1359 1507 incredibile
1392 1464 1526 1507 videri
1556 1467 1696 1520 potest
1719 1465 1767 1507 in
1785 1477 1834 1508 eo

335 1539 471 1583 multa
501 1539 759 1595 deprehendi
790 1540 948 1582 indicia
980 1553 1004 1583 e
1037 1540 1195 1596 quibus
1227 1544 1426 1597 appareat
1456 1542 1592 1597 prima
1612 1540 1703 1584 fere
1718 1554 1837 1584 nunc

334 1617 380 1658 in
428 1616 507 1658 hac
549 1618 638 1658 arte
678 1616 867 1672 pericula
907 1616 1059 1659 fecisse
1089 1620 1270 1673 poetam,
1300 1617 1522 1674 multaque
1553 1618 1593 1660 ei
1623 1617 1837 1662 excidisse

338 1705 448 1748 quae
483 1695 558 1735 aut
587 1705 740 1748 parum
773 1695 917 1735 essent
946 1696 1054 1748 apta,
1085 1696 1161 1736 aut
1192 1692 1387 1750 obscura,
1415 1697 1490 1736 aut
1517 1693 1657 1737 dubia.
1673 1693 1835 1738 Recen-

337 1782 507 1812 seamus
540 1769 722 1826 singula.

395 1846 636 1889 Pollionem
666 1849 828 1902 partem
863 1847 1077 1903 quandam
1103 1847 1303 1891 historiae
1328 1847 1546 1892 Romanae
1572 1849 1835 1905 scripturum

340 1924 402 1965 sic
434 1923 669 1978 alloquitur
698 1922 929 1966 Horatius:

633 2048 800 2092 Motum
832 2062 888 2092 ex
918 2048 1089 2093 Metello
1122 2050 1300 2093 consule
1333 2051 1518 2093 civicum

634 2125 832 2182 Bellique
863 2139 1014 2169 causas
1045 2130 1086 2170 et
1115 2128 1218 2170 vitia
1249 2131 1291 2170 et
1320 2127 1470 2171 modos

692 2202 950 2259 Ludumque
981 2203 1195 2247 Fortunae
1225 2206 1456 2261 gravisque

750 2278 1001 2335 Principum
1034 2281 1242 2323 amicitias
1273 2284 1315 2324 et
1347 2295 1464 2324 arma

632 2403 837 2447 Nondum
869 2406 1051 2461 expiatis
1082 2410 1212 2449 uncta
1243 2407 1482 2463 cruoribus,

633 2481 905 2525 Periculosae
935 2483 1113 2539 plenum
1145 2497 1252 2540 opus
1286 2485 1402 2528 aleae

691 2559 862 2602 Tractas
894 2563 934 2602 et
963 2561 1126 2603 incedis
1157 2574 1233 2617 per
1264 2563 1386 2618 ignes

751 2634 1001 2691 Suppositos
1033 2638 1164 2680 cineri
1197 2638 1357 2681 doloso.

398 2757 477 2800 Ex
507 2758 736 2802 Metello
769 2762 1016 2805 consule.
1046 2763 1293 2807 Admodum
1326 2764 1395 2806 hic
1425 2765 1470 2806 in
1503 2766 1690 2819 tempore
1721 2764 1832 2806 indi-

340 2834 473 2876 cando
519 2834 670 2878 infelix
716 2836 797 2879 fuit
836 2841 969 2893 poeta.
1011 2837 1178 2890 Quotus
1211 2841 1324 2883 enim
1359 2841 1542 2895 quisque
1574 2853 1630 2882 ex
1662 2839 1831 2883 Horatii

2024 2059 2034 2123 ἒ

2024 2211 2034 2227 ἵε

2024 2239 2034 2316 5

2028 2320 2034 2343 ³.

2027 2346 2034 2367 ιι

2024 2397 2034 2444 ἐ
