2034 3334
1030 355 1087 397 22

290 488 454 544 aliquot
498 483 710 538 indicabo,
756 483 1016 538 initiumque
1053 479 1116 523 ab
1160 492 1210 523 eo
1258 478 1409 521 faciam
1460 476 1577 533 quod
1623 476 1709 518 iam
1755 475 1802 517 in

293 565 432 621 priore
468 563 604 619 capite
635 561 785 604 leviter
816 560 941 616 attigi
973 561 1014 603 et
1043 559 1104 601 ita
1136 560 1186 600 ut
1217 557 1466 613 primariam
1497 553 1803 611 disputationis

291 643 455 698 partem
488 638 541 681 ad
574 638 693 680 hunc
724 636 824 680 libri
857 636 942 679 mei
973 635 1119 678 locum
1151 645 1430 677 reservarem.

352 714 594 758 Afferebam
626 715 740 757 enim
774 713 957 756 alterum
992 725 1018 754 a
1047 710 1329 754 Pallavicinio
1361 709 1591 751 inventum
1621 718 1804 749 carmen.

293 793 498 850 Spurium
546 795 688 835 autem
736 790 844 834 illud
891 802 986 833 esse
1033 801 1121 831 uno
1165 789 1420 844 argumento
1463 788 1550 828 tam
1583 786 1700 827 certo
1733 783 1805 827 de-

292 869 523 913 monstrari
564 871 704 925 potest
753 871 801 910 ut
847 866 968 909 nulla
1018 866 1204 921 supersit
1253 863 1475 907 dubitatio.
1519 861 1645 914 Quod
1678 860 1806 918 quale

295 947 351 990 sit
397 958 476 989 suo
522 945 616 988 loco
664 944 826 998 dicam3
861 942 936 986 sed
966 943 1156 999 graviter
1190 941 1295 983 mihi
1326 951 1467 983 errare
1498 938 1700 982 videntur
1730 937 1804 995 qui

296 1026 469 1081 propter
501 1035 654 1066 versus

580 1131 649 1174 En
681 1143 768 1187 quo
798 1129 992 1174 furentes
1026 1127 1319 1172 Eumenidum
1353 1127 1507 1170 choros

580 1207 759 1252 Disiecit
791 1207 903 1250 almo
935 1206 1121 1250 fulmine
1152 1204 1373 1261 Iuppiter!

297 1339 435 1380 totum
493 1348 667 1379 carmen
711 1334 893 1377 Horatio
956 1333 1184 1390 indignum
1233 1335 1446 1375 censeant
1497 1330 1613 1382 Quid
1659 1331 1809 1374 enim?

300 1412 494 1456 Orestem
529 1412 630 1454 olim
663 1410 1035 1468 persequebantur
1065 1409 1232 1464 Furiae,
1264 1410 1559 1464 miserumque
1591 1407 1808 1450 hominem

297 1502 513 1545 nusquam
546 1491 758 1531 terrarum
794 1488 988 1544 quietum
1022 1499 1116 1530 esse
1148 1485 1368 1528 sinebant:
1402 1485 1572 1528 tandem
1607 1482 1809 1527 Phoebus

304 1565 436 1620 adest,
483 1578 569 1621 quo
612 1565 705 1607 viso
749 1564 945 1607 crudeles
977 1564 1080 1607 deae
1111 1564 1310 1606 resistere
1341 1575 1429 1604 non
1463 1561 1623 1604 audent
1654 1560 1730 1604 sed
1761 1561 1807 1603 in

295 1642 440 1698 fugam
490 1654 536 1684 se
585 1642 832 1684 coniiciunt.
891 1640 1053 1684 Eodem
1102 1639 1229 1682 modo
1276 1642 1443 1695 poetam
1491 1638 1593 1690 novi
1638 1638 1810 1694 generis

296 1719 565 1762 inventorem
614 1718 688 1760 diu
736 1718 970 1760 adversarii
1016 1716 1211 1773 undique
1258 1715 1546 1771 lacessebant3
1595 1714 1660 1757 illi
1706 1727 1808 1757 suas

298 1794 381 1838 sibi
438 1794 651 1837 habebant
711 1793 824 1837 Deas
880 1792 1192 1850 implacabiles:
1251 1792 1479 1847 Invidiam,
1526 1791 1809 1846 Calumniam,

297 1869 590 1924 Derisionem3
635 1883 708 1914 eas
750 1883 868 1913 nunc
899 1883 998 1913 cum
1030 1869 1173 1913 Furiis
1203 1869 1412 1912 Horatius
1443 1872 1672 1926 comparat.
1699 1867 1809 1912 Tan-

298 1947 395 1990 dem
441 1946 673 2002 aliquando
720 1947 884 1989 auxilio
932 1949 1081 2002 poetae
1123 1947 1243 1988 venit
1273 1945 1386 1988 bona
1417 1945 1533 2002 apud
1563 1946 1723 2002 peritos
1756 1944 1809 1988 de

298 2026 388 2067 arte
434 2022 600 2080 poetica
646 2023 812 2066 iudices
858 2022 995 2076 fama3
1043 2022 1186 2066 favere
1218 2024 1258 2066 ei
1291 2023 1430 2079 coepit
1461 2035 1567 2065 aura
1599 2021 1811 2079 quaedam

297 2099 531 2155 popularis.
559 2098 658 2155 Ipse
684 2099 878 2157 Iuppiter
906 2102 1092 2142 mutatae
1120 2098 1317 2142 fortunae
1334 2100 1508 2156 signum
1526 2099 1654 2154 dedit,
1670 2097 1810 2142 nubes

298 2174 458 2232 quibus
504 2175 671 2219 coelum
706 2175 895 2220 obsitum
927 2179 1018 2219 erat
1050 2176 1265 2231 discussit,
1300 2177 1519 2233 simulque
1550 2189 1686 2220 novas
1710 2176 1809 2220 illas

299 2252 449 2295 Furias
497 2252 685 2309 fugavit:
732 2252 843 2295 laeta
889 2256 985 2296 tum
1034 2255 1182 2309 poetae
1229 2253 1307 2295 lux
1348 2253 1521 2296 affulsit.
1568 2252 1810 2308 „Contorta,

299 2328 450 2383 hercle,
498 2327 754 2385 explicatio'’
803 2329 917 2372 dicat
950 2329 1166 2385 quispiam
1203 2333 1271 2383 „et
1304 2343 1390 2386 qua
1422 2330 1712 2386 mythologiae
1743 2330 1811 2372 vis

298 2404 412 2446 fiat.”
458 2404 610 2461 Neque
657 2418 735 2461 ego
783 2417 905 2461 nego,
952 2405 1027 2448 sed
1071 2405 1151 2448 hoc
1197 2406 1306 2448 addo
1346 2407 1598 2463 saepissime
1638 2419 1665 2448 a
1705 2405 1811 2448 viris

301 2480 436 2524 doctis
484 2481 538 2523 ad
582 2483 750 2537 ineptos
798 2482 914 2525 locos
958 2482 1142 2525 tuendos
1191 2486 1232 2525 et
1273 2487 1498 2540 utcunque
1530 2482 1810 2526 illustrandos

301 2555 417 2598 haud
472 2558 616 2600 minus
672 2558 799 2614 longe
860 2559 1019 2602 arcessi
1066 2558 1344 2602 defensiones.
1392 2559 1444 2602 In
1483 2559 1665 2602 Horatio
1710 2572 1812 2602 vero

301 2631 480 2688 legendo
513 2634 587 2688 qui
621 2634 784 2677 nullam
817 2633 1016 2690 probabit
1049 2635 1380 2691 explicationem
1408 2636 1492 2678 nisi
1520 2648 1631 2692 quae
1658 2639 1811 2692 sponte

303 2721 350 2751 se
391 2708 549 2764 offerat,
582 2711 656 2765 qui
687 2712 733 2752 in
766 2711 1191 2767 interpretationibus
1225 2713 1425 2768 quamvis
1456 2711 1812 2768 improbabilibus

303 2786 573 2840 acquiescere
621 2786 750 2841 nolet,
795 2787 833 2829 is
878 2788 925 2829 in
970 2788 1119 2831 multis
1150 2788 1415 2831 carminibus
1448 2789 1509 2831 sic
1541 2788 1733 2832 haerebit
1763 2792 1812 2832 ut

303 2861 511 2904 extricare
544 2874 589 2905 se
621 2861 742 2904 nullo
778 2863 901 2905 modo
932 2865 1079 2920 possit.
1112 2862 1233 2907 Dabo
1265 2878 1403 2921 pauca
1434 2865 1644 2922 exempla.
