2034 3334
1047 342 1104 384 24

378 467 572 510 Natalem
622 480 722 523 ergo
771 466 880 509 diem
931 466 1083 511 Idibus
1126 467 1349 524 Aprilibus
1391 467 1543 524 agebat
1575 467 1823 523 Maecenas3

319 544 390 588 sed
435 543 744 587 Latinitati
783 545 849 587 vis
878 543 1074 587 facienda
1104 548 1169 588 est
1202 549 1251 588 ut
1282 558 1382 588 eum
1413 558 1589 589 sensum
1622 558 1646 589 e
1679 545 1820 590 verbis

319 634 384 664 ex
425 620 524 663 hac
565 620 690 662 luce
731 619 1050 664 affluentes
1083 621 1313 664 ordinat
1343 635 1520 665 annos
1552 625 1823 679 extorqueas.

378 696 597 740 Permulta
635 701 736 740 sunt
768 709 824 740 ex
855 697 935 740 hoc
966 711 1124 753 genere
1156 698 1259 741 vitia
1291 698 1406 758 apud
1437 698 1678 755 Horatium,
1714 713 1825 756 quae

319 774 502 830 diligens
533 773 665 817 lector
696 773 820 817 facile
852 775 943 830 ipse
974 774 1169 831 colligat3
1207 788 1343 818 unum
1369 776 1497 818 etiam
1524 776 1677 819 addam
1695 777 1826 833 quod,

319 851 417 894 licet
447 863 578 907 prave
609 863 658 893 eo
690 863 798 893 usus
829 852 895 905 sit,
922 854 1037 894 recte
1064 855 1204 894 tamen
1225 851 1470 895 observavit
1487 852 1821 910 Peerlkampius.

379 927 455 983 IV,
489 927 557 983 14,
590 927 644 969 10
679 940 771 983 sqq.

587 1035 758 1080 Drusus
791 1035 1034 1092 Genaunos,
1065 1038 1346 1094 implacidum
1376 1051 1531 1094 genus,

645 1112 931 1170 Breunosque
965 1115 1130 1158 veloces
1162 1118 1204 1158 et
1235 1128 1352 1159 arces

705 1189 890 1246 Alpibus
922 1191 1145 1246 impositas
1177 1191 1411 1235 tremendis

588 1264 753 1309 Deiecit
784 1279 882 1310 acer
911 1267 1012 1323 plus
1044 1268 1139 1310 vice
1171 1268 1367 1324 simplici.

380 1381 494 1434 Quid
525 1386 647 1440 poe'ta
679 1384 863 1427 voluerit
891 1385 1037 1441 aliquo
1055 1385 1180 1428 modo
1197 1385 1390 1429 divinare
1407 1399 1650 1442 possumus.
1667 1385 1823 1431 Dicen-

320 1459 423 1502 dum
469 1461 584 1503 enim
633 1460 712 1503 hoc
759 1464 870 1504 erat:
917 1461 1148 1504 Genaunos
1190 1475 1266 1518 pro
1311 1462 1490 1518 damnis,
1523 1476 1632 1519 quae
1663 1463 1824 1507 finibus

319 1534 524 1578 Romanis
572 1536 819 1592 intulerant,
867 1537 1332 1598 multipliPOS-AEoenas
1379 1539 1479 1597 dage
1524 1541 1673 1597 coegit.
1717 1539 1824 1593 Quis

319 1615 462 1654 tamen
495 1611 670 1668 obloqui
700 1613 854 1656 audeat
881 1600 1177 1670 Peerlkampio
1205 1616 1448 1658 annotanti:
1483 1615 1681 1671 „Drusus
1710 1618 1821 1661 deie-

319 1689 376 1731 cit
419 1688 650 1732 Genaunos
692 1702 747 1732 ex
780 1689 964 1746 Alpibus
996 1691 1094 1746 plus
1127 1692 1220 1734 vice
1251 1692 1456 1748 simplici3
1489 1706 1589 1750 ergo
1622 1693 1826 1738 Genauni
1859 1726 1861 1728 ·

318 1779 418 1809 eum
466 1769 590 1809 antea
632 1767 885 1822 deiecerant,
929 1771 977 1810 ut
1017 1781 1135 1825 nunc
1167 1770 1305 1812 vicem
1338 1770 1543 1813 redderet.
1577 1769 1702 1822 Quod
1734 1785 1820 1815 non

318 1854 467 1885 verum
501 1841 606 1885 est.'’

377 1918 447 1960 Ad
492 1918 609 1961 aliud
654 1931 792 1974 genus
836 1923 1014 1962 transeo.
1059 1919 1142 1971 Qui
1186 1921 1321 1964 multo
1363 1922 1507 1966 labore
1539 1936 1819 1968 numerorum

318 1994 591 2038 difficultates
624 2008 824 2051 superare
856 1996 1011 2051 studet,
1042 1997 1087 2039 in
1120 2010 1258 2053 eoque
1291 2001 1460 2054 negotio
1492 2003 1609 2043 totus
1641 2004 1717 2056 est,
1734 2014 1820 2045 non

318 2074 457 2126 potest
503 2072 608 2127 quin
654 2071 871 2114 interdum
919 2074 989 2115 sui
1035 2074 1126 2129 ipse
1169 2076 1412 2130 argumenti
1454 2075 1529 2119 fiat
1571 2077 1819 2122 immemor:

320 2147 455 2190 multa
510 2148 549 2190 ei
590 2151 694 2190 tunc
741 2149 1003 2204 imprudenti
1051 2150 1259 2193 excidunt
1310 2152 1526 2208 vocabula,
1574 2156 1822 2211 sententiae,

318 2225 554 2268 locutiones
587 2238 698 2282 quae
728 2230 924 2269 accurate
955 2227 1113 2283 legenti
1144 2229 1277 2271 risum
1314 2234 1534 2273 moveant:

318 2334 351 2388 1,
384 2336 451 2377 32.
557 2335 794 2396 Poscimur.
827 2335 874 2379 Si
906 2337 1010 2392 quid
1040 2339 1166 2381 vacui
1197 2338 1278 2381 sub
1311 2339 1463 2383 umbra

555 2411 758 2455 Lusimus
790 2416 946 2468 tecum,
979 2414 1095 2469 quod
1128 2418 1170 2457 et
1200 2416 1316 2458 hunc
1347 2418 1394 2459 in
1426 2431 1588 2461 annum

543 2487 686 2530 'Vivat
717 2492 759 2531 et
790 2488 949 2544 plures,
980 2502 1058 2546 age
1089 2490 1156 2533 dic
1189 2491 1403 2548 Latinum,

733 2563 918 2619 Barbite‚
950 2578 1120 2609 carmen

556 2638 707 2682 Lesbio
740 2642 926 2696 primum
959 2643 1178 2687 modulate
1215 2646 1310 2688 civi.

378 2751 657 2808 Lepidissime
700 2756 862 2812 aliquid
904 2761 1161 2815 excogitavit
1202 2761 1524 2820 Peerlkampius
1557 2778 1610 2808 ne
1643 2779 1818 2822 prorsus

319 2840 449 2871 sensu
483 2830 592 2872 cassi
625 2830 667 2872 hi
699 2845 848 2876 versus
876 2839 1027 2878 essent.
1057 2836 1244 2881 Coniecit
1261 2840 1375 2882 enim
1391 2839 1619 2884 Horatium
1639 2855 1809 2886 carmen
