2034 3334
936 357 1015 396 131

194 489 293 520 cum
338 480 639 521 Westerhovio
684 481 913 531 legendum
960 482 1270 522 communis
1311 492 1386 531 pro
1428 482 1752 521 commissa:

193 567 278 596 non
305 557 420 596 6111111
447 558 646 597 credibile
673 559 740 597 est
757 559 1059 598 commissa
1084 558 1154 597 hic
1180 558 1336 597 habere
1357 562 1425 596 τοῦ
1445 557 1755 597 communis

193 632 564 683 significationem,
599 645 682 682 qua
713 635 859 683 utique
892 645 998 683 opus
1030 636 1108 674 est.

253 709 322 747 94.
354 708 424 747 Ut
455 709 533 747 nil
567 712 750 758 supra]
789 710 986 759 „Ellipsis
1018 710 1297 758 Terentiana;
1331 720 1433 749 nam
1464 720 1550 749 non
1580 720 1757 749 necesse

193 784 261 822 est
301 784 557 833 subiungere
584 785 689 824 duos
720 786 915 824 versus.”
948 785 1282 825 Efficiendumne
1314 786 1413 824 hinc
1444 796 1595 825 revera
1625 786 1758 824 fuisse

194 859 392 899 homines
428 861 532 900 adeo
564 861 770 911 stupidos,
805 862 877 910 qui
908 862 1108 901 lacunam
1139 862 1209 900 hic
1241 863 1484 911 statuerint,
1519 872 1648 910 quam
1681 871 1758 900 suo

194 935 329 974 Marte
371 937 670 985 expleverint?
712 937 823 976 Nam
865 938 976 986 quod
1016 938 1344 977 Westerhovius
1385 938 1582 987 proponit
1623 938 1758 976 duas

193 1021 360 1050 voces
403 1012 536 1058 (velut
577 1013 688 1051 dici
730 1014 909 1061 queat)
952 1013 1133 1052 minime
1174 1014 1326 1062 placet.
1372 1014 1415 1052 Si
1447 1014 1564 1052 enim
1595 1013 1758 1062 ellipsis

194 1087 272 1136 est,
306 1088 548 1127 necessario
581 1089 792 1136 quaedam
823 1089 1031 1128 vocabula
1062 1090 1164 1128 sunt
1194 1089 1501 1138 Subiungenda.

258 1163 353 1202 121.
386 1163 456 1202 Ut
487 1164 579 1212 qui
610 1174 667 1211 se
699 1165 879 1213 neget]
917 1165 1146 1214 „Probavit
1177 1166 1287 1213 quod
1315 1175 1401 1204 non
1427 1165 1599 1204 volebat
1625 1174 1760 1203 senex

195 1238 364 1278 Sosiae:
409 1240 545 1279 adhuc
588 1241 784 1289 superest
824 1242 873 1279 ut
904 1242 1103 1280 ostendat
1134 1242 1245 1289 quod
1276 1251 1362 1280 non
1393 1241 1450 1280 sit
1487 1241 1760 1280 irascendum

195 1315 298 1363 quin
337 1315 451 1355 iuste
492 1315 745 1355 irascatur.’'
787 1316 963 1355 Minime
1005 1317 1218 1356 assentior
1258 1317 1559 1356 Westerhovio
1590 1317 1760 1356 variam

195 1390 424 1430 lectionem
471 1391 778 1430 iracundus
824 1393 916 1440 qui
963 1395 1051 1441 (pro
1093 1393 1451 1432 irascendum
1493 1393 1636 1441 quin)
1669 1403 1759 1441 pro-

182 1467 337 1508 banti:
370 1468 477 1507 haec
508 1468 624 1507 enim
657 1468 968 1508 demonstratio
995 1480 1021 1508 a
1047 1470 1164 1508 senis
1191 1470 1367 1508 consilio
1394 1469 1520 1518 plane
1547 1469 1759 1518 abhorret,

195 1542 413 1592 totiusque
454 1544 605 1583 scholii
646 1545 752 1583 haec
794 1546 860 1583 est
901 1546 1139 1584 sententia:
1187 1546 1395 1595 „alteram
1426 1546 1596 1594 partem
1627 1554 1762 1583 senex

197 1619 382 1659 absolvit
408 1620 680 1670 perfecitque,
709 1631 822 1659 nunc
848 1621 901 1659 ad
928 1621 1110 1660 alteram
1134 1621 1334 1660 transit.''
1355 1621 1436 1660 Sed
1453 1620 1593 1669 prima
1609 1619 1761 1659 scholii

195 1697 327 1736 verba
359 1698 557 1746 corrupta
588 1698 703 1746 puto,
737 1707 896 1746 proque
927 1697 1191 1746 probavit
1223 1697 1362 1745 quod
1393 1707 1499 1735 non
1530 1696 1762 1735 volebat

195 1772 424 1821 legendum
465 1772 725 1811 narravit
766 1773 906 1820 quod
947 1773 1188 1812 volebat.
1232 1773 1299 1812 Ita
1341 1773 1457 1811 enim
1494 1772 1605 1810 hanc
1636 1771 1759 1810 habe-

195 1847 339 1886 bimus
371 1848 717 1887 annotationem:
746 1859 796 1887 ea
820 1859 921 1897 pars
950 1849 1159 1898 colloquii,
1190 1849 1233 1887 in
1260 1859 1343 1897 qua
1369 1859 1438 1887 res
1465 1849 1613 1897 gestae
1640 1848 1763 1886 erant

196 1924 446 1973 narrandae,
476 1922 607 1962 finem
634 1924 722 1963 iam
748 1924 900 1972 habet;
929 1925 1126 1973 superest
1151 1925 1200 1963 ut
1216 1935 1351 1963 senex
1369 1924 1515 1963 Sosiae
1533 1922 1761 1962 consilium

196 2010 325 2038 suum
366 1999 527 2049 probet,
572 1999 693 2048 eique
735 2000 991 2048 persuadeat
1032 2001 1262 2049 prudenter
1303 2011 1350 2039 se
1382 2010 1508 2049 agere
1540 1999 1612 2047 qui
1644 1998 1763 2047 prius

197 2076 325 2115 irasci
356 2075 464 2115 nolit
495 2086 625 2124 quam
657 2076 819 2115 iustam
851 2076 1062 2115 irascendi
1094 2087 1271 2115 causam
1301 2078 1456 2116 nactus
1487 2076 1557 2114 sit.

260 2152 356 2190 127.
398 2151 659 2190 Relictus
702 2152 789 2190 est
830 2151 1167 2200 obiurgandi
1209 2152 1382 2198 locus]
1426 2152 1555 2201 „Mire
1587 2151 1761 2190 obiur-

197 2227 382 2276 gandi:
405 2228 642 2275 tamquam
668 2227 870 2266 incensus
895 2228 1017 2276 pater
1044 2227 1087 2266 in
1113 2226 1251 2266 filium
1277 2228 1536 2266 videretur.''
1556 2226 1763 2275 corrupta

197 2302 303 2341 haec
348 2303 450 2341 sunt
496 2303 623 2351 atque
670 2303 731 2341 ita
778 2303 1044 2341 emendanda
1084 2304 1133 2342 ut
1173 2304 1287 2342 recte
1330 2304 1512 2352 apteque
1552 2303 1763 2341 addantur

197 2378 350 2416 verba:
398 2378 534 2427 „Nam
576 2388 706 2427 supra
737 2379 981 2417 commotus
1011 2378 1108 2426 plus
1139 2388 1214 2427 per
1246 2376 1520 2428 ἀποσιώπησιν
1552 2376 1760 2426 significa-

199 2454 362 2503 verat,”
406 2453 558 2501 quibus
599 2453 746 2492 Sosiae
787 2453 918 2492 verba
960 2454 1097 2499 (122):
1141 2454 1255 2493 Non
1296 2455 1354 2493 tu
1385 2454 1464 2492 ibi
1501 2453 1762 2502 gnatum?

198 2528 506 2577 respiciuntur;
540 2529 826 2577 quoniamque
858 2529 932 2567 illa
963 2526 1233 2579 ἀποσιώπησις
1267 2530 1380 2569 haud
1405 2540 1586 2579 parvam
1612 2529 1763 2568 habuit

199 2605 492 2654 acerbitatem,
536 2605 616 2644 hoc
656 2605 744 2644 fere
785 2605 936 2644 scholii
979 2615 1074 2644 esse
1117 2606 1241 2645 debet
1282 2606 1477 2645 initium:
1525 2605 1655 2655 „Mire
1686 2605 1761 2644 ob-

199 2679 284 2718 iur
295 2690 323 2728 g
334 2690 359 2719 a
370 2691 398 2718 n
410 2680 483 2718 di:
512 2681 736 2728 tamquam
754 2681 842 2719 iarn
858 2681 1084 2730 mitigatus
1101 2682 1144 2720 in
1161 2682 1330 2731 patroni
1345 2681 1483 2720 filium
1500 2680 1759 2720 videretur.'’

199 2755 310 2794 Nam
336 2755 439 2794 olim
465 2765 566 2804 prae
592 2756 882 2804 indignatione
911 2757 1055 2795 Sosias
1083 2757 1182 2805 quid
1209 2758 1368 2796 diceret
1388 2767 1474 2796 non
1490 2756 1760 2803 inveniebat;

199 2840 313 2869 nunc
339 2841 425 2870 non
450 2830 592 2869 solum
618 2829 783 2879 perficit
809 2831 1201 2882 interrogationem,
1231 2833 1306 2871 sed
1333 2833 1466 2872 etiam
1493 2833 1537 2871 in
1559 2842 1610 2870 ea
1625 2831 1762 2870 utitur

201 2904 452 2954 obiurgandi
482 2906 612 2945 verbo
639 2906 747 2944 satis
779 2906 878 2945 leni.
