2034 3334
1095 341 1152 381 44

362 469 475 511 lum
521 483 546 510 a
578 480 768 524 paupere
800 467 962 510 donum
996 478 1171 523 poscere
1203 465 1305 508 deos
1337 465 1551 522 significat
1582 469 1716 523 poeta.
1744 465 1881 521 (Quae

361 546 476 589 enim
509 545 592 587 alia
623 545 688 587 vis
720 557 814 587 esse
846 547 985 600 potest
1015 541 1216 586 adiectivi
1248 543 1558 585 immunis?
1606 542 1879 599 Quamquam

363 623 463 679 quis
509 635 627 664 aram
677 622 815 678 tangit
861 621 937 677 qui
981 620 1041 663 nil
1075 620 1153 662 deo
1186 619 1308 662 offert
1321 619 1356 674 P)
1389 618 1499 662 Dein
1530 619 1682 664 farre
1713 621 1806 677 pio
1837 623 1882 663 et

362 699 610 742 saliente
658 699 801 740 mica
848 711 957 754 opus
993 710 1088 740 esse
1137 697 1335 740 declarat.
1378 696 1470 739 Iam
1515 710 1601 753 quo
1645 710 1692 740 se
1724 697 1881 740 misera

362 778 582 818 convertat
629 775 845 830 Phidyle?
887 774 999 829 Alio,
1041 777 1091 816 ut
1121 775 1285 829 opinor,
1318 787 1426 830 opus
1458 778 1523 816 est
1553 773 1751 817 indoctae
1782 787 1880 816 mu-

360 852 564 895 lierculae
612 853 814 909 magistro
862 866 887 894 a
929 865 1016 908 quo
1060 851 1119 894 dii
1167 851 1432 894 immortales
1477 865 1563 907 qua
1592 852 1760 894 ratione
1789 851 1881 908 pla-

362 929 489 972 candi
521 930 608 972 sint
640 929 790 972 discat.

423 1007 665 1050 Pulchrum
717 1010 780 1050 est
829 1019 1000 1049 carmen
1033 1005 1110 1060 IV,
1153 1007 1178 1047 2
1222 1008 1545 1061 venustumque
1575 1008 1619 1048 et
1651 1005 1880 1062 elegantis-

363 1085 496 1127 simae
544 1084 838 1136 verecundiae.
884 1083 1076 1142 Rogatus
1119 1086 1167 1125 ut
1214 1083 1405 1139 Augusti
1454 1082 1640 1125 reditum
1690 1083 1880 1126 carmine

363 1161 499 1215 lyrico
547 1161 748 1216 celebret,
790 1160 1020 1217 respondet
1065 1159 1272 1202 Horatius
1321 1159 1535 1202 eiusmodi
1587 1172 1697 1216 opus
1743 1159 1880 1202 multo

364 1251 458 1282 esse
497 1239 673 1294 gravius
714 1251 843 1294 quam
877 1251 952 1294 pro
987 1239 1078 1280 suis
1110 1237 1289 1292 viribus,
1320 1237 1452 1292 idque
1485 1249 1740 1294 responsum
1775 1237 1880 1294 lepi-

365 1314 542 1358 dissime
590 1318 782 1358 exornat.
830 1314 1007 1357 Pindari
1055 1315 1169 1356 enim
1219 1315 1400 1356 virtutes
1443 1314 1572 1370 longa
1604 1313 1877 1370 stropharum

365 1393 475 1435 serie
507 1395 732 1434 enumerat
763 1391 1020 1448 egregieque
1052 1391 1148 1434 illas
1182 1390 1351 1433 extollit
1382 1394 1424 1433 et
1453 1391 1514 1433 ita
1543 1394 1592 1433 ut
1624 1390 1752 1446 plane
1784 1403 1880 1433 sen-

363 1469 444 1511 tias
493 1468 744 1512 Thebanum
795 1472 978 1524 poetam,
1021 1468 1259 1522 lyricorum
1302 1468 1551 1523 prinoipem,
1598 1466 1652 1510 ab
1699 1465 1880 1510 Horatio

362 1545 612 1602 frequenter
655 1546 814 1588 lectum
858 1546 1105 1602 optimeque
1146 1545 1413 1588 intellectum
1448 1557 1553 1588 esse.
1590 1543 1749 1599 „Hunc
1782 1544 1882 1601 quis

365 1621 666 1665 aemuletur?”
716 1623 786 1664 ait.
836 1621 960 1676 „Non
1004 1635 1096 1678 ego,
1140 1623 1216 1678 qui
1248 1635 1346 1664 cum
1382 1634 1539 1678 magno
1571 1621 1717 1665 labore
1748 1635 1883 1678 parva

367 1698 627 1742 Graecorum
661 1702 860 1755 poemata
890 1700 934 1741 in
971 1702 1167 1742 nostrum
1196 1702 1359 1742 vertam
1388 1711 1642 1742 sermonem.
1667 1697 1762 1741 Tibi
1779 1711 1881 1742 vero

365 1775 461 1819 Iule
502 1776 667 1819 Antoni
686 1775 716 1830 1)
760 1776 936 1832 aliquid
971 1776 1219 1819 audendum
1264 1779 1349 1819 est:
1385 1776 1603 1832 egregium
1638 1778 1681 1819 te
1710 1778 1879 1832 poetam

366 1854 452 1896 iam
484 1865 610 1909 saepe
641 1853 903 1909 praestitisti,
935 1856 1059 1895 tuum
1092 1856 1156 1895 est
1188 1852 1425 1895 Pindarum
1455 1865 1542 1895 non
1570 1851 1778 1896 aemulari
1806 1851 1882 1895 sed

365 1931 534 1974 imitari.
581 1929 858 1987 Magnificum
908 1942 1008 1986 ergo
1058 1933 1106 1972 tu
1152 1942 1322 1972 carmen
1367 1942 1598 1986 compones
1641 1929 1772 1986 quod,
1804 1928 1881 1972 ubi

367 2020 445 2064 ego
508 2007 708 2062 didicero,
763 2020 841 2064 pro
893 2005 1059 2050 viribus
1101 2007 1209 2050 meis
1260 2009 1406 2049 tecum
1451 2009 1623 2050 cantare
1669 2005 1879 2049 conabor:

366 2087 416 2127 tu
463 2084 608 2127 divitis
654 2084 841 2127 hominis
884 2084 1021 2126 instar
1063 2096 1121 2139 es,
1165 2084 1237 2126 cui
1282 2083 1426 2126 decem
1469 2083 1583 2126 tauri
1613 2082 1881 2139 totidemque

367 2174 522 2204 vaccae
553 2162 640 2204 sint
669 2161 968 2216 immolandae,
1000 2173 1068 2204 me
1093 2160 1230 2204 solvet
1261 2160 1466 2204 vitulus.”
1496 2160 1721 2204 Hactenus
1737 2161 1883 2204 omnia

367 2237 493 2294 plena
539 2241 643 2280 sunt
685 2238 946 2280 venustatis:
981 2237 1298 2294 elegantissimo
1331 2237 1518 2294 quodam
1551 2236 1742 2293 artificio,
1773 2236 1880 2280 dum

368 2313 609 2356 Antonium
654 2317 702 2356 ut
747 2313 896 2356 laudes
944 2314 1135 2370 Augusti
1177 2314 1360 2357 celebret
1402 2315 1608 2369 hortatur,
1649 2315 1742 2371 ipse
1775 2326 1882 2370 quo·

369 2390 595 2433 dammodo
642 2391 687 2433 id
717 2390 820 2433 facit
853 2391 968 2447 quod
1002 2403 1048 2433 se
1078 2390 1218 2434 facere
1252 2404 1336 2433 non
1371 2404 1497 2447 posse
1529 2390 1669 2447 lepide
1702 2389 1880 2433 simula-

368 2468 440 2509 vit.
490 2466 584 2517 Quo
633 2469 769 2524 magis
811 2467 1044 2511 dolendum
1095 2469 1212 2524 quod
1256 2469 1346 2511 sola
1388 2469 1526 2524 vituli,
1569 2481 1654 2524 quo
1686 2470 1881 2523 venuste,

368 2547 587 2600 tamquam
628 2545 817 2601 imagine
856 2558 964 2588 usus
998 2549 1074 2600 est,
1107 2546 1325 2588 mentione
1358 2548 1588 2588 contentus
1620 2557 1708 2587 non
1737 2543 1881 2601 fuerit,

414 2734 451 2778 1)
482 2734 622 2768 Bonum
656 2735 785 2768 factum
819 2736 911 2778 quod
946 2736 1079 2770 misella
1111 2737 1341 2781 Peerlkampii
1365 2737 1561 2771 coniectura
1588 2736 1673 2770 Ille
1697 2747 1759 2779 pro
1783 2737 1882 2770 Iule

367 2807 483 2830 carere
515 2797 584 2829 iam
617 2806 812 2839 possumus,
836 2798 1015 2841 gratiaque
1039 2798 1254 2832 Mommseno
1277 2800 1338 2842 qui
1361 2810 1403 2832 ex
1427 2798 1710 2840 inscriptionibus
1733 2798 1883 2832 effecerit

368 2857 514 2891 iunioris
538 2856 680 2890 Antonii
705 2868 827 2890 verum
853 2868 1063 2901 praenomen
1088 2869 1161 2893 esse
1184 2860 1335 2893 Iullus
1360 2859 1575 2901 δισυλλάβως.
