2034 3334
999 362 1080 399 199

373 488 537 527 Verum
569 489 611 526 te
642 487 723 526 hoc
754 494 909 525 moneo
941 495 1098 524 unum:
1131 483 1271 533 qualis
1302 484 1387 523 sim
1419 484 1586 523 amicus
1620 486 1695 523 aut

1408 560 1524 608 [quid
1554 561 1756 611 possiem,

373 639 523 678 Potius
555 649 686 688 quam
718 638 920 677 inimicus
951 636 1190 686 periculum
1220 636 1368 676 facias.

255 715 449 765 Qualis
495 715 600 753 sim
649 714 863 753 amicus
910 713 1005 752 aut
1052 712 1185 760 quid
1230 712 1466 761 possim]
1519 713 1589 761 „in
1634 712 1822 752 secunda

253 791 446 830 oratione
479 791 652 829 Sallust.
687 790 739 828 ad
771 788 1048 838 Iugurtham:
1086 798 1213 837 „nam
1244 788 1336 826 vim
1368 788 1508 836 magis
1540 799 1671 836 quam
1697 788 1818 827 bene-

253 866 490 906 volentiam
526 866 711 915 experiri
742 865 962 904 mallem.''
996 864 1182 912 Legatur
1213 874 1315 903 neu
1345 874 1419 912 pro
1451 874 1586 903 nam.

311 991 360 1040 V,
396 991 434 1040 3,
471 991 508 1030 1.
603 989 763 1038 Edepol
796 999 849 1027 ne
881 998 1027 1027 meam
1059 988 1189 1026 herus
1220 997 1316 1026 esse
1347 998 1523 1037 operam
1554 988 1731 1037 deputat

1469 1064 1605 1112 [parvi
1635 1063 1758 1112 preti.

254 1143 374 1182 Sch.:
413 1143 620 1192 „deputat
650 1141 773 1190 parvi
805 1151 902 1179 eam
934 1140 1006 1188 qui
1033 1140 1212 1188 deputat
1238 1150 1335 1178 eam
1367 1140 1412 1178 in
1437 1150 1482 1178 re
1508 1139 1668 1178 nullius
1694 1139 1820 1188 pretii

254 1218 636 1258 consumendam.'’
695 1217 756 1256 Ne
808 1216 953 1255 nullus
1000 1216 1104 1255 insit
1150 1226 1305 1254 sensus
1351 1215 1512 1254 scholio
1558 1226 1634 1264 pro
1680 1215 1819 1264 priore

255 1305 373 1334 eam
404 1294 498 1343 lege
530 1303 765 1342 operam.

317 1371 382 1409 12.
439 1369 556 1419 „Tua
602 1368 714 1416 quod
762 1368 868 1406 nihil
915 1367 1058 1417 refert,
1105 1367 1346 1416 percontari
1391 1367 1591 1406 desinas”
1638 1367 1819 1406 Bacchis

254 1447 421 1486 curioso
469 1445 701 1494 respondet
748 1454 885 1483 servo.
929 1443 1203 1482 Annotantur
1245 1443 1288 1482 et
1333 1442 1418 1481 alia
1458 1443 1501 1481 et
1542 1443 1670 1481 haec:
1708 1452 1818 1492 „me—

253 1524 401 1562 mento
449 1522 561 1560 hanc
607 1530 716 1569 esse,
762 1519 829 1558 cui
871 1519 914 1557 in
955 1518 1160 1567 principio
1192 1518 1299 1556 nihil
1331 1518 1534 1557 celaverit
1564 1518 1819 1557 Parmeno.'’

253 1598 413 1646 Utique
459 1607 559 1636 cum
600 1596 831 1644 Wielingio
861 1595 976 1643 lege:
1014 1625 1031 1644 „
1052 1604 1232 1642 ...quae
1264 1594 1308 1633 in
1339 1594 1544 1643 principio
1575 1594 1682 1633 nihil
1714 1594 1820 1634 cela-

254 1674 366 1713 verit
422 1672 782 1712 Parmenonem.’'
829 1671 940 1709 Nam
987 1671 1081 1709 ideo
1127 1670 1351 1708 Bacchidis
1398 1670 1605 1726 adversus
1651 1670 1819 1709 Parme-

255 1759 413 1788 nonem
455 1751 679 1790 reticentia
721 1760 834 1789 nunc
876 1749 1005 1787 habet
1047 1748 1158 1796 quod
1189 1748 1478 1796 spectatorem
1509 1747 1692 1787 delectet
1722 1747 1822 1795 quia

257 1824 360 1864 olim
392 1826 530 1865 eidem
565 1826 711 1865 omnia
742 1836 850 1874 quae
881 1825 1051 1873 rogaret
1082 1823 1333 1862 narraverit.

738 2079 821 2119 AD
868 2078 1334 2118 PHORMIONEM.

929 2205 1161 2235 PROLOGUS.

318 2307 344 2346 4
372 2317 462 2355 sqq.
557 2307 636 2355 Qui
667 2306 728 2345 ita
759 2305 940 2355 dictitat,
974 2315 1081 2352 quas
1112 2304 1295 2343 antehac
1325 2303 1427 2342 fecit
1457 2302 1624 2342 fabulas

556 2381 690 2420 Tenui
722 2390 818 2419 esse
850 2380 1041 2419 oratione
1073 2382 1116 2418 et
1147 2379 1359 2428 scriptura
1389 2378 1486 2427 levi,

556 2456 663 2505 Quia
693 2466 909 2504 nusquam
940 2456 1144 2494 insanum
1176 2454 1348 2503 scripsit
1379 2453 1746 2492 adolescentulum

557 2531 739 2571 Cervam
770 2532 915 2570 videre
946 2531 1104 2580 fugere,
1139 2530 1295 2569 sectari
1322 2539 1462 2579 canes,

555 2608 608 2646 Et
640 2617 737 2646 eam
767 2607 946 2656 plorare,
980 2617 1112 2655 orare,
1147 2607 1196 2644 ut
1226 2605 1453 2644 subveniat
1489 2605 1582 2643 sibi.

260 2684 526 2722 Annotatur:
574 2682 692 2732 „ideo
733 2683 931 2721 videmur
970 2682 1089 2721 leves
1130 2683 1377 2730 tenuesque,
1422 2680 1571 2729 inquit,
1605 2680 1706 2727 quia
1736 2689 1820 2718 non

261 2759 305 2798 in
347 2759 567 2798 comoedia
607 2759 798 2807 prodigia
838 2759 953 2798 facta
984 2759 1086 2797 sunt
1117 2759 1160 2796 et
1191 2757 1433 2806 tragoedias
1465 2755 1820 2795 concitavimus.”

261 2834 478 2882 Eiicienda
510 2834 658 2883 opinor
688 2835 708 2873 f
716 2836 842 2873 acta
872 2835 1015 2873 sunt.

325 2911 390 2949 13.
424 2910 787 2949 Lacessisset
817 2910 992 2958 prior]
1032 2910 1132 2959 „aut
1164 2908 1507 2948 lacessisset
1533 2907 1722 2946 abundat
1748 2908 1822 2946 aut
