2034 3334
862 353 947 395 159

153 481 258 524 insit
305 479 465 522 dubito.
513 478 620 530 Quis
666 479 780 521 enim
820 491 950 522 verus
990 480 1163 533 amator,
1207 477 1280 520 ubi
1313 478 1398 520 iam
1429 490 1505 534 pro
1537 479 1650 520 certo

155 559 320 600 constat
367 555 553 612 puellam
597 555 864 597 assiduas
894 555 1047 610 potiori
1081 554 1180 597 dare
1211 557 1370 608 noctes,
1403 554 1529 596 etiam
1561 566 1654 609 pre-

156 633 278 675 cibus
309 635 350 675 et
381 633 660 687 querimoniis
695 631 931 687 quidquam
959 644 1005 674 se
1032 631 1281 673 effecturum
1310 633 1461 686 sperat.
1479 630 1655 672 Aemuli

155 712 297 751 autem
330 707 514 762 divitiae,
539 707 688 762 forma,
714 707 877 763 lepores
906 707 1132 749 metuenda
1160 710 1273 761 sunt,
1289 708 1334 748 in
1350 707 1443 749 eius
1462 707 1655 748 doctrina

155 787 197 827 et
227 797 406 826 arcanae
437 783 730 839 philosophiae
762 784 939 825 scientia
967 783 1147 838 periculi
1177 786 1241 825 est
1271 783 1390 824 nihil.

216 859 300 911 Qui
331 862 376 902 in
409 873 552 903 amore
583 863 669 902 tam
703 861 758 902 sit
790 860 954 915 infelix,
986 873 1083 902 eum
1119 860 1320 903 credibile
1351 863 1414 902 est
1443 859 1552 902 ferre
1578 859 1654 900 vix

154 949 278 992 posse
309 936 413 978 alios
439 930 468 978 ‘a
498 936 651 992 puellis
679 937 770 978 suis
797 937 950 990 amari,
982 936 1166 978 aliorum
1183 937 1296 978 enim
1314 936 1494 978 felicitas
1511 936 1653 991 ipsum

156 1013 300 1055 miseri
347 1013 415 1054 sui
460 1012 646 1068 durique
691 1012 767 1054 fati
814 1012 1023 1054 admonet.
1071 1012 1185 1068 Ergo
1234 1013 1401 1067 quoties
1449 1025 1474 1053 a
1518 1010 1656 1066 Lydia

155 1087 386 1144 Telephum
436 1088 600 1130 laudari
644 1088 763 1130 audit
796 1088 1069 1131 acerbissimo
1103 1088 1287 1130 afficitur
1317 1088 1471 1130 dolore.
1505 1087 1562 1129 Et
1592 1090 1657 1130 est

51 1152 137 1203 7²³⁸
155 1163 228 1206 ille
254 1163 400 1206 rivalis
427 1167 794 1219 puerpmtenus,
821 1165 1202 1219 amnas-Raalum,
1217 1163 1346 1225 feru—s,
1361 1164 1452 1219 ipse
1479 1163 1656 1206 lentis
1685 1139 1870 1228 jutum&

157 1243 397 1283 maceratur
427 1239 612 1296 ignibus.
645 1240 810 1309 (ΞΣ-ἐξ,
821 1241 873 1299 8).

148 1353 150 1355 ,
217 1315 369 1372 Neque
415 1319 558 1358 tamen
602 1329 768 1371 semper
808 1315 1068 1358 felicioribus
1110 1316 1285 1371 invidet,
1328 1328 1453 1372 saepe
1483 1315 1655 1358 illorum

159 1392 235 1446 qui
266 1391 347 1434 sibi
377 1392 706 1434 fortunatissimi
736 1392 938 1434 videntur
969 1405 1068 1434 eum
1095 1393 1291 1445 miseret3
1320 1396 1523 1448 expertus
1541 1393 1655 1434 enim

157 1469 278 1511 novit
310 1482 439 1524 quam
472 1469 581 1510 dura
612 1481 684 1511 eos
715 1472 882 1510 maneat
910 1481 1012 1511 sors.
1039 1468 1154 1510 Hinc
1177 1469 1441 1524 lepidissimo
1470 1470 1658 1511 carmine

158 1545 366 1599 Pyrrham
397 1547 459 1588 sic
486 1545 718 1600 alloquitur
745 1545 792 1600 (I,
813 1546 875 1598 5):
910 1545 1011 1587 olim
1043 1558 1120 1600 ego
1138 1549 1179 1587 te
1195 1545 1451 1600 deperibam,
1467 1545 1654 1599 Pyrrha:

159 1634 287 1677 quem
319 1622 523 1664 miserum
552 1634 670 1663 nunc
701 1621 778 1663 tibi
810 1622 1075 1664 devinxisti?
1108 1621 1236 1664 Nunc
1267 1621 1338 1664 ille
1370 1622 1562 1677 laetatur,
1580 1623 1653 1664 sed

159 1711 286 1753 quam
329 1710 431 1739 mox
475 1697 778 1739 lamentabitur
807 1697 1132 1754 lacrimabitque
1162 1697 1339 1754 perfidia
1370 1702 1445 1740 tua
1477 1700 1657 1755 cognita.

159 1773 345 1815 Omnino
379 1786 527 1816 omnes
558 1774 703 1816 miseri
735 1777 836 1816 sunt
873 1774 1032 1829 quibus
1157 1780 1159 1782 ’

484 1881 697 1924 Intentata
728 1883 851 1936 nites,
882 1895 949 1924 me
980 1882 1126 1924 tabula
1158 1895 1276 1924 sacer

483 1957 640 2000 Votiva
670 1959 809 2013 paries
840 1958 1001 2000 indicat
1033 1958 1162 2000 uvida

546 2033 831 2089 Suspendisse
862 2036 1026 2090 potenti

608 2110 869 2153 Vestimenta
899 2112 1029 2153 maris
1062 2111 1151 2154 deo.

162 2226 492 2282 Lepidissimum
525 2229 599 2274 est,
632 2229 680 2268 ut
710 2227 885 2282 aiebam,
911 2240 1083 2270 carmen
1110 2231 1151 2270 et
1177 2228 1420 2270 venustulis
1437 2228 1656 2271 vocabulis

162 2302 475 2358 elegantissime
507 2303 800 2358 compositum,
833 2304 908 2345 sed
934 2317 1037 2345 num
1066 2316 1214 2346 revera
1240 2318 1433 2360 unquam
1450 2304 1658 2358 Pyrrham

163 2379 315 2420 amarit
345 2381 467 2433 poeta
497 2378 591 2420 iure
622 2378 878 2421 dubitamus.

162 2491 166 2496 .
222 2451 365 2495 Durae
401 2453 680 2508 crudelesque
711 2454 917 2496 adversus
947 2458 1116 2509 poetam
1148 2459 1189 2497 et
1221 2456 1327 2498 aliae
1359 2469 1506 2498 omnes
1539 2458 1658 2512 puel-

161 2528 274 2570 lulae
317 2532 366 2592 et
401 2527 579 2587 Glgcera
610 2528 744 2571 fuisse
775 2530 955 2571 videtur.
990 2530 1170 2572 Veneris
1202 2544 1300 2586 ergo
1335 2532 1547 2574 auxilium
1580 2533 1655 2574 im-

162 2604 299 2659 plorat
355 2617 534 2659 eamque
589 2609 786 2659 precatur
837 2609 886 2647 ut
932 2618 978 2648 se
1023 2619 1122 2648 cum
1170 2606 1391 2663 Cupidine,
1435 2608 1659 2664 Nymphis,

163 2679 400 2734 Iuventate,
441 2679 652 2722 Mercurio
694 2681 739 2722 in
784 2680 990 2734 Glycerae
1033 2681 1207 2723 domum
1239 2683 1463 2725 transferat
1493 2684 1541 2746 gI,
1575 2685 1657 2742 30p.

165 2755 242 2798 Tot
284 2768 383 2811 ergo
415 2756 496 2798 diis
529 2755 776 2811 deabusque
807 2756 859 2798 ad
890 2770 1020 2799 unam
1050 2761 1197 2812 poetae
1224 2759 1533 2802 conciliandam
1565 2773 1659 2802 mu—

99 2823 102 2826 *
161 2831 313 2874 lierem
345 2845 453 2887 opus
486 2835 559 2874 est.
592 2831 745 2874 Totum
777 2832 857 2874 hoc
885 2845 1054 2875 carmen
1081 2833 1258 2876 Horatio
1286 2834 1500 2878 abiudicat
1517 2835 1660 2879 Peerl-

1876 1157 1978 1203 (1⁷4¹th
1993 1127 2034 1182 6⁹⁶

1873 1208 1881 1232 C
