2034 3334
913 374 966 415 21

463 499 674 555 Regnavit
705 499 975 556 populorum,
1007 511 1062 541 ex
1093 498 1246 541 humili
1278 501 1428 554 potens

463 576 669 632 Princeps
703 577 902 619 Aeolium
935 588 1105 618 carmen
1138 576 1191 618 ad
1226 575 1357 618 Italos

463 652 710 696 Deduxisse
742 653 904 696 modos.
936 653 1068 696 Sume
1100 651 1343 708 superbiam

467 730 710 781 Quaesitam
746 731 909 773 meritis
941 733 983 773 et
1014 730 1118 772 mihi
1150 728 1356 785 Delphica

463 807 604 850 Lauro
635 808 760 863 cinge
793 807 954 861 volens,
985 806 1265 862 Melpomene,
1298 819 1474 848 comam.

197 918 281 960 nisi
315 917 429 974 quod
461 918 504 959 in
539 917 625 959 illis
658 917 793 973 magis
826 920 890 959 est
921 919 1065 973 aperta
1096 916 1334 958 industriae
1368 916 1701 972 diligentiaeque

197 993 466 1050 significatio.

256 1070 354 1112 Non
406 1070 624 1125 lusciniae,
671 1083 801 1126 quam
848 1071 942 1126 ipsa
990 1074 1144 1112 natura
1190 1082 1344 1112 canere
1391 1069 1516 1125 cogit,
1549 1069 1703 1112 similis

199 1146 335 1209 videri
367 1146 459 1189 vult
489 1145 707 1201 Horatius,
739 1146 813 1189 sed
845 1159 944 1189 cum
979 1159 1028 1189 ea
1059 1146 1239 1189 bestiola
1271 1159 1317 1189 se
1344 1149 1572 1201 comparat,
1593 1158 1704 1201 quae

201 1234 366 1278 semper
412 1222 650 1290 sedulitatis
691 1223 936 1278 exemplum
971 1222 1163 1276 habetur,
1199 1223 1391 1265 venustis
1426 1222 1542 1264 hisce
1574 1222 1704 1278 lepidi

205 1299 406 1341 carminis
432 1298 508 1354 IV,
541 1299 566 1340 2
600 1299 843 1342 versiculis:

736 1392 828 1449 Ego
861 1394 953 1449 apis
985 1392 1172 1436 Matinae

616 1469 734 1513 More
773 1470 989 1526 modoque

499 1546 628 1589 Grata
658 1547 871 1603 carpentis
901 1547 1049 1601 thyma
1079 1559 1156 1603 per
1187 1545 1376 1589 laborem

496 1622 739 1665 Plurimum
773 1623 934 1665 circum
967 1635 1120 1666 nemus
1157 1622 1366 1678 uvidique

498 1698 669 1741 Tiburis
700 1700 815 1755 ripas
846 1712 1022 1755 operosa
1055 1711 1214 1755 parvus

623 1774 821 1818 Carmina
852 1775 982 1832 fingo.

203 1884 248 1925 in
282 1883 440 1939 quibus
472 1884 587 1927 haud
620 1884 749 1927 dubie
781 1885 1081 1941 plurimum
1115 1898 1214 1927 cum
1248 1884 1497 1927 laborem
1525 1885 1708 1940 iungen-

207 1958 309 2001 dum
341 1963 416 2002 est.

267 2034 377 2078 Sunt
421 2039 463 2079 et
503 2036 573 2078 alii
615 2037 695 2079 loci
738 2037 897 2093 quibus
939 2037 991 2079 de
1034 2051 1079 2080 se
1119 2039 1213 2093 ipso
1255 2037 1462 2079 Horatius
1494 2037 1708 2093 loquatur,

208 2110 283 2153 sed
330 2111 442 2154 haud
487 2112 611 2155 facile
660 2114 796 2156 ullum
843 2115 1039 2156 invenias
1085 2127 1108 2156 e
1157 2127 1242 2169 quo
1289 2117 1489 2170 appareat
1536 2118 1708 2170 propter

209 2187 351 2242 ipsum
394 2189 633 2231 carminum
675 2195 1066 2246 argumentum
1098 2191 1245 2246 poe'sin
1279 2204 1401 2233 suam
1435 2203 1578 2233 amare
1609 2203 1708 2232 eum

211 2265 409 2320 coepisse.
422 2251 574 2308 ‘Poeta
603 2266 749 2309 haberi
781 2267 877 2310 vult
908 2267 982 2310 sed
1015 2267 1191 2322 lyricus,
1221 2268 1247 2309 i.
1265 2280 1297 2309 e.
1333 2279 1563 2322 agnoscere
1593 2267 1711 2322 cupit

210 2340 404 2383 homines
451 2332 605 2384 novam
652 2355 698 2385 se
739 2342 1031 2399 Romanisque
1071 2343 1314 2385 inauditum
1347 2346 1470 2384 antea
1503 2355 1706 2385 versuum

208 2429 347 2472 genus
378 2415 557 2459 Romam
589 2418 868 2461 transtulisse.

271 2557 351 2601 Cui
381 2562 524 2601 autem
556 2563 733 2601 externa
765 2572 969 2602 versuum
1002 2560 1164 2615 species
1196 2563 1281 2601 tam
1316 2559 1432 2601 cordi
1449 2559 1592 2614 fuerit,
1611 2560 1712 2615 quis

212 2648 298 2677 non
334 2634 532 2678 lubenter
563 2634 707 2677 credat
738 2635 860 2676 illum
894 2635 945 2677 de
977 2648 1125 2677 eorum
1160 2639 1412 2690 argumento
1445 2637 1547 2679 satis
1578 2636 1712 2679 fuisse

213 2723 424 2766 securum,
455 2711 790 2766 saepissimeque
823 2724 958 2765 quum
986 2712 1179 2753 numeris
1206 2723 1376 2767 operam
1406 2712 1537 2767 daret,
1565 2717 1712 2755 contra

213 2788 465 2829 sententiam
512 2800 561 2830 ea
605 2787 869 2829 commisisse
910 2787 1015 2828 vitia
1059 2799 1168 2842 quae
1211 2801 1234 2828 a
1261 2773 1407 2831 iudice
1437 2801 1524 2830 non
1557 2789 1712 2844 cupido

215 2861 372 2924 negligi
419 2862 765 2918 dissimularique
811 2862 931 2904 nullo
978 2863 1103 2905 modo
1132 2863 1331 2919 possint?
1363 2863 1525 2906 Eorum
1555 2877 1713 2920 genera
