2034 3334
1005 260 1065 306 40

236 382 416 426 chiridio
452 384 644 434 iunctae,
686 384 749 426 ita
779 384 825 425 in
859 383 1224 440 metamorphoses
1255 397 1353 427 suas
1385 383 1622 428 transtulit.
1653 383 1834 442 Semper

234 458 278 497 et
308 454 466 509 ubique
498 455 557 496 sic
589 468 685 496 eum
722 455 861 511 egisse
893 468 1030 511 neque
1062 460 1226 498 constat
1256 469 1392 512 neque
1423 454 1623 499 credibile
1653 462 1732 499 est.

297 524 445 567 Restat
475 539 578 581 ergo
611 530 660 568 ut
691 525 903 581 quomodo
935 526 1125 568 fontibus
1154 525 1244 569 illis
1275 540 1379 569 usus
1410 527 1468 570 sit
1499 526 1681 570 Ovidius
1707 539 1832 583 quae-

235 608 392 638 ramus.
437 594 514 638 Est
555 599 698 638 autem
743 610 792 639 ea
834 598 1027 653 quaestio
1058 611 1110 640 ex
1141 595 1317 640 illarum
1348 611 1528 642 numero
1560 610 1664 653 quas
1696 596 1834 640 obiter

234 669 415 709 tractare
441 680 524 709 non
551 666 750 710 videatur
775 667 906 710 nefas.
935 665 1062 711 Certe
1089 668 1338 724 priusquam
1356 682 1440 725 qua
1456 669 1621 711 ratione
1637 670 1832 711 auctores

234 751 332 780 suos
371 738 416 779 in
458 751 587 780 suum
627 752 756 780 usum
789 740 1046 781 converterit
1077 737 1258 781 Ovidius
1290 738 1523 795 diligenter
1552 742 1832 796 accurateque

233 809 571 864 investigemus,
613 807 720 851 utile
765 813 829 851 est
864 822 916 860 „a
947 811 1078 866 priori
1111 809 1398 861 ratiocinari’',
1432 813 1482 853 ut
1511 808 1833 853 dialecticorum

238 877 319 921 filii
360 878 608 935 loquuntur.
652 879 772 933 Quod
815 882 885 936 qui
920 882 966 923 in
998 885 1190 937 tempore
1222 881 1358 924 facere
1388 880 1583 938 neglexit
1613 879 1832 924 interdum

235 950 371 992 nimio
414 949 646 1008 colligendi
687 951 829 994 studio
872 954 915 995 et
955 953 1092 995 nimio
1125 951 1373 1008 disputandi
1403 953 1602 995 acumine
1631 951 1834 1008 abreptus

237 1019 290 1062 ad
322 1033 415 1062 eam
447 1034 538 1064 rem
570 1021 824 1065 credendam
857 1021 1099 1073 adducitur,
1132 1036 1262 1079 quam
1295 1036 1441 1066 veram
1473 1036 1564 1066 esse
1595 1035 1681 1066 non
1710 1034 1834 1079 posse

236 1089 376 1132 multo
407 1095 505 1133 ante
536 1105 613 1147 pro
644 1096 759 1135 certo
790 1094 896 1135 scire
928 1094 1130 1149 potuerit.
1163 1092 1282 1136 Dabo
1314 1093 1446 1136 huius
1471 1094 1534 1136 rei
1559 1090 1832 1136 luculentum

237 1159 499 1217 exemplum.
543 1161 638 1204 Non
679 1164 741 1205 ita
775 1162 905 1205 multi
933 1165 1033 1207 anni
1067 1167 1167 1206 sunt
1199 1178 1299 1207 cum
1330 1165 1374 1207 in
1407 1165 1545 1220 patria
1575 1167 1720 1207 nostra
1749 1175 1835 1206 cer-

235 1233 360 1274 tatim
405 1233 489 1274 viri
531 1231 643 1275 docti
686 1233 883 1276 nonnulli
925 1234 1026 1291 quid
1068 1234 1215 1277 literae
1256 1239 1425 1277 nostrae
1456 1233 1638 1277 Senecae
1669 1234 1833 1290 tragico

233 1301 434 1345 deberent
460 1304 733 1359 quaerebant.
760 1303 951 1347 Tandem
979 1303 1209 1361 aliquando
1231 1304 1489 1348 Vondelium
1515 1306 1678 1348 mirum
1703 1317 1834 1362 quan-

233 1376 329 1415 tum
371 1386 396 1416 a
428 1372 586 1417 Seneca
617 1376 851 1431 sumpsisse
882 1378 1064 1431 utroque
1093 1381 1216 1432 poeta
1247 1390 1347 1419 cum
1379 1375 1624 1432 pulvisculo
1654 1389 1832 1419 excusso

233 1445 564 1500 pronuntiarunt
590 1459 749 1488 omnes.
783 1445 866 1489 Sed
891 1460 977 1489 non
1001 1447 1192 1490 fecerunt
1217 1446 1262 1489 id
1288 1447 1400 1503 quod
1427 1450 1526 1490 ante
1553 1448 1696 1491 omnia
1722 1450 1834 1491 esset

235 1515 501 1567 faciendum,
530 1520 579 1558 ut
604 1518 698 1573 ipsa
723 1518 950 1573 utriusque
977 1522 1127 1573 poetae
1148 1531 1255 1574 quae
1272 1522 1383 1560 esset
1399 1517 1564 1561 indoles
1580 1520 1831 1561 statuerent.

234 1585 355 1638 Quod
396 1587 432 1628 si
475 1587 693 1638 fecissent,
727 1587 837 1630 nihil
868 1601 958 1630 esse
993 1587 1200 1631 vidissent
1232 1588 1345 1644 quod
1377 1592 1595 1645 tantopere
1626 1587 1832 1631 Senecam

231 1658 460 1714 insigniret
491 1662 534 1699 et
565 1671 589 1700 a
619 1661 758 1701 cetero
789 1663 1014 1714 poetarum
1047 1658 1206 1715 populo
1238 1661 1483 1716 seiungeret
1512 1673 1643 1716 quam
1668 1660 1831 1702 mirum

230 1726 341 1770 illud
366 1727 719 1771 sententiolarum
744 1729 941 1771 brevium
965 1733 1188 1772 acutarum
1205 1730 1565 1772 subobscurarum
1581 1728 1829 1780 artificium,

233 1798 389 1854 quibus
430 1802 472 1841 et
513 1798 620 1842 aliae
662 1799 823 1842 multae
864 1813 930 1842 res
970 1804 1012 1842 et
1045 1800 1272 1843 hominum
1306 1802 1500 1844 miseriae
1531 1806 1660 1857 atque
1689 1800 1830 1843 fatum

233 1869 432 1912 acerbum
473 1870 534 1912 ita
575 1869 909 1926 depingerentur
950 1875 1000 1913 ut
1041 1885 1123 1914 non
1166 1876 1338 1927 possent
1369 1871 1562 1928 legentes
1593 1885 1675 1914 non
1708 1871 1832 1915 vehe-

233 1943 399 1982 menter
438 1941 529 1982 eius
573 1942 760 1984 oratione
802 1943 1066 1984 commoveri
1075 1955 1084 1992 ;
1141 1941 1358 1998 simulque
1395 1941 1708 1985 intellexissent
1749 1941 1831 1986 hoc

230 2009 459 2052 artificium
507 2012 672 2053 imitari
721 2025 840 2067 posse
883 2014 1100 2055 neminem
1143 2014 1218 2069 qui
1258 2027 1342 2055 non
1386 2014 1490 2055 satis
1531 2013 1636 2056 bene
1677 2012 1830 2056 Latine

229 2082 379 2131 sciret;
425 2080 683 2123 Vondelium
720 2086 867 2124 autem
898 2083 943 2124 in
975 2097 1170 2138 sermone
1202 2083 1357 2126 Latino
1390 2083 1493 2127 adeo
1525 2084 1659 2126 fuisse
1688 2083 1831 2140 hospi·

229 2155 319 2193 tem
356 2155 425 2202 ut,
460 2165 543 2207 quo
576 2152 678 2207 quid
710 2152 969 2209 praeclarius
1001 2167 1025 2196 a
1057 2153 1215 2197 Seneca
1247 2153 1411 2196 dictum
1443 2158 1567 2205 esset,
1604 2168 1654 2198 eo
1685 2154 1830 2198 absur—
1903 2212 1910 2220 “

229 2221 324 2263 dius
364 2221 474 2263 illud
514 2223 865 2278 interpretatione
906 2237 983 2266 sua
1020 2229 1313 2280 corrumperet
1352 2229 1479 2281 atque
1511 2224 1828 2282 pessumdaret,

227 2305 329 2347 ergo
363 2294 561 2348 quamvis
592 2292 733 2335 multa
764 2292 968 2336 Vondelio
996 2308 1096 2337 cum
1120 2294 1279 2337 Seneca
1306 2296 1392 2338 sint
1419 2297 1687 2346 communia,
1715 2294 1828 2352 quod

226 2362 278 2404 ad
320 2375 389 2404 eas
433 2377 498 2404 res
542 2365 767 2419 pertineat,
811 2365 967 2420 quibus
1009 2379 1111 2408 vera
1152 2365 1336 2408 alicuius
1379 2370 1528 2422 poetae
1559 2366 1828 2409 contineatur

227 2437 401 2482 natura,
435 2432 599 2475 nullam
631 2435 743 2477 inter
774 2435 901 2477 hosce
933 2440 1081 2492 poetas
1112 2436 1373 2479 intercedere
1405 2438 1611 2479 rationem
1634 2435 1680 2489 ¹).

289 2502 338 2544 In
379 2508 520 2545 nostra
564 2519 666 2561 ergo
710 2507 957 2560 quaestione
1000 2510 1098 2549 ante
1141 2508 1286 2550 omnia
1328 2507 1618 2563 quaerendum
1649 2506 1823 2549 videtur

232 2586 339 2627 quae
379 2573 543 2615 indoles
586 2576 642 2616 sit
675 2574 844 2618 Ovidii:
878 2578 938 2619 sic
970 2578 1131 2633 optime
1163 2591 1468 2634 cognoscemus
1500 2591 1583 2633 quo
1612 2575 1739 2619 modo
1771 2575 1824 2619 ab

230 2656 278 2684 eo
311 2641 525 2685 consultos
558 2658 647 2687 esse
679 2651 871 2688 auctores
901 2645 1000 2689 illos
1033 2649 1090 2689 sit
1124 2647 1373 2690 verisimile.

292 2711 432 2767 Ipsius
474 2713 618 2756 Ovidii
651 2720 789 2758 aetate
821 2716 943 2759 nulla
974 2716 1068 2760 laus
1101 2722 1191 2760 erat
1222 2731 1351 2773 quam
1383 2716 1635 2773 diligentius
1667 2716 1828 2758 studio-

231 2783 403 2837 siusque
435 2785 689 2838 appetebant
714 2791 863 2842 poetae
891 2801 1019 2842 quam
1046 2787 1274 2839 doctrinam
1304 2787 1418 2830 docti
1445 2786 1582 2830 videri
1610 2785 1822 2837 volebant,

231 2851 375 2894 doctos
417 2854 528 2895 inter
558 2869 601 2896 se
633 2856 955 2911 appellitabant.
999 2858 1054 2900 Et
1089 2872 1172 2914 quo
1204 2872 1332 2901 sensu
1364 2861 1466 2899 tunc
1497 2856 1573 2899 illa
1604 2870 1688 2899 vox
1721 2858 1826 2899 acci-

277 3008 310 3048 1)
343 3008 419 3038 Vide
444 3008 581 3039 diarium
606 3010 809 3041 vernaculum
834 3021 860 3041 c.
886 3014 911 3042 t.
937 3012 995 3042 Los
1017 3022 1055 3043 en
1085 3011 1164 3043 Vaet
1189 3011 1321 3043 Nieuwe
1345 3010 1448 3049 Serie,
1473 3011 1509 3041 le
1533 3010 1695 3052 Jaargang
1724 3011 1820 3042 1894.

2026 748 2034 777 ...1
2027 708 2034 735 μ..
2016 523 2034 703 &eandam
2019 398 2034 519 mam
2017 375 2026 392 τ’·
2014 363 2015 366 ⁴
