2034 3334
992 258 1051 304 52

280 381 442 426 Deinde
470 383 565 425 iure
595 383 740 424 nostro
765 379 886 423 nobis
910 379 1152 437 improbare
1178 378 1306 424 modo
1331 378 1585 424 videbamur
1610 383 1819 425 versuum

219 453 297 506 XI,
333 452 419 497 '745
437 466 527 510 sqq.
560 451 817 495 lectionem:

464 523 620 579 Perque
650 521 737 564 dies
758 521 949 576 placidae
978 520 1157 564 hiberno
1189 523 1382 578 tempore
1414 525 1581 579 septem

462 594 641 637 Incubat
671 592 864 651 Alcyone
896 592 1182 650 pendentibus
1212 605 1393 649 aequore
1424 592 1549 636 nidis.

467 665 573 707 Tunc
604 664 709 706 iacet
739 665 850 706 unda
880 663 1028 716 marie,

219 738 423 794 quoniam
468 734 851 793 languidissimum
897 736 943 778 in
989 733 1171 778 modum
1223 735 1284 777 bis
1330 733 1448 778 idem
1489 734 1551 777 ibi
1592 733 1820 788 diceretur,

218 807 413 864 nihilque
453 808 498 849 in
539 808 624 850 isto
665 810 760 848 tunc
795 805 899 848 iacet
930 806 1042 848 unda
1074 805 1198 847 maris
1229 806 1385 848 inesset
1417 804 1530 862 quod
1561 818 1646 848 non
1676 805 1819 850 verbis

219 893 260 935 q.
305 893 336 922 s.
390 878 477 920 dies
510 875 699 932 placidos
742 881 853 921 esset
895 876 1202 934 significatum.
1244 875 1404 919 Verum
1420 907 1431 928 ,
1472 875 1669 928 obsecro,
1711 890 1820 921 num

219 950 362 992 minus
402 948 582 1006 languet
612 952 720 990 mota
751 962 891 990 manue
914 962 1125 1003 procerum
1157 951 1216 990 eet
1247 948 1295 1000 (i.
1323 960 1359 990 e.
1393 945 1571 1004 Ulysses
1601 945 1819 991 iudicibus

219 1021 453 1077 persuasit,
500 1019 699 1079 facundia
740 1033 818 1062 sua
859 1033 929 1062 eos
971 1017 1025 1061 ad
1066 1031 1165 1061 suas
1206 1018 1419 1075 pertraxit
1459 1021 1620 1077 partes)
1650 1021 1691 1061 ei
1718 1017 1822 1076 qm'd

210 1090 423 1148 facundia
455 1095 592 1145 posset
633 1104 676 1132 re
711 1087 882 1144 patuit?
923 1089 1073 1132 Nonne
1115 1089 1185 1131 hic
1219 1102 1389 1146 quoque
1419 1089 1742 1145 ineptissimum
1770 1089 1818 1133 in

217 1161 395 1205 modum
438 1162 503 1204 bis
541 1161 655 1204 idem
706 1158 892 1203 dicitur?
934 1160 997 1202 Be
1030 1160 1194 1215 patuit:
1241 1173 1348 1217 quae
1389 1163 1454 1204 est
1493 1173 1559 1203 res
1589 1158 1689 1211 illa,
1721 1161 1819 1219 quis

218 1236 361 1283 actus,
394 1246 478 1289 quo
509 1234 651 1289 patuit
681 1230 820 1275 illud?
862 1231 1011 1274 Nonne
1041 1233 1085 1274 in
1117 1235 1207 1274 tam
1239 1230 1384 1274 vivida
1415 1231 1657 1274 narratione
1686 1235 1818 1274 actum

217 1302 345 1346 illum
393 1308 562 1346 tantum
612 1317 695 1346 non
745 1301 879 1345 oculis
921 1302 1080 1344 nostris
1122 1315 1293 1345 cernere
1334 1299 1568 1344 debemus?
1613 1301 1673 1344 At
1713 1300 1818 1358 quid

219 1388 331 1418 nunc
348 1372 589 1417 cernimus?
613 1373 824 1416 Vultusne
840 1372 1132 1425 laudantium,
1157 1373 1457 1429 probantium,
1471 1362 1818 1416 admirantium?

218 1445 361 1487 Nimis
402 1444 514 1488 exile
553 1444 670 1488 istud
711 1446 926 1500 nimisque
969 1445 1086 1487 vitae
1116 1457 1281 1500 expers.
1315 1442 1530 1499 Denique,
1562 1446 1614 1486 ut
1642 1441 1818 1487 tandem

217 1515 371 1572 longae
419 1515 701 1572 disputationi
746 1516 1021 1571 imponamus
1063 1514 1216 1565 finem,
1259 1515 1320 1557 sic
1363 1518 1453 1556 tota
1489 1527 1557 1556 res
1596 1527 1640 1556 se
1673 1512 1816 1558 habet.

221 1586 481 1629 Audivimus
531 1586 702 1628 Aiacem
753 1584 1042 1642 Ulyssemque
1088 1586 1324 1627 orationem
1366 1584 1593 1626 habentes:
1637 1587 1819 1640 uterque

218 1658 377 1712 raptim
418 1656 561 1699 verbis
603 1658 692 1698 suis
735 1669 940 1712 magnam
983 1654 1154 1698 Troiani
1197 1654 1300 1697 belli
1338 1655 1604 1711 percucurrit
1635 1658 1819 1711 partem.

219 1727 275 1772 At
321 1741 405 1770 non
450 1727 494 1768 in
542 1728 636 1782 ipso
677 1725 858 1769 Troiano
899 1724 1009 1768 bello
1049 1739 1163 1768 nunc
1200 1729 1349 1781 poetae
1390 1739 1559 1768 carmen
1603 1729 1814 1778 versatur,

213 1796 323 1840 alius
365 1801 429 1840 est
470 1796 614 1848 locus,
657 1801 829 1853 tempus
871 1795 1013 1846 aliud,
1058 1795 1143 1838 alia
1180 1810 1246 1838 res
1279 1797 1437 1853 agitur.
1471 1795 1588 1848 Quae
1618 1794 1696 1839 illa
1726 1797 1816 1839 sint

213 1868 355 1910 verbis
378 1880 508 1924 quam
535 1866 830 1910 disertissimis
857 1880 1007 1908 sumus
1033 1866 1254 1917 monendi,
1282 1880 1383 1909 nam
1410 1865 1655 1922 periculum
1678 1870 1813 1911 estne
1834 1867 1838 1871 ’

213 1943 378 1981 mentes
410 1942 576 1980 nostrae
608 1951 632 1979 a
659 1942 807 1994 poetae
833 1938 1027 1980 aberrent
1055 1936 1246 1980 consilio.
1279 1936 1425 1979 Firma
1452 1951 1555 1994 ergo
1582 1950 1711 1980 manu
1737 1935 1814 1981 ille

212 2022 325 2051 nunc
351 2010 484 2051 totius
510 2010 763 2051 narrationis
790 2008 969 2050 attrahit
990 2007 1236 2058 vinculum,
1254 2010 1413 2064 quique
1430 2009 1490 2050 sic
1506 2021 1681 2050 exorsus
1696 2010 1827 2051 erat:

279 2080 491 2121 Consedere
517 2080 648 2128 duces,
678 2078 790 2135 quod
817 2080 1034 2135 pingentis
1059 2081 1203 2134 potius
1228 2078 1400 2121 videtur
1426 2092 1554 2135 quam
1578 2079 1812 2131 narrantis,

213 2149 297 2192 alia
339 2149 487 2192 tabula
517 2163 598 2191 non
631 2151 775 2191 minus
807 2151 982 2206 egregia
1014 2148 1280 2205 praeclarum
1311 2148 1454 2192 locum
1487 2148 1673 2192 claudit:
1706 2153 1811 2191 mota

213 2236 352 2262 manue
387 2236 596 2275 procerum
640 2225 701 2273 est,
739 2222 767 2263 i.
797 2234 832 2262 e.
869 2234 1042 2277 ‚,reges,
1075 2220 1260 2270 iudices,
1295 2234 1448 2263 manus
1480 2223 1712 2263 moverunt
1740 2218 1812 2264 vel

214 2293 308 2344 πρὸς
345 2298 418 2339 τῆν
452 2292 701 2345 χειροτονίαν
732 2290 801 2334 vel
835 2296 884 2333 ut
917 2290 1095 2333 tabellas
1129 2295 1348 2334 sumerent
1380 2299 1423 2333 et
1453 2292 1498 2333 111
1531 2304 1684 2334 urnam
1718 2304 1812 2334 con-

210 2362 430 2404 iicerent''.
461 2362 552 2405 Hoc
582 2362 736 2405 Ovidio
764 2362 968 2419 dignum,
998 2362 1076 2404 hoc
1103 2364 1197 2419 ipso
1214 2361 1435 2419 flagitatur
1451 2365 1721 2419 argumento.
1753 2360 1813 2415 Et

212 2446 263 2474 116
291 2434 386 2488 quis
413 2437 535 2488 putet
558 2432 716 2488 plurali
734 2433 802 2475 hic
819 2446 998 2475 numero
1017 2447 1124 2489 opus
1140 2446 1251 2483 esse,
1270 2434 1542 2489 quantumin
1558 2432 1638 2475 hoc
1652 2444 1808 2488 genere

213 2505 348 2558 poetis
377 2505 431 2544 sit
459 2517 705 2545 concessum
732 2502 802 2545 vel
830 2517 881 2545 ex
904 2503 984 2545 hoc
1003 2517 1128 2545 versu
1145 2507 1284 2559 potest
1301 2516 1552 2560 cognoscere
1568 2501 1658 2555 (VI,
1678 2500 1807 2555 363):

394 2574 480 2616 Nec
513 2576 615 2616 satis
647 2579 732 2624 est,
766 2575 880 2630 ipsos
912 2576 1043 2616 etiam
1069 2574 1319 2630 pedibusque
1349 2588 1544 2629 manuque

394 2643 636 2686 Turbavere
668 2644 799 2687 lacus.

275 2787 365 2829 Iam
392 2789 600 2828 insertum
628 2793 718 2829 erat
745 2788 1057 2845 Mnemosynae
1084 2789 1164 2830 hoc
1192 2791 1339 2843 caput,
1367 2801 1465 2829 cum
1492 2785 1544 2828 ad
1571 2799 1642 2828 me
1667 2784 1809 2828 affere-

213 2858 338 2899 batur
380 2859 773 2911 praestantissimus
804 2858 913 2900 liber
945 2873 979 2900 0.
1009 2863 1039 2901 t..
1085 2858 1194 2908 „Les
1225 2857 1594 2912 Metamorphoses
1625 2854 1807 2898 d'Ovide

213 2932 254 2970 61
294 2927 409 2969 leurs
446 2928 631 2970 modeles
663 2928 822 2971 Grecs''
856 2931 1039 2984 scriptus
1071 2942 1096 2971 a
1128 2927 1314 2984 Georgio
1347 2927 1531 2983 Lafaye,
1565 2928 1638 2982 qui
1669 2925 1806 2968 simili

212 2999 262 3041 de
306 2997 477 3040 Catullo
510 2999 726 3040 scribendo
757 2998 866 3040 libro
898 3001 1097 3040 meritam
1128 3000 1216 3040 iam
1247 2997 1360 3054 apud
1392 2997 1536 3038 doctos
1568 2998 1684 3038 viros
1715 2995 1806 3038 lau-
