2034 3334
1005 375 1032 416 2

597 501 704 545 Cum
735 514 811 558 per
841 500 1057 544 obstantes
1083 500 1290 543 iuvenum
1317 501 1509 542 catervas

594 578 680 622 Ibit
709 578 921 634 insignem
953 580 1150 634 repetens
1181 575 1449 619 Nearchum:

194 652 277 698 mi„
307 683 316 690 ,
345 626 381 690 ί
597 653 767 698 Grande
797 657 1022 708 certamen,
1054 652 1132 696 tibi
1162 652 1320 709 praeda
1349 651 1471 695 cedat

195 716 371 792 ,fv-23„
714 729 853 774 Maior
888 743 943 773 an
972 730 1037 772 illi

271 885 348 930 pro
377 872 521 929 inepto
550 871 645 914 illi
677 870 806 915 scribi
836 840 1193 914 illa'iubentis?
1805 826 1986 907 istut-‚m
2026 886 2034 903 r

334 947 447 1000 Quid
489 961 681 1004 unquam
715 948 760 990 in
793 951 941 991 nostra
973 950 1063 990 arte
1093 950 1257 990 certum
1288 947 1486 1003 nullique
1517 935 1775 989 dubitationi
1844 933 1853 961 ·”

270 1024 511 1068 obnoxium
557 1027 671 1067 recte
717 1024 802 1066 dici
843 1023 1070 1079 videbitur,
1112 1024 1150 1066 si
1191 1022 1432 1079 ambigetur
1461 1023 1588 1066 etiam
1620 1022 1666 1064 in
1695 1021 1775 1064 hac

272 1100 317 1144 G.
347 1100 405 1157 H,
437 1101 462 1143 6
499 1100 673 1157 stropha

598 1225 732 1269 Tibur
762 1225 905 1288 Argeo
936 1225 1122 1282 positum
1155 1224 1306 1283 colono
1500 1278 1502 1280 Ι
1639 1235 1660 1280 ρ
1707 1220 1732 1278 ¹.
1838 1221 1985 1286 5:²44&

599 1300 664 1344 Sit
694 1314 814 1345 meae
845 1301 968 1344 sedes
998 1302 1163 1344 utinam
1195 1303 1400 1355 senectae,
1424 1291 1430 1303 ”
1469 1284 1473 1289 ’
1552 1292 1556 1295 ’

599 1377 663 1421 Sit
693 1377 847 1421 modus
879 1378 992 1420 lasso
1024 1377 1154 1420 maris
1187 1380 1228 1419 et
1258 1378 1427 1419 viarum

719 1453 994 1510 Militiaeque.

276 1582 373 1622 utra
410 1578 535 1621 lectio
576 1579 714 1634 potior
757 1579 812 1621 sit
852 1577 1062 1633 habenda,
1096 1578 1326 1634 vulgatane
1357 1577 1551 1621 codicum
1584 1576 1778 1620 modus

274 1668 330 1697 an
360 1654 643 1710 Peerlkampii
674 1654 869 1697 domus
884 1654 905 1696 Ρ

334 1730 444 1774 Sunt
489 1734 631 1773 tamen
680 1730 840 1773 multae
887 1730 994 1773 aliae
1041 1730 1358 1773 emendationes
1403 1729 1780 1784 Peerlkampianae

275 1806 375 1863 illis,
408 1807 523 1862 quod
555 1807 609 1849 ad
639 1807 893 1862 elegantiam
925 1810 968 1849 et
999 1807 1343 1862 perspicuitatem
1377 1806 1570 1862 pertinet,
1596 1805 1674 1847 vix
1698 1805 1778 1846 im-

277 1895 410 1939 pares,
453 1896 636 1939 quarum
681 1883 748 1925 hic
789 1883 952 1938 aliquot
984 1882 1135 1937 citabo,
1167 1883 1280 1925 unde
1312 1886 1529 1938 tamquam
1563 1893 1774 1924 summam

278 1959 464 2015 aliquam
506 1959 655 2002 iudicii
696 1958 916 2002 conficiam
950 1973 1079 2015 quam
1112 1960 1157 2001 in
1189 1959 1326 2001 fronte
1356 1959 1486 2001 huius
1519 1961 1777 2001 commenta—

276 2036 407 2078 tionis
438 2049 687 2092 proponam.
1846 2019 1851 2022 Δ

280 2160 355 2216 IV,
376 2161 588 2215 15,1—4.
637 2158 838 2202 Phoebus
873 2159 1084 2203 volentem
1119 2159 1278 2215 proelia
1308 2172 1376 2202 me
1407 2158 1525 2214 loqui

636 2235 783 2278 Victas
814 2239 856 2278 et
890 2235 1018 2278 urbes
1051 2236 1263 2291 increpuit
1293 2235 1398 2290 lyra,

695 2310 760 2354 Ne
792 2324 922 2367 parva
952 2311 1220 2366 Tyrrhenum
1253 2324 1329 2367 per
1359 2324 1521 2367 aequor

755 2386 862 2430 Vela
901 2387 1042 2430 darem
1075 2400 1109 2430 e.
1128 2401 1166 2444 q.
1185 2401 1217 2430 s.

344 2511 481 2563 Quam
512 2516 696 2556 venusta
728 2516 792 2555 est
823 2512 1106 2568 Peerlkampii
1137 2514 1383 2555 coniectura
1413 2526 1488 2568 pro
1519 2512 1643 2566 lyra
1674 2512 1778 2554 scri-

284 2589 421 2631 bentis
464 2590 643 2644 lyrae,
676 2603 803 2645 quam
837 2590 988 2645 ingens
1018 2589 1313 2645 exemplorum
1344 2588 1777 2644 locupletissimorum

285 2667 405 2721 copia
438 2665 594 2721 quibus
627 2666 885 2708 locutionem
917 2665 1074 2719 lyrae
1104 2666 1230 2709 vela
1261 2665 1390 2708 dare
1421 2664 1630 2707 illustrat!

286 2789 361 2840 IV,
381 2790 502 2844 7,19.
557 2789 719 2832 Cuncta
752 2803 905 2832 manus
935 2790 1083 2833 avidas
1112 2790 1280 2846 fugient
1309 2789 1488 2843 heredis,
1522 2789 1658 2830 amico

790 2865 908 2916 Quae
941 2866 1106 2909 dederis
1140 2867 1294 2908 animo.
