2034 3334
1010 367 1091 404 217

325 488 443 528 Haec
475 489 622 528 autem
654 490 811 540 omnia,
846 501 955 538 quae
986 501 1124 538 neque
1155 501 1291 539 pauca
1322 492 1424 530 sunt
1455 492 1498 529 et
1529 491 1652 530 facile
1685 491 1830 538 augeri

266 566 458 614 possunt,
511 565 658 604 omnia
698 576 841 605 mores
883 577 1164 615 personarum
1207 577 1232 605 a
1264 566 1462 605 Terentio
1494 567 1684 615 depictos
1715 576 1830 614 spec-

265 641 362 679 tant
392 640 715 688 orationemque
748 651 832 689 qua
863 642 962 680 illae
994 643 1183 680 utantur.
1217 641 1277 680 De
1305 642 1554 680 oeconomia
1581 651 1606 680 a
1632 641 1830 680 Terentio

265 715 500 754 immutata
530 716 742 755 nihildum
774 717 937 755 dictum
970 718 1048 756 est.
1083 717 1178 755 Huc
1210 727 1308 765 ergo
1340 717 1664 755 transeundum.
1704 742 1706 745 ψ

324 792 538 840 Aequales
584 792 748 831 inimici
795 793 976 832 obiicere
1023 793 1218 832 solebant
1260 793 1461 831 Terentio
1508 793 1618 840 quod
1665 793 1832 831 fabulas

265 867 592 906 contaminaret.
625 868 756 906 Nobis
787 878 872 910 non
904 869 1061 907 vitium
1092 868 1228 907 videri
1260 868 1364 906 illud
1395 869 1539 916 potest
1570 868 1645 906 sed
1676 867 1829 910 Virtus.

265 942 362 991 Ipse
409 953 575 990 quoque
621 953 714 982 rem
760 954 845 982 non
892 945 1033 992 negat.
1077 943 1248 982 Etenim
1290 943 1334 982 in
1376 943 1548 992 prologo
1590 943 1642 981 ad
1675 943 1829 982 Heaut.

266 1017 357 1066 ipse
389 1017 600 1056 declarat:

323 1102 388 1131 vs.
422 1093 462 1131 4.
583 1093 648 1132 Ex
680 1094 848 1142 integra
880 1094 1041 1133 Graeca
1072 1095 1287 1143 integram
1320 1094 1586 1133 comoediam

587 1169 724 1207 Hodie
756 1179 855 1208 sum
887 1173 1062 1208 acturus
1093 1169 1628 1208 Heautontimorumenon.

266 1244 474 1291 Agnoscit
516 1254 614 1292 ergo
657 1254 704 1282 se
746 1255 831 1283 non
872 1246 934 1283 ita
976 1245 1115 1293 egisse
1157 1245 1201 1284 in
1243 1245 1407 1283 duabus
1437 1244 1661 1293 prioribus,
1695 1254 1831 1291 neque

266 1318 348 1357 sibi
395 1319 457 1358 ita
503 1320 657 1368 agendi
704 1320 748 1358 in
790 1322 1011 1369 posterum
1053 1321 1194 1369 legem
1235 1322 1439 1359 statuere.
1484 1320 1565 1358 Sed
1607 1319 1832 1357 videamus

266 1405 375 1443 quae
431 1396 553 1434 nobis
609 1397 697 1435 sint
751 1397 1131 1436 contaminationis
1177 1397 1288 1446 apud
1335 1396 1584 1435 Terentium
1633 1395 1833 1444 exempla

266 1471 426 1510 tradita
463 1471 624 1517 (omnia
655 1472 725 1510 hic
755 1472 921 1511 Donato
953 1473 1186 1522 debemus),
1221 1473 1313 1511 sive
1344 1472 1487 1521 potius
1520 1474 1635 1518 (nam
1668 1472 1748 1510 hoc
1779 1471 1831 1510 ab

266 1546 338 1585 illo
381 1547 525 1586 divelli
567 1558 652 1586 non
694 1548 850 1596 potest)
889 1548 1042 1596 quibus
1074 1549 1201 1587 rebus
1233 1548 1277 1586 in
1308 1548 1552 1587 fabularum
1583 1546 1833 1586 oeconomia

266 1621 318 1660 ab
350 1622 597 1661 auctoribus
628 1623 720 1661 suis
750 1624 989 1662 recesserit.

325 1696 549 1736 Andria.
579 1698 775 1737 Primum
803 1699 912 1737 ratio
939 1700 1007 1737 est
1033 1699 1229 1737 habenda
1255 1709 1404 1737 eorum
1431 1708 1539 1746 quae
1566 1698 1657 1746 ipse
1685 1698 1832 1736 narrat

265 1773 310 1812 in
354 1774 527 1822 prologo
570 1785 632 1813 vs.
677 1775 702 1813 9
722 1797 774 1802 —
798 1776 864 1814 14.
889 1771 914 1821 ¹)
957 1775 1038 1813 Sed
1081 1774 1263 1814 certiora
1304 1774 1434 1813 tradit
1476 1774 1682 1812 Donatus
1716 1774 1831 1822 Quae

265 1848 310 1887 in
355 1849 496 1897 prima
541 1849 685 1888 fabula
731 1851 843 1898 apud
890 1850 1172 1889 Menandrum
1219 1851 1263 1888 in
1309 1849 1472 1889 Andria
1518 1850 1636 1888 solus
1682 1859 1831 1888 secum

265 1924 453 1972 loquitur
495 1925 612 1963 Simo
654 1934 790 1963 senex
832 1927 890 1971 (et
931 1926 1157 1973 tamquam
1199 1925 1412 1964 memoria
1452 1925 1613 1974 recolit,
1636 1920 1663 1970 2)
1706 1935 1757 1963 ea
1788 1925 1832 1962 in

266 1999 460 2038 eiusdem
517 2000 737 2039 Perinthia
792 2011 927 2039 senex
973 2001 1099 2039 uxori
1145 2011 1248 2040 suae
1295 2001 1454 2039 narrat.
1502 2000 1561 2039 At
1607 2000 1832 2039 Terentius

266 2076 416 2114 eadem
459 2077 708 2114 narrantem
748 2077 969 2115 Simonem
1001 2077 1105 2115 facit
1137 2077 1283 2115 Sosiae
1315 2077 1467 2115 liberto
1499 2087 1577 2116 suo
1610 2078 1653 2116 et
1684 2086 1829 2123 coquo.

265 2151 460 2190 Profecto
502 2161 603 2190 vere
636 2151 718 2190 dici
750 2152 830 2191 hoc
860 2153 1025 2200 potest:
1058 2152 1292 2191 transferre
1325 2154 1368 2191 et
1399 2163 1475 2200 pro
1507 2153 1598 2191 suis
1630 2153 1706 2191 uti.
1740 2151 1832 2190 Hoc

266 2227 382 2265 enim
429 2226 518 2264 iam
565 2237 640 2275 pro
684 2228 799 2266 certo
836 2228 1028 2266 statuere
1060 2227 1172 2276 licet,
1207 2237 1391 2275 coquum
1422 2227 1545 2266 illum
1577 2238 1603 2266 a
1633 2227 1832 2266 Terentio

265 2301 504 2351 inventum,
538 2300 702 2351 fictum,
720 2302 1050 2350 -depictumque

325 2377 389 2415 In‘
407 2378 558 2416 eadem
590 2378 734 2416 fabula
767 2377 977 2417 Charinus
1009 2379 1052 2416 et
1083 2378 1237 2426 Byrria
1268 2389 1293 2416 a
1324 2378 1523 2417 Terentio
1555 2379 1657 2417 sunt
1684 2378 1830 2417 additi.

265 2452 406 2491 Verba
462 2453 727 2492 Scholiastae
783 2454 907 2492 sunt:
970 2454 1087 2502 „Has
1142 2463 1348 2502 personas
1399 2453 1624 2492 Terentius
1671 2453 1833 2492 addidit

300 2613 322 2647 ι)
665 2611 845 2640 Menander
863 2611 942 2641 fecit
959 2611 1125 2641 Andriam
1145 2613 1179 2641 et
1199 2612 1424 2641 Perinthiam:

670 2663 731 2700 Qui
750 2663 918 2692 utramvis
938 2664 1027 2692 recte
1045 2663 1135 2692 norit
1155 2664 1273 2692 ambas
1292 2664 1439 2693 noverit:

673 2716 746 2744 Non
765 2715 817 2744 ita
835 2716 916 2744 sunt
933 2715 1092 2744 dissimili
1111 2717 1319 2752 argumento,
1341 2716 1399 2745 sed
1418 2717 1531 2745 tamen

672 2767 838 2796 Dissimili
858 2767 1008 2795 oratione
1028 2767 1109 2795 sunt
1128 2766 1235 2796 factae
1257 2775 1295 2795 ac
1314 2767 1403 2796 stilo.

671 2818 760 2854 Quae
779 2825 960 2846 convenere
979 2818 1015 2847 in
1032 2817 1198 2846 Andriam
1217 2826 1258 2847 ex
1277 2818 1452 2848 Perinthia

670 2870 808 2899 Fatetur
825 2869 1042 2899 transtulisse
1061 2871 1162 2905 atque
1182 2877 1282 2899 usum
1301 2877 1361 2906 pro
1381 2871 1461 2899 suis.

301 2925 325 2959 ²)
343 2923 387 2954 Cf.
403 2923 540 2952 initium
555 2922 793 2959 Adelphorum,
808 2922 865 2951 ubi
883 2923 922 2952 de
936 2922 1088 2956 nequitia
1105 2922 1165 2951 filii
1182 2923 1332 2958 adoptivi
1342 2921 1438 2951 Micio
1449 2922 1542 2952 solus
1552 2930 1665 2952 secum
1675 2922 1833 2957 loquitur.
