2034 3334
1050 324 1105 366 58

329 450 528 506 Augusto
570 449 794 493 scribens?
826 449 1053 493 Eiusmodi
1076 449 1294 502 ¹vocabulo
1327 451 1364 494 si
1396 452 1603 505 uteretur,
1625 449 1715 494 fere
1744 451 1827 496 hoo

329 526 508 570 diceret:
561 539 714 582 „quam
764 526 885 570 doleo
928 526 1043 582 quod
1074 526 1307 584 Pompeius
1338 529 1431 571 tum
1462 540 1550 571 non
1581 527 1717 584 magis
1746 527 1832 572 fuit

327 607 491 658 cautus,
525 603 720 659 diligens,
752 606 980 647 strenuus:
1016 605 1238 647 victoriam
1270 604 1384 647 enim
1411 603 1464 647 de
1492 603 1670 647 Caesare
1685 617 1830 661 repor-

327 685 418 726 tare
447 679 697 737 potuisset''.
733 681 805 723 An
836 683 1003 737 poetam
1039 680 1225 724 breviter
1254 680 1364 724 illud
1395 679 1556 724 bellum
1589 680 1830 725 describen-

327 761 413 800 tem
444 756 563 800 istud
594 756 768 800 decebat
801 756 1093 800 vocabulum?
1125 756 1272 800 Minus
1299 757 1439 812 etiam,
1455 759 1503 800 ut
1520 757 1683 813 opinor,
1698 771 1829 814 quam

327 834 599 876 historicum:
648 833 717 875 hic
758 833 872 876 enim
918 845 968 877 eo
1000 836 1191 876 utentem
1222 833 1362 877 facere
1391 837 1556 890 poterat
1586 834 1776 890 aliquem
1805 847 1830 878 e

327 909 519 967 Pompeii
549 909 753 966 partibus.
788 909 872 953 Sed
905 910 1020 966 quod
1050 922 1137 953 non
1166 909 1341 954 decebat
1365 912 1508 954 tamen
1537 909 1677 954 dicere
1692 913 1828 955 metro

329 986 570 1043 cogebatur.

386 1064 460 1107 Vs.
490 1065 528 1107 5.
555 1064 721 1107 Arma
751 1064 994 1108 nondum
1026 1065 1281 1120 expiatis
1314 1066 1484 1108 uncta
1514 1063 1833 1109 cruoribus,

329 1140 552 1198 Languida
598 1144 640 1184 et
684 1142 814 1185 nimis
863 1141 1043 1184 verbosa
1088 1141 1262 1185 locutio.
1305 1140 1548 1185 Dicendum
1589 1141 1678 1186 fere
1717 1144 1830 1186 erat:

330 1231 478 1261 arma
513 1219 679 1261 etiam
709 1217 968 1261 fraterno
1001 1219 1282 1274 sanguine
1312 1218 1555 1274 madida,
1585 1219 1655 1262 vel
1684 1233 1833 1263 arma

329 1294 572 1338 nondum
606 1295 850 1351 expiata.
883 1294 934 1338 Id
965 1295 1108 1351 posuit
1139 1298 1264 1351 poeta
1296 1294 1412 1350 quod
1444 1295 1620 1351 plenum
1646 1295 1833 1340 efficeret

330 1384 503 1414 versum
535 1371 771 1414 Alcaicum.

388 1447 462 1491 Vs.
496 1447 534 1490 6.
581 1447 960 1490 Periculosae
1006 1447 1232 1503 plenum
1280 1460 1417 1503 opus
1463 1447 1630 1491 aleae.
1675 1447 1831 1493 Nonne

329 1524 396 1567 his
441 1523 585 1567 verbis
631 1525 774 1580 ipsum
823 1523 983 1567 bellum
1026 1524 1152 1567 civile
1194 1524 1491 1581 significatur?
1522 1524 1613 1568 Vix
1643 1525 1832 1569 dubitari

330 1603 491 1657 potest;
534 1601 609 1644 sed
651 1602 690 1644 si
720 1602 779 1644 ita
811 1604 886 1656 est,
917 1602 1044 1644 etiam
1084 1602 1249 1658 ignes
1283 1602 1612 1657 suppositos
1645 1603 1831 1646 cineri

333 1677 532 1721 doloso
565 1677 619 1720 ad
651 1677 763 1720 idem
791 1677 953 1720 bellum
980 1681 1045 1720 est
1068 1677 1351 1721 referendum.
1378 1677 1538 1720 Parum
1554 1681 1664 1734 apta,
1679 1678 1833 1735 hercle,

331 1755 496 1811 imago!
542 1753 607 1797 Ea
653 1755 767 1797 enim
814 1754 935 1797 nulla
974 1754 1056 1797 alia
1101 1767 1170 1798 res
1216 1754 1398 1798 indicari
1428 1757 1567 1811 potest
1598 1768 1727 1811 quam
1759 1755 1833 1798 illa

333 1844 444 1888 quae
487 1832 626 1888 primo
675 1834 848 1887 aspectu
895 1834 987 1874 tuta
1033 1830 1205 1874 videtur
1246 1834 1376 1887 atque
1418 1831 1630 1876 eiusmodi
1660 1834 1710 1874 ut
1739 1832 1833 1875 sine

331 1908 421 1951 ullo
468 1908 658 1964 periculo
705 1909 823 1964 tangi
864 1909 1122 1964 tractarique
1163 1909 1308 1964 possit,
1339 1920 1486 1951 revera
1518 1911 1660 1951 autem
1692 1909 1834 1964 perni-

335 1986 443 2027 ciem
475 1985 595 2028 affert
623 1987 882 2041 pestemque.
914 1983 970 2026 Et
1001 1988 1067 2027 est
1096 1984 1210 2027 haud
1244 1984 1374 2028 dubie
1407 1986 1601 2027 omnium
1618 1984 1832 2028 malorum

335 2075 465 2104 causa
505 2060 665 2104 bellum
707 2060 845 2117 civile,
877 2060 952 2103 sed
984 2061 1167 2115 cuinam,
1199 2060 1387 2116 obsecro,
1420 2061 1664 2104 mortalium
1696 2061 1833 2105 videri

332 2152 526 2194 unquam
558 2139 700 2194 potuit
729 2151 836 2180 non
867 2138 1140 2194 periculosa?
1173 2138 1242 2181 An
1275 2151 1374 2194 ergo
1401 2138 1481 2181 hoc
1507 2138 1602 2181 vult
1625 2137 1832 2182 Horatius

333 2215 465 2271 (quod
511 2215 717 2271 suspicati
763 2218 866 2257 sunt
917 2214 1132 2270 nonnulli)
1182 2215 1265 2270 ipsi
1309 2214 1496 2257 Pollioni
1542 2214 1832 2271 periculosum

336 2304 429 2334 esse
460 2291 579 2334 illius
610 2290 710 2334 belli
742 2291 960 2334 historiam
993 2289 1198 2344 scribere3
1235 2291 1496 2334 exstinctum
1529 2291 1644 2334 enim
1670 2290 1831 2334 bellum

335 2368 468 2411 videri
514 2369 650 2424 magis
693 2381 822 2424 quam
865 2380 981 2421 esse;
1014 2367 1291 2410 metuendum
1322 2381 1416 2411 esse
1446 2381 1546 2424 ergo
1577 2380 1631 2410 ne
1660 2367 1833 2411 flamma

334 2445 426 2487 eius
473 2445 703 2500 aliquando
749 2445 796 2487 in
840 2445 1056 2500 scriptoris
1105 2445 1286 2487 exitium
1326 2444 1554 2500 erumpat?
1595 2443 1754 2500 Lepida
1783 2456 1833 2487 ea

334 2524 445 2564 esset
471 2522 681 2563 sententia
713 2524 754 2564 et
784 2523 965 2564 venuste
996 2522 1226 2564 enuntiata.
1260 2521 1362 2564 Sine
1392 2522 1578 2576 imagine
1610 2521 1722 2563 enim
1751 2520 1833 2563 hoo

337 2597 494 2638 diceret
539 2595 767 2639 Horatius:
805 2597 1077 2651 „Periculum
1110 2600 1186 2652 est,
1217 2599 1277 2640 mi
1307 2597 1457 2651 Pollio,
1488 2609 1543 2639 ne
1572 2596 1833 2651 imprudenti

334 2672 414 2715 tibi
459 2673 621 2728 aliquid
664 2674 832 2716 excidat
861 2674 975 2729 quod
1005 2675 1112 2716 iram
1143 2674 1452 2717 nonnullorum
1485 2685 1654 2715 movere
1685 2673 1830 2728 possit.

336 2748 503 2790 Vivunt
534 2750 648 2791 enim
679 2750 805 2792 multi
838 2751 914 2805 qui
946 2750 1058 2793 bello
1090 2751 1207 2793 civili
1234 2749 1534 2803 interfuerunt,
1562 2749 1668 2790 vivit
1701 2749 1830 2791 etiam

336 2825 383 2866 in
431 2825 736 2867 nonnullorum
779 2827 932 2869 animis
963 2827 1133 2882 pristini
1165 2827 1253 2869 odii
1285 2826 1467 2881 aliquid:
1500 2838 1588 2868 non
1619 2825 1723 2867 adeo
1755 2838 1828 2869 ex-
