2034 3334
0 2431 2 2460 1

0 3119 46 3334 i

925 436 975 477 19

703 583 848 621 AcTth
880 582 920 619 11
954 582 1096 620 SOENA
1132 580 1167 619 1.

216 710 310 748 Iam
351 709 544 748 abiturus
586 710 653 747 est
693 708 901 752 Phaedria
942 717 1016 755 per
1046 706 1223 745 biduum
1267 729 1319 733 —
1354 707 1716 754 quemadmodum

158 786 325 834 rogavit
350 785 480 823 Thais
510 807 560 812 —-
591 794 790 823 cessurus
817 783 957 822 militi.
986 782 1182 830 Dumque
1209 783 1298 820 stat
1320 783 1363 820 in
1380 782 1528 821 limine
1547 783 1718 822 aedium

159 871 335 900 suarum
363 861 519 899 anxius
546 860 851 909 soHicitusque,
881 859 1195 898 Parmenonem
1222 859 1426 897 admonet
1453 859 1524 897 det
1545 869 1719 907 operam

158 939 207 976 ut
238 938 290 976 ad
322 937 528 976 Thaidem
561 937 824 975 deducantur
854 935 1084 974 Eunuchus
1117 936 1160 973 et
1192 935 1347 977 ancilla
1378 935 1511 983 nigra,
1546 945 1652 982 quos
1680 935 1718 973 ei

159 1011 427 1061 promiserat.
461 1013 652 1060 Tamque
683 1012 828 1051 crebro
860 1011 1040 1050 eandem
1071 1020 1164 1049 rem
1197 1011 1472 1049 commendat
1503 1015 1639 1059 servo,
1673 1012 1722 1049 ut

161 1088 232 1126 ille
264 1089 316 1127 ad
348 1090 594 1127 extremum
626 1088 762 1126 iratus
793 1087 962 1136 roganti
993 1087 1095 1125 hero
1129 1088 1220 1133 (vs.'
1242 1087 1363 1132 208):

588 1164 710 1202 Satin
741 1164 820 1202 hoc
853 1163 1152 1202 mandatumst
1187 1163 1296 1201 tibi?

161 1240 436 1289 respondeat:
554 1231 557 1237 ’

727 1315 807 1364 Ah,
841 1316 1025 1364 rogitare
1058 1315 1180 1363 quasi
1212 1314 1380 1353 difficile
1412 1314 1482 1353 sit.

339 1392 517 1430 Utinam
549 1393 640 1430 tam
673 1391 832 1439 aliquid
864 1391 1055 1429 invenire
1087 1390 1211 1429 facile
1243 1390 1394 1439 possis,
1429 1389 1649 1438 Phaedria,

339 1467 476 1516 Quam
507 1467 587 1505 hoc
618 1467 783 1515 peribit.

164 1542 422 1581 Parmenoni
456 1543 571 1581 enim
605 1543 687 1592 qui,
720 1545 766 1581 ut
793 1542 994 1591 vidimus,
1025 1542 1232 1581 Thaidem
1260 1541 1508 1591 contemnit,
1529 1540 1720 1590 despicit,

127 1546 252 1671 'odit
285 1619 349 1662 (cf.
385 1619 484 1657 ante
518 1619 663 1657 omnia
694 1629 758 1657 vs.
797 1619 901 1656 123:
935 1618 1029 1667 „hic
1057 1628 1221 1665 quoque
1248 1617 1406 1656 bonam
1432 1627 1722 1665 magnamque

164 1695 332 1742 partem
360 1695 412 1733 ad
439 1696 482 1733 te
505 1694 694 1743 attulit”‚
718 1704 909 1742 quaeque
928 1694 1068 1733 demo
1086 1704 1215 1732 versu
1233 1693 1560 1731 observavimus
1578 1704 1616 1741 p.
1640 1693 1720 1741 11),

165 1769 366 1817 quidquid
413 1770 563 1809 Thaidi
610 1770 739 1809 herus
782 1771 855 1809 dat
897 1770 1071 1819 perdere
1114 1770 1185 1808 ille
1226 1769 1408 1808 videtur.
1443 1768 1550 1808 Cum
1582 1768 1722 1817 lepida

165 1855 264 1894 ergo
311 1848 355 1885 et
396 1846 574 1884 ridicula
615 1846 847 1885 acerbitate
889 1855 986 1894 pro:
1035 1845 1114 1894 „ad
1156 1845 1363 1883 Thaidem
1405 1844 1520 1882 istud
1562 1845 1721 1882 donum

165 1921 412 1968 perveniet”
457 1921 580 1959 dicit:
619 1922 724 1970 „hoc
754 1921 950 1970 peribit.”
985 1920 1045 1959 Of.
1079 1920 1217 1959 Plaut.
1252 1920 1373 1959 Truc.
1408 1920 1461 1970 Π,
1498 1921 1535 1970 7,
1574 1921 1649 1959 16;

292 2041 297 2046 ,
344 1996 617 2034 meretricem
658 2007 734 2044 ego
777 1996 838 2035 ita
880 2007 974 2035 esse
1017 2007 1112 2035 reor
1147 2007 1268 2034 mare
1300 1997 1349 2034 ut
1381 1997 1469 2034 est:
1505 1996 1614 2043 quod
1647 1995 1721 2033 des

285 2071 461 2109 devorat
492 2082 570 2109 nec
601 2082 791 2119 unquam
833 2069 838 2122 1
882 2072 1094 2110 Abundat.

169 2148 212 2184 et
252 2146 349 2185 Tac.
393 2146 504 2185 Hist.
548 2146 579 2195 Ι,
624 2147 679 2185 30
718 2127 786 2192 (de
825 2147 1027 2192 Othone):
1075 2147 1274 2196 „perdere
1307 2146 1389 2184 iste
1417 2146 1536 2196 sciet,
1567 2147 1722 2184 donare

168 2222 371 2261 nesciet.”

226 2298 453 2337 Praeterea
503 2298 583 2336 hoc
622 2298 851 2337 verissime
893 2284 1071 2336 annotat
1113 2297 1374 2336 Scholiasta:
1422 2297 1724 2347 „Phaedria

169 2371 321 2433 ἠθικῶς
367 2373 663 2422 interiectum;
711 2375 859 2412 monet
906 2373 1022 2411 enim
1064 2383 1215 2411 servus
1257 2373 1297 2411 id
1340 2374 1449 2420 quod
1491 2373 1724 2411 Phaedriae

169 2448 515 2497 inexspectatum
547 2460 642 2488 esse
673 2450 836 2498 putet.’'

228 2524 444 2581 Eiebiliter
476 2510 604 2564 herus
636 2525 885 2573 respondet:

434 2601 520 2649 Ego
553 2611 718 2648 quoque
749 2611 835 2638 una
867 2610 991 2648 pereo
1025 2600 1134 2647 quod
1166 2600 1318 2638 mihist
1351 2600 1503 2638 carius.

436 2676 497 2715 Ne
531 2676 642 2714 istuc
673 2677 765 2714 tam
797 2676 940 2723 iniquo
973 2675 1137 2722 patiare
1170 2675 1327 2714 animo.

172 2750 281 2790 Tum
319 2762 492 2790 servus:
531 2751 748 2801 „minime-
768 2751 839 2798 qui
871 2751 1073 2788 effectum
1105 2751 1232 2788 dabo:
1267 2751 1341 2789 sed
1373 2734 1580 2798 numquid
1612 2751 1725 2790 aliud

173 2827 419 2875 imperas?’'
443 2828 523 2866 Pro
552 2828 642 2875 qui
669 2827 941 2865 effectum
968 2826 1187 2874 BentleJ‘us
1205 2827 1336 2874 quin
1362 2810 1596 2876 factum,
1617 2837 1725 2874 quae

172 2901 297 2941 lectio
344 2903 457 2942 haud
504 2903 627 2941 dubie
669 2903 860 2951 praestat
901 2902 1115 2951 vulgatae,
1155 2912 1284 2949 quam
1316 2902 1553 2950 intelligere
1585 2903 1728 2950 potest

174 2988 313 3017 nemo.
348 2980 413 3017 Ad
445 2979 575 3018 verba
599 2974 700 3017 vsed
733 2962 997 3025 numquid
1030 2978 1182 3016 aliud
1214 2979 1460 3026 imperas
1489 2978 1742 3023 Scholiastav
