2034 3334
931 375 1012 416 127

397 501 593 546 Carmine
623 501 845 557 formosae,
878 502 1014 557 pretio
1046 501 1276 556 capiuntur
1306 511 1479 542 avarae:

457 578 662 634 Gaudeat,
695 582 744 621 ut
776 578 958 634 dignast,
989 576 1188 620 versibus
1219 576 1294 618 illa
1323 577 1441 619 meis.

278 680 464 736 Elegans
497 691 752 735 componere
783 677 1060 734 proverbium
1093 676 1283 718 voluisse
1314 676 1496 730 videtur,
1527 688 1613 717 non
1654 675 1721 716 in—

221 758 345 799 timas
392 756 572 811 pectoris
604 767 799 811 promere
840 754 1128 810 cogitationes.
1159 752 1370 808 Qui
1400 765 1501 794 vero
1534 751 1720 794 dolorem

220 836 263 876 et
291 834 375 888 ipsi
406 833 628 887 sentimus,
662 831 736 874 ubi
767 830 834 886 (V,
868 832 907 885 5,
934 831 988 871 53
1015 843 1076 885 sq.
1105 833 1147 872 et
1176 830 1230 870 56
1261 830 1337 884 sq.)
1355 829 1509 884 plenus
1525 828 1721 884 indigna—

220 911 349 952 tionis
382 923 503 951 suam
537 908 725 964 puellam
757 907 860 950 haec
891 920 916 949 a
946 906 1043 949 lena
1074 893 1275 948 didicisse
1307 904 1451 961 fingit:

399 1011 570 1052 Aurum
604 1012 801 1065 spectato,
831 1021 919 1050 non
952 1020 1061 1063 quae
1092 1020 1246 1049 manus
1278 1004 1423 1049 afferat
1454 1019 1621 1048 aurum.

459 1085 669 1129 Versibus
700 1085 857 1127 auditis
890 1084 994 1140 quid
1025 1084 1110 1126 nisi
1141 1083 1271 1126 verba
1301 1083 1444 1126 feres?

403 1161 488 1213 Qui
517 1174 681 1216 versus,
714 1160 823 1203 Coae
855 1160 1017 1203 dederit
1047 1172 1127 1202 nec
1159 1172 1338 1202 munera
1372 1160 1512 1214 vestis,

460 1238 592 1281 Istius
622 1237 700 1280 tibi
731 1238 787 1280 sit
818 1236 949 1279 surda
979 1236 1075 1301 sige
1103 1249 1199 1299 aere
1230 1236 1334 1290 lyra.

284 1341 396 1397 Apte
442 1353 540 1396 ergo
587 1339 659 1382 ille
705 1351 894 1394 suaeque
935 1341 1114 1380 naturae
1157 1337 1463 1379 convenienter
1504 1336 1557 1379 de
1597 1337 1723 1378 amici

225 1418 356 1481 Qefi,
401 1418 478 1473 qui
518 1416 642 1458 domo
682 1415 897 1471 profectus
938 1417 987 1457 ut
1029 1417 1267 1457 mercatura
1298 1426 1387 1455 rem
1417 1413 1585 1468 faceret,
1616 1426 1723 1455 nau-

224 1493 358 1549 fragio
385 1493 520 1548 periit,
547 1504 813 1547 conquerens
838 1492 883 1532 in
901 1492 996 1533 auri
1013 1503 1176 1533 sacram
1191 1490 1348 1532 famem
1364 1489 1595 1544 invehitur,
1613 1501 1723 1545 quae

226 1573 408 1625 quantas
439 1568 604 1611 afferret
636 1567 885 1611 mortalibus
917 1567 1111 1609 miserias
1142 1568 1234 1622 ipse
1261 1578 1386 1622 saepe
1413 1569 1477 1608 est
1507 1569 1722 1621 expertus.

225 1645 447 1687 Praeclara
479 1644 650 1700 quidem
682 1648 771 1686 tota
802 1647 877 1698 est,
909 1657 1038 1699 quam
1073 1643 1124 1686 de
1150 1643 1229 1685 hoc
1261 1645 1510 1698 argumento
1543 1643 1724 1698 scripsit,

226 1721 368 1777 elegia,
400 1721 474 1763 sed
505 1721 551 1762 hi
581 1733 732 1763 versus
765 1721 915 1762 ceteris
948 1719 1148 1762 omnibus
1180 1723 1395 1775 praestare
1426 1719 1649 1762 videntur:

77 1819 153 1883 Il),
187 1822 225 1842 *⁴
286 1823 342 1864 43
405 1821 527 1872 Quod
559 1823 597 1864 si
627 1824 854 1863 contentus
885 1821 1022 1876 patrio
1058 1820 1167 1862 bove
1198 1823 1383 1862 verteret
1411 1833 1548 1876 agros,

196 1889 200 1909 '¹
462 1897 691 1953 Verbaque
723 1898 920 1940 duxisset
950 1896 1119 1952 pondus
1150 1895 1305 1938 habere
1337 1909 1443 1951 mea,

405 1973 582 2016 Viveret
613 1978 711 2017 ante
741 1987 843 2016 suos
876 1974 1014 2016 dulcis
1046 1974 1227 2015 conviva
1264 1972 1457 2027 PenateS,

464 2049 644 2105 Pauper,
675 2054 717 2092 at
747 2051 794 2091 in
825 2053 949 2104 terra,
981 2049 1043 2091 nil
1075 2049 1150 2091 ubi
1180 2049 1282 2091 flare
1313 2052 1462 2105 potest.

0 2248 2 2296 l

0 2299 1 2348 l

291 2376 475 2419 Tandem
519 2378 746 2432 aliquando
786 2378 954 2433 puellae
988 2379 1168 2420 iniurias
1201 2378 1363 2420 diutius
1395 2377 1505 2420 ferre
1536 2391 1621 2419 non
1653 2391 1726 2434 po-

12 2469 70 2518 ,³29
232 2456 335 2505 test3
368 2454 546 2495 accessit
582 2454 694 2495 enim
726 2453 882 2495 doloris
914 2467 1044 2496 causa
1074 2454 1287 2509 prioribus
1321 2453 1521 2495 omnibus
1555 2455 1728 2509 gravior

1 2515 81 2589 ,a
233 2528 327 2583 (111,
360 2529 427 2587 19,
461 2528 513 2569 17
549 2529 679 2583 sqq.):

414 2619 521 2662 Cum
553 2632 654 2662 sene
684 2633 770 2661 non
801 2620 955 2675 puduit
986 2620 1113 2662 talem
1146 2620 1331 2663 dormire
1362 2621 1561 2677 puellam,

472 2695 528 2738 Et
558 2708 688 2738 canae
717 2696 841 2738 toties
872 2695 1019 2738 oscula
1048 2695 1157 2737 ferre
1188 2709 1355 2749 comae3

414 2773 473 2814 At
502 2775 550 2814 tu
582 2772 706 2814 etiam
738 2772 936 2813 iuvenem
969 2771 1096 2813 odisti
1127 2784 1206 2827 me,
1239 2771 1410 2827 perfida,
1441 2786 1536 2815 cum
1576 2773 1636 2815 sis

472 2847 571 2906 Ipsa
601 2861 710 2890 anus
740 2847 855 2889 haud
885 2847 1012 2902 longa
1042 2860 1174 2889 curva
1203 2847 1349 2890 futura
1381 2848 1458 2890 die.
