2034 3334
1002 370 1028 411 5

337 494 387 536 In
430 507 514 549 qua
553 493 742 537 Fortuna
782 495 970 537 secunda
1012 496 1179 551 egregie
1217 495 1372 537 dicitur
1401 508 1425 536 a
1438 493 1491 535 lb
1504 507 1527 535 o
1561 507 1585 535 a
1597 494 1770 535 mictu

279 584 305 610 v
317 570 486 624 elata,
528 583 667 626 neque
710 571 852 613 minus
886 572 1051 627 egregie
1083 584 1105 612 c
1117 585 1142 613 a
1153 584 1182 612 n
1193 585 1216 612 a
1247 570 1344 612 Fid
1357 583 1379 612 e
1393 583 1413 612 s
1444 582 1690 625 permanere
1720 581 1769 611 eo

277 646 381 700 loco,
412 659 538 701 quem
570 646 654 701 illa,
686 660 728 688 m
741 650 798 689 ut
810 651 897 689 ata
929 661 956 688 v
967 660 991 690 e
1003 650 1051 690 st
1064 660 1087 689 e
1116 648 1142 689 i.
1159 660 1192 689 e.
1222 646 1400 688 adversa
1415 645 1537 699 facta,
1553 645 1768 700 relinquit.

276 771 310 826 1,
343 771 409 813 37.
575 770 703 814 Nunc
735 775 799 814 est
830 771 1073 826 bibendum,
1105 784 1220 813 nunc
1251 770 1356 827 pede
1386 769 1518 812 libero

571 846 786 890 Pulsanda
815 847 955 902 tellus,
987 860 1102 889 nunc
1135 846 1369 890 Saliaribus

634 922 796 966 Ornare
827 923 1027 979 pulvinar
1059 923 1235 965 deorum

689 999 873 1055 Tempus
905 1002 993 1042 erat
1024 998 1217 1054 dapibus,
1249 998 1425 1041 sodales.

334 1124 488 1167 Nonne
528 1137 678 1167 verum
712 1127 788 1179 est,
820 1124 935 1180 quod
965 1123 1288 1180 Peerlkampius
1320 1123 1447 1165 allata
1477 1121 1770 1177 exemplorum

279 1200 393 1244 nube
441 1201 711 1255 demonstrat,
756 1204 849 1243 tum
898 1201 1068 1243 demum
1116 1203 1227 1243 recte
1268 1205 1490 1255 tempus
1522 1202 1642 1241 erat
1671 1211 1769 1240 cum

278 1276 422 1332 aliquo
463 1276 676 1319 infinitivo
718 1277 921 1333 coniungi
957 1291 1119 1332 „quum
1152 1277 1409 1319 contrarium
1442 1275 1607 1327 accidit,
1642 1288 1771 1330 quam

276 1352 389 1407 quod
431 1353 526 1395 iure
569 1352 752 1408 quodam
795 1353 1009 1408 postulare
1041 1352 1164 1394 nobis
1197 1350 1454 1394 videmur’'?
1485 1350 1640 1393 Nonne
1671 1363 1771 1406 ergo

276 1428 410 1470 multo
442 1429 536 1470 eius
567 1428 691 1471 lectio
724 1432 923 1471 ornate
957 1428 1154 1484 vulgatae
1186 1428 1405 1484 praestat?

336 1503 391 1559 Π,
426 1504 461 1545 1.
494 1503 739 1547 Memoratis
772 1503 872 1547 belli
905 1504 1042 1547 civilis
1074 1505 1258 1547 miseriis
1290 1504 1394 1547 haec
1427 1504 1545 1546 addit
1575 1506 1720 1559 poeta:

573 1628 657 1672 Sed
687 1642 742 1672 ne
773 1629 945 1683 relictis,
976 1628 1101 1672 Musa
1131 1641 1301 1684 procax,
1331 1629 1436 1671 iocis

573 1704 680 1748 Ceae
710 1708 912 1748 retractes
945 1717 1124 1748 munera
1156 1705 1344 1747 naeniae.

339 1830 471 1874 Estne
512 1830 668 1887 aliquis
711 1832 787 1886 qui
830 1843 884 1873 ex
915 1831 1047 1872 animi
1078 1832 1287 1873 sententia
1319 1830 1531 1873 declarare
1562 1831 1696 1886 possit
1728 1843 1773 1873 se

282 1918 421 1961 neque
470 1907 515 1948 in
563 1906 691 1949 verbo
737 1910 1055 1949 retractare
1102 1919 1242 1962 neque
1283 1908 1328 1948 in
1374 1907 1589 1949 locutione
1636 1906 1774 1949 Ceae

280 1983 515 2025 naeniae
546 1996 775 2025 munera
805 1983 1010 2026 haerere?
1044 1982 1198 2025 Nonne
1230 1996 1329 2039 ergo
1357 1996 1403 2025 se
1429 1986 1512 2025 tam
1541 1983 1774 2038 elegantiae

283 2070 411 2112 quam
468 2060 622 2101 sinceri
677 2060 885 2102 sermonis
941 2060 1115 2102 nomine
1173 2059 1441 2101 commendat
1491 2058 1774 2114 Peerlkampii

284 2134 526 2176 coniectura

574 2234 657 2278 Sed
685 2248 740 2278 ne
770 2248 815 2290 r.,
845 2235 900 2277 M.
933 2249 987 2291 p.,
1017 2237 1043 2277 i.

580 2309 662 2352 Cea
690 2314 890 2354 retractes
920 2312 1098 2354 vulnera
1128 2310 1316 2354 naenia?

344 2434 399 2490 H,
432 2435 470 2476 2.
516 2434 665 2477 Virtus
710 2447 896 2491 veraque
937 2437 1143 2492 sapientia
1183 2436 1342 2492 Regem
1384 2436 1598 2479 crudelem
1641 2437 1775 2479 inius-

286 2513 465 2566 tumque
496 2523 595 2553 vere
626 2510 796 2553 beatum
828 2524 921 2554 esse
950 2512 1122 2568 negabit

786 2639 965 2682 regnum
997 2631 1038 2669 et
1069 2627 1262 2669 diadema
1291 2630 1435 2670 tutum

581 2702 787 2746 Deferens
820 2704 897 2745 uni
929 2705 1228 2759 propriamque
1258 2704 1442 2759 laurum,

582 2778 788 2835 Quisquis
818 2781 1013 2835 ingentes
1045 2780 1166 2822 oculo
1198 2781 1392 2823 irretorto

698 2855 865 2911 Spectat
895 2868 1077 2898 acervos.
