2034 3334
1014 384 1071 423 60

259 508 317 546 sit
353 508 619 557 propositum
651 509 987 558 postulatumve.
1020 509 1303 550 conferantur
1333 521 1389 550 ex
1419 511 1574 552 Latina
1602 511 1823 567 &Q

260 582 482 638 Iphigenia
512 584 556 623 in
587 584 741 624 Aulide
772 584 991 625 notissimi
1025 595 1198 625 versus:
1668 579 1669 582 ’

377 659 437 699 Ut
468 670 546 709 ego
578 660 741 709 plectar
771 661 882 710 quod
914 662 962 701 tu
993 671 1158 711 peccas,
1192 663 1240 701 tu
1271 662 1482 712 delinquis
1513 672 1591 712 ego
1622 672 1779 713 arguar

259 737 300 775 et
363 737 434 785 qui
491 738 741 787 sequuntur,
799 737 953 786 quibus
1010 737 1312 787 Agamemnon
1357 738 1586 789 respondet
1630 735 1830 781 Menelao

258 812 505 862 Iphigeniae
532 813 726 862 poscenti
752 812 1025 853 sacrificium.
1053 814 1368 864 Respondentis
1394 816 1473 865 est,
1502 825 1587 855 non
1603 814 1824 865 disputare

259 888 516 938 incipientis.
550 888 715 928 Tamen
746 888 816 929 hic
847 889 950 929 illud
981 891 1040 929 ut
1071 889 1115 929 in
1146 890 1284 940 primo
1316 901 1471 931 scenae
1498 900 1627 931 versu
1651 889 1821 940 legitur.

258 964 380 1013 Ergo,
424 965 473 1003 ut
514 964 780 1004 scholiastae
822 965 966 1004 verbis
1006 966 1126 1005 utar:
1175 965 1270 1015 „hic
1310 976 1454 1006 sermo
1495 966 1558 1007 sic
1599 965 1740 1016 prodit
1773 966 1824 1006 ut
1850 1003 1857 1009 .,

258 1041 355 1089 post
380 1050 557 1080 scenam
586 1039 813 1080 inchoatus
841 1051 937 1080 esse
963 1041 1204 1081 videatur.''
1232 1041 1298 1081 Ad
1324 1043 1524 1082 nostrum
1549 1051 1653 1082 vero
1677 1041 1822 1083 locum

258 1116 498 1166 adscripsit,
533 1126 641 1165 quae
673 1126 758 1155 non
790 1116 963 1165 quidem
994 1119 1087 1156 tam
1119 1117 1208 1157 sint
1239 1117 1400 1157 diserta
1430 1118 1506 1158 sed
1532 1119 1682 1159 tamen
1706 1117 1823 1159 idem

257 1190 522 1240 significent:
570 1193 774 1241 „apparet
815 1192 1087 1232 Gnathonem
1130 1194 1174 1232 et
1210 1193 1530 1233 dehortatorem
1561 1203 1660 1234 esse
1689 1194 1821 1234 certa-

257 1267 390 1306 minis
431 1268 475 1307 et
515 1268 568 1307 ad
610 1268 762 1317 pocula
802 1268 989 1308 militem
1029 1270 1304 1318 provocare.''
1346 1269 1409 1309 Ne
1450 1269 1620 1310 dubites
1658 1268 1822 1320 inspice

258 1343 583 1383 annotationem
631 1355 740 1393 quae
781 1345 834 1384 ad
875 1355 940 1385 vs.
987 1346 1098 1386 1025
1142 1345 1320 1395 legitur:
1367 1356 1564 1396 „semper
1603 1355 1632 1387 a
1669 1354 1824 1389 mensa

258 1420 427 1460 Gnatho
454 1420 618 1459 invitus
644 1420 931 1469 abstrahitur;
960 1431 1063 1460 nam
1090 1422 1134 1460 et
1159 1413 1290 1470 supra
1317 1432 1416 1461 cum
1442 1421 1496 1461 ad
1510 1421 1635 1461 litem
1649 1421 1822 1463 venitur

258 1507 313 1535 ex
339 1496 482 1535 verbis
508 1496 743 1535 Thrasonis
769 1489 1052 1536 manifestum
1080 1498 1148 1536 est
1174 1497 1445 1536 Gnathonem
1477 1496 1664 1537 invitum
1684 1497 1819 1547 sequi,

257 1573 328 1611 ubi
370 1572 495 1611 dicit:
538 1572 721 1612 hancine
762 1582 840 1621 ego
882 1574 931 1612 ut
962 1573 1271 1612 contumeliam
1303 1574 1394 1613 tam
1427 1572 1641 1621 insignem
1672 1572 1718 1614 in
1747 1582 1820 1613 me

257 1649 478 1698 accipiam,
523 1649 692 1688 Gnatho
703 1649 752 1687 ‘?”
794 1649 925 1688 Vides
967 1659 1098 1698 quam
1134 1649 1241 1688 bene
1273 1648 1471 1698 egregius
1501 1648 1573 1688 ille
1604 1658 1819 1691 commen-

256 1725 372 1763 tator
402 1724 668 1774 perspexerit
700 1725 859 1764 omnia.

316 1800 435 1839 Haec
481 1792 599 1839 addit
644 1800 830 1840 Thraso:
883 1801 1019 1850 „mori
1065 1811 1136 1840 me
1182 1800 1383 1850 satiust,’'
1431 1802 1560 1850 atque
1605 1800 1687 1841 hoc
1731 1801 1820 1841 fere

257 1877 436 1914 annotat
463 1875 724 1915 Scholiasta:
757 1877 905 1925 „quasi
931 1886 1033 1916 vero
1060 1876 1113 1915 ad
1139 1876 1325 1925 iurgium
1353 1886 1453 1916 cum
1479 1875 1640 1916 Thaide
1665 1876 1821 1917 mortis

257 1953 507 2000 contemptu
539 1962 646 2001 opus
677 1952 777 1991 sit.”

322 2028 538 2078 „Simalio,
567 2028 730 2078 DonaX,
760 2029 942 2078 Syrisce,
972 2028 1231 2077 sequimini”
1261 2028 1422 2074 clamat
1447 2027 1575 2068 miles
1601 2031 1680 2074 (vs.
1703 2028 1818 2075 772).

257 2104 437 2152 Egregia
467 2105 535 2143 est
566 2104 617 2143 ad
651 2104 764 2143 hunc
794 2090 937 2143 locum
970 2103 1235 2143 Scholiastae
1262 2104 1505 2143 annotatio:
1536 2103 1821 2153 „Huiusmodi

226 2218 227 2221 ,
257 2180 414 2219 militia
446 2191 520 2229 per
551 2180 790 2219 tumultum
821 2181 996 2229 repente
1023 2180 1257 2230 suscipitur
1282 2182 1326 2219 et
1351 2180 1507 2219 dicitur
1533 2179 1817 2232 evocatio,
1895 2224 1906 2233 α

257 2256 327 2294 ubi
375 2257 462 2294 dux
509 2257 739 2305 alloquitur
779 2257 925 2295 cives:
975 2257 1066 2305 qui
1112 2267 1223 2296 rem
1261 2255 1555 2305 publicam
1601 2254 1820 2295 salvam

257 2331 440 2370 vultis
482 2343 562 2371 me
605 2332 927 2381 sequimini.
961 2332 1084 2372 Unde
1115 2332 1343 2381 Virgilius:

1063 2409 1323 2456 desuetaque
1355 2407 1464 2447 bello

435 2483 622 2532 Agmina
654 2485 697 2523 in
729 2495 852 2523 arma
882 2485 1009 2523 vocat
1038 2483 1180 2522 subito
1212 2483 1457 2535 ferrumque
1488 2483 1707 2532 retractat,
1727 2478 1857 2542 si*
2006 2513 2034 2542 Α

18 2570 82 2665 β
105 2563 189 2628 β
224 2550 371 2622 (Ades)
436 2559 531 2607 Ipse
559 2561 685 2598 vocat
717 2570 904 2615 pugnas:
938 2560 1132 2608 sequitur
1162 2560 1258 2598 tum
1290 2560 1433 2598 cetera
1463 2558 1639 2607 pubesss’
1685 2539 1948 2614 'Qg
2014 2592 2021 2601 1.

72 2617 98 2627 ⁴
259 2633 395 2671 Minae
434 2634 667 2673 Tlnasonis
699 2636 778 2673 hae
811 2636 934 2673 sunt:
973 2635 1188 2683 „primum
1219 2634 1337 2673 aedis
1369 2633 1674 2683 expugnabcffi
1711 2633 1818 2683 „vir-
1865 2601 2022 2687 ,ζί

258 2709 401 2756 ginem
439 2710 670 2757 eripiam;'’
709 2711 848 2759 „male
880 2711 1077 2750 mulcabo
1109 2711 1292 2759 ipsam.’'
1326 2709 1441 2759 Quae
1472 2710 1531 2748 sit
1560 2708 1688 2747 huius
1719 2718 1817 2747 enu-
2006 2706 2008 2711 ’

258 2785 510 2822 mei-ationis
552 2787 758 2824 venustas
800 2786 922 2824 docet
965 2786 1204 2825 Scholiasta
1239 2785 1321 2824 hac
1351 2785 1649 2824 annotatione:
1686 2783 1826 2834 „Vide

258 2859 450 2897 ordinem
494 2860 604 2898 belli.
649 2861 792 2899 P11mo
835 2862 1094 2909 expugnatio
1136 2861 1379 2908 moenium;
1421 2861 1516 2899 tum
1553 2859 1817 2908 recuperatio

259 2937 481 2983 captaium
514 2946 679 2984 rer;um
715 2937 889 2975 demum
920 2947 1056 2986 poena
1086 2936 1391 2986 praedonum?
