2034 3334
1039 388 1122 431 108

290 515 514 555 obtestans
545 515 597 554 de
628 525 709 555 sua
739 515 917 555 miseria
948 516 1083 565 deque
1114 515 1192 556 filii
1223 516 1415 566 nequitia
1445 516 1723 559 lamentatur.
1754 516 1861 560 Gon·

290 593 417 642 spicit
463 602 564 631 eum
610 592 744 632 frater
790 593 834 632 et
874 593 975 642 quid
1007 594 1201 634 evenerit
1231 593 1383 634 statim
1415 594 1655 643 divinatum
1686 593 1862 644 iamque

290 678 418 707 omne
464 668 795 708 maledictorum
841 670 978 718 genus
1023 669 1095 709 ille
1142 670 1186 709 in
1228 669 1374 710 animo
1416 669 1599 720 collegit,
1633 670 1723 711 iam
1753 663 1862 712 haec

287 744 419 784 verba
449 744 699 784 acerbitatis
730 744 857 794 plena
887 755 1037 784 secum
1069 743 1202 785 dixit:

1157 821 1318 862 Eccum
1349 822 1474 862 adest

466 897 720 938 Communis
752 898 994 947 corruptela
1024 899 1224 938 nostrum
1255 898 1452 949 liberum,

287 983 386 1012 cum
413 973 661 1023 placaturus
687 973 822 1013 frater
848 974 1013 1014 accedit
1039 974 1187 1023 iraque
1212 974 1504 1015 insanientem
1524 974 1589 1014 sic
1604 969 1859 1025 alloquitur:

464 1049 656 1089 Tandem
688 1050 874 1099 reprime
906 1050 1175 1090 iracundiam
1206 1051 1336 1100 atque
1367 1050 1420 1091 ad
1451 1051 1496 1090 te
1526 1049 1630 1091 redi.

345 1126 428 1166 Hic
460 1126 555 1165 ille:

463 1202 666 1252 Repressi
697 1203 826 1243 redii:
860 1203 990 1243 mitto
1021 1203 1255 1244 maledicta
1286 1204 1455 1244 omnia:

463 1279 574 1318 Rem
605 1280 747 1329 ipsam
778 1281 1006 1329 putemus:
1040 1280 1205 1320 dictum
1236 1280 1318 1320 hoc
1348 1281 1462 1321 inter
1492 1290 1573 1321 nos
1602 1280 1708 1321 fuit:
1768 1286 1773 1293 ·

463 1355 528 1395 Ex
560 1357 603 1396 te
635 1357 741 1396 adeo
773 1357 842 1396 est
872 1358 1030 1407 ortum,
1063 1367 1117 1396 ne
1148 1358 1197 1396 tu
1229 1367 1403 1397 curares
1434 1367 1597 1408 meum,

463 1433 581 1472 Neve
613 1443 691 1482 ego
723 1434 871 1473 tuum:
905 1433 1127 1483 responde.
1347 1427 1350 1433 ’

284 1508 398 1547 Nihil
444 1509 600 1548 horum
647 1509 850 1558 intelligit
894 1510 968 1558 qui
1013 1508 1224 1549 vocabula
1268 1509 1572 1550 tantummodo
1616 1509 1734 1560 legit,
1780 1509 1858 1550 sed
1931 1510 1937 1515 '
1997 1489 2010 1511 ’

284 1594 441 1623 sonum
483 1594 633 1624 eorum
675 1595 760 1624 non
798 1585 930 1625 audit.
963 1585 1126 1624 Verum
1158 1586 1331 1634 praesto
1362 1585 1486 1625 nobis
1517 1586 1585 1625 est
1616 1584 1861 1626 Scholiasta

284 1660 515 1710 praeclaris
546 1661 920 1700 annotationibus:

347 1737 665 1787 „Repressi‚
700 1737 867 1777 redii:
900 1737 995 1777 Non
1019 1737 1121 1786 quid
1153 1737 1331 1787 dicatur,
1365 1737 1441 1777 sed
1472 1746 1556 1786 quo
1587 1738 1715 1787 gestu
1746 1737 1857 1779 dica—

283 1814 354 1852 tur
403 1814 564 1863 specta,
613 1814 657 1853 et
701 1813 867 1852 videbis
914 1823 1052 1861 neque
1097 1813 1356 1863 repressisse
1402 1812 1543 1852 adhuc
1587 1811 1858 1853 iracundiam
1894 1817 1899 1823 '

283 1900 420 1938 neque
463 1890 516 1929 ad
547 1900 594 1929 se
626 1890 805 1929 rediisse
835 1889 1058 1939 Demeam,
1092 1890 1166 1929 sed
1199 1899 1331 1938 quam
1362 1889 1475 1928 mira
1506 1890 1575 1929 est
1604 1890 1735 1939 atque
1765 1898 1856 1939 per·
1932 1880 1933 1884 ¹
2003 1874 2015 1886 ⁵

282 1966 432 2014 spicua
476 1965 714 2015 moralitas,
764 1966 808 2004 in
854 1965 1103 2005 huiusmodi
1149 1965 1277 2005 rebus
1324 1965 1544 2015 apparet.”
1594 1965 1650 2006 Et
1698 1964 1856 2015 „Rem

283 2042 462 2090 ipsam
495 2042 770 2090 putemus.
803 2041 983 2080 Videtur
1013 2041 1140 2090 paulo
1173 2041 1301 2081 citius
1328 2041 1696 2091 destomachatus,
1724 2050 1856 2090 quam

283 2129 352 2157 res
395 2118 528 2158 etiam
571 2118 735 2157 incerta
776 2118 1049 2167 exposcebat.
1089 2117 1170 2157 Sed
1202 2119 1247 2157 et
1277 2117 1358 2158 hoc
1389 2117 1567 2157 morale.
1599 2116 1712 2157 Nam
1742 2117 1858 2158 iuste

284 2195 381 2233 irati
428 2195 593 2234 omissa
634 2194 819 2233 saevitia
860 2194 913 2233 ad
959 2193 1312 2233 ratiocinationes
1357 2203 1487 2242 saepe
1532 2184 1772 2233 festinant.>
1801 2190 1858 2233 Et

285 2269 506 2319 praeterea
552 2270 656 2309 illud
698 2270 874 2319 accedit,
914 2269 1025 2318 quod
1068 2279 1153 2308 non
1186 2269 1352 2308 invenit
1383 2269 1494 2317 quod
1526 2269 1615 2308 iam
1647 2265 1862 2318 condigne·

284 2346 409 2395 dicat,
459 2346 590 2385 simul
637 2346 771 2385 etiam
817 2346 918 2394 quia
963 2346 1199 2395 increpitus
1245 2346 1314 2385 est
1354 2356 1380 2384 a
1420 2346 1565 2395 fratre,
1599 2344 1713 2394 quod
1742 2343 1855 2395 apud
1914 2395 1919 2398 η
1994 2346 1997 2386 i

283 2433 329 2460 se
362 2422 450 2460 iam
483 2433 568 2461 non
599 2423 658 2461 sit
688 2433 764 2471 per
795 2422 1063 2461 iracundiam
1095 2421 1445 2460 vehementem.”

342 2498 445 2536 Hec.
495 2499 593 2537 516.
637 2497 872 2547 Phidippus
903 2498 1191 2537 remissurum
1221 2507 1270 2537 se
1301 2496 1436 2536 ffliam
1469 2496 1647 2537 Lacheti
1677 2496 1855 2546 eiusque

283 2572 369 2611 filio
397 2573 518 2621 dixit,
548 2576 593 2612 at
620 2574 689 2612 hic
715 2574 874 2622 effugia
900 2573 1079 2622 quaerit.
1108 2573 1231 2612 Modo
1258 2573 1374 2612 enim
1402 2583 1458 2612 ex
1483 2573 1638 2612 itinere
1653 2581 1855 2612 reversus

285 2658 474 2697 causam,
515 2659 588 2686 cur
621 2649 774 2687 abierit
806 2649 890 2698 illa,
926 2649 1138 2688 eiusmodi
1170 2649 1305 2688 fuisse
1338 2649 1538 2698 cognovit
1567 2649 1618 2688 ut
1647 2649 1738 2688 iam
1767 2656 1855 2688 non

285 2724 419 2771 possit
468 2735 649 2762 uxorem
697 2735 794 2762 eam
842 2725 1011 2764 habere.
1056 2724 1169 2764 Hinc
1200 2725 1345 2763 ortum
1376 2724 1563 2773 iurgium
1595 2724 1854 2774 Phidippum

284 2800 394 2837 inter
441 2810 489 2837 ac
535 2800 765 2838 Lachetem
807 2802 935 2847 atque
978 2801 1114 2839 iratus
1155 2801 1335 2848 uterque
1367 2800 1544 2839 domum
1576 2799 1694 2839 abiit.
1725 2797 1854 2839 Hunc

284 2875 450 2912 exitum
500 2875 627 2913 habet
675 2877 798 2913 actus
845 2875 919 2913 III.
964 2875 1110 2914 Prodit
1150 2885 1264 2914 nunc
1295 2875 1484 2924 Myrrina
1516 2873 1712 2923 Phidippi
1741 2883 1854 2914 uxor

284 2950 413 2989 anxia
448 2950 779 2999 perturbataque
812 2951 856 2989 et
887 2961 1036 2990 secum
1068 2951 1175 2990 haec
1206 2950 1415 3000 loquitur:
