2034 3334
1067 325 1123 366 40

334 454 524 497 statuere
571 465 714 508 neque
754 465 880 508 posse
923 464 1066 508 neque
1096 451 1207 494 velle
1239 453 1410 494 rectene
1438 465 1495 494 an
1526 451 1688 493 iniuria
1717 463 1849 493 unam

333 530 598 585 alteramque
625 529 720 572 eius
754 528 975 585 stropham
1008 528 1214 571 deleverit
1243 527 1580 584 Peerlkampius.
1612 527 1714 570 Tam
1733 527 1848 570 enim

329 607 548 650 insulsum
582 619 755 650 carmen
787 609 865 662 est,
897 606 1036 649 Musis
1068 607 1190 649 iratis
1222 606 1523 663 compositum,
1555 609 1605 649 ut
1631 605 1848 662 corrumpi

334 697 390 727 ne
421 683 474 726 ab
506 684 776 740 ineptissimo
811 683 985 740 quidem
1017 683 1297 739 grammatico
1328 683 1528 739 potuerit.

391 760 443 803 In
493 759 666 803 Horatii
709 760 975 803 carminibus
1009 773 1136 816 saepe
1167 773 1301 802 unam
1333 760 1597 815 alteramque
1628 758 1848 802 abundare

331 837 548 894 stropham
580 837 678 893 quis
710 837 869 893 neget?
902 836 1081 879 Illarum
1114 849 1225 893 quae
1250 836 1382 880 fuerit
1408 836 1528 893 origo
1554 835 1847 879 demonstrare

330 915 511 958 conatus
558 927 679 958 sum:
723 915 881 958 melius
924 917 1067 957 tamen
1110 927 1201 958 rem
1242 915 1477 971 perspicies
1510 915 1547 956 si
1577 914 1846 970 reputaveris

329 992 544 1049 permulta
571 1005 665 1035 esse
692 993 883 1034 carmina
910 991 1122 1035 eiusmodi
1151 995 1199 1034 ut
1215 991 1367 1034 ultima
1383 991 1557 1048 stropha
1573 1004 1671 1034 cum
1689 1004 1845 1048 magno

329 1070 463 1112 totius
498 1069 790 1112 emolumento
825 1068 952 1111 abiici
985 1070 1133 1126 possit.
1167 1068 1356 1112 Sedulus
1382 1070 1497 1112 enim
1514 1081 1722 1112 versuum
1740 1067 1844 1125 Sap-

327 1146 554 1203 phicorum
612 1146 977 1202 Alcaicorumque
1034 1145 1265 1188 fabricator
1311 1146 1531 1189 interdum
1579 1158 1668 1188 non
1715 1146 1846 1189 sentit

330 1224 552 1266 materiam
596 1236 641 1266 se
682 1224 768 1265 iam
813 1223 1069 1266 exhausisse
1100 1226 1142 1266 et
1174 1223 1227 1265 ad
1257 1222 1388 1266 finem
1420 1224 1683 1280 pervenisse,
1715 1236 1844 1279 quae-

329 1313 414 1356 que
444 1303 661 1357 postremo
694 1300 856 1343 dixerit
883 1300 1124 1343 claudendo
1153 1301 1332 1342 carmini
1359 1313 1453 1343 esse
1469 1301 1702 1357 aptissima.
1718 1299 1844 1344 Nova

326 1389 429 1433 ergo
482 1377 658 1433 stropha
704 1376 900 1419 addenda
948 1390 1077 1419 suum
1125 1378 1218 1433 ipse
1266 1390 1374 1433 opus
1406 1377 1511 1420 dum
1543 1377 1718 1434 explere
1748 1377 1843 1420 vult

329 1454 578 1510 corrumpit.
610 1452 734 1496 Dabo
766 1453 976 1510 exempla.

386 1530 445 1585 Π,
478 1531 515 1572 5.
560 1529 759 1573 Carmine
802 1529 998 1573 Romano
1042 1531 1275 1574 admodum
1317 1534 1359 1574 et
1400 1532 1576 1587 rusticO,
1617 1531 1692 1575 sed
1725 1531 1842 1574 haud

323 1607 510 1663 illepido,
573 1607 762 1650 amicum
818 1608 1078 1650 immaturae
1122 1607 1338 1663 puellulae
1383 1621 1528 1650 amore
1571 1611 1743 1664 captum
1791 1611 1841 1652 ut

328 1687 462 1728 semet
493 1686 712 1727 contineat
737 1697 847 1727 neve
875 1685 1009 1726 nimia
1036 1687 1184 1741 peccet
1198 1684 1472 1728 festinatione
1488 1687 1613 1741 poeta
1628 1685 1840 1729 admonet.

325 1761 522 1804 Venuste
563 1761 680 1803 illam
714 1774 815 1804 cum
847 1761 984 1803 vitulo
1017 1774 1093 1817 per
1123 1765 1244 1817 prata
1277 1761 1412 1804 libere
1443 1762 1694 1805 luxuriante
1725 1775 1840 1806 com-

323 1841 468 1894 parat;
511 1841 605 1881 tum
647 1838 731 1881 alia
766 1839 967 1895 imagine,
998 1838 1052 1881 ad
1084 1840 1271 1881 amicum
1304 1851 1553 1895 conversus,
1589 1839 1745 1894 „tolle”
1780 1841 1842 1883 ait

1044 1948 1160 1992 Tolle
1192 1950 1440 2006 cupidinem

687 2025 873 2069 Immitis
903 2039 1025 2070 uvae.

383 2141 566 2198 Egregie
613 2142 714 2185 huic
757 2144 1003 2187 annectitur
1044 2145 1228 2201 stropha,
1273 2160 1402 2202 quam
1446 2149 1482 2190 si
1515 2149 1711 2192 ultimam
1744 2162 1839 2194 esse

323 2232 477 2275 passus
525 2223 638 2262 esset
684 2223 821 2276 poeta,
863 2221 972 2263 nihil
1014 2221 1103 2264 fere
1146 2226 1259 2265 esset
1301 2224 1417 2279 quod
1447 2226 1494 2267 in
1526 2229 1615 2268 toto
1648 2227 1838 2271 carmine

323 2295 417 2338 iure
464 2296 719 2352 reprehendi
765 2300 919 2353 posset.
968 2278 1202 2354 Primum,
1225 2303 1274 2342 ut
1317 2303 1461 2344 omnia
1501 2306 1616 2347 recte
1645 2303 1762 2347 inter
1790 2317 1838 2348 se

323 2372 592 2429 cohaereant,
624 2374 677 2416 ad
708 2374 897 2430 priorem
927 2375 1038 2418 redit
1071 2377 1303 2433 imaginem
1337 2378 1404 2421 his
1437 2380 1580 2424 verbis

532 2482 624 2525 Iam
657 2486 699 2526 te
730 2487 959 2539 sequetur:
993 2486 1129 2528 currit
1160 2487 1275 2529 enim
1308 2487 1430 2531 ferox
1458 2491 1464 2545 Ι
1491 2490 1635 2533 Aetas.

386 2597 554 2649 Quibus
602 2601 653 2644 de
700 2605 836 2646 aetate
877 2603 996 2647 addit
1037 2604 1391 2664 observationem,
1424 2622 1510 2664 qua
1540 2609 1647 2651 nihil
1679 2610 1835 2654 melius

325 2674 406 2717 sub
454 2678 656 2720 carminis
697 2678 827 2722 finem
873 2682 973 2736 poni
1015 2683 1172 2738 possit:
1207 2684 1335 2739 paulo
1368 2686 1482 2728 enim
1515 2685 1738 2729 obscurior
1771 2691 1836 2731 est

325 2754 366 2793 et
408 2750 811 2808 οέινιγμοιτωδεστέροι,
851 2757 1035 2813 ideoque
1077 2761 1333 2803 sententiam
1377 2762 1579 2805 moralem
1614 2764 1833 2808 continere

325 2827 495 2869 videtur
525 2830 803 2885 gravissimae
835 2832 1005 2888 plenam
1037 2836 1293 2892 sapientiae:
