2034 3334
1008 355 1092 394 213

262 477 496 525 anteponit.
544 478 706 517 Demea
753 479 824 518 1116
871 479 915 518 in
962 479 1180 528 Adelphis,
1229 480 1301 518 ubi
1343 482 1548 528 expertus
1591 482 1657 519 est
1699 491 1829 529 quam

260 562 413 600 parum
469 553 550 592 sibi
602 555 813 593 severitas
862 555 1079 604 profuerit,
1129 556 1270 594 subito
1318 556 1467 594 hilaris
1513 555 1574 605 fit,
1624 557 1825 606 clemens,

259 627 427 677 largus:
475 630 659 678 ignoscit
704 631 878 670 veniam
926 631 1183 681 petentibus,
1233 632 1435 680 quidquid
1483 634 1657 680 rogatur
1698 633 1829 672 donat

259 704 303 742 et
333 704 425 753 ipse
456 706 595 744 multa
626 707 738 746 ultro
765 707 894 756 addit,
923 707 1184 755 mirantique
1210 707 1344 757 fratri,
1374 708 1474 756 quid
1501 707 1583 746 sibi
1611 707 1696 748 ista
1723 709 1829 747 velit

258 778 502 828 benignitas
532 782 762 830 respondet
795 782 856 831 (V,
892 783 931 831 9,
969 783 1024 821 28
1051 784 1185 830 sqq.):

1425 858 1576 898 Dicam
1607 859 1708 898 tibi:

311 918 314 921 ’
376 932 436 971 Ut
461 932 503 971 id
535 934 820 983 ostenderem,
849 934 960 982 quod
987 935 1030 973 te
1057 934 1130 973 isti
1157 934 1329 972 facilem
1357 935 1398 972 et
1425 934 1634 973 festivum
1658 936 1824 986 putant,

375 1007 423 1046 Id
453 1017 540 1046 non
569 1007 661 1047 fieri
693 1019 748 1047 ex
778 1019 882 1048 vera
912 1010 1015 1058 vita,
1049 1019 1187 1057 neque
1219 1009 1323 1048 adeo
1352 1019 1407 1048 ex
1433 1019 1568 1058 aequo
1596 1011 1639 1049 et
1665 1011 1786 1061 bono,

376 1084 458 1122 Sed
490 1094 545 1123 ex
577 1085 837 1124 assentando
870 1087 913 1124 et
943 1085 1200 1134 indulgendo
1233 1086 1276 1124 et
1307 1085 1538 1135 largiendo,
1572 1086 1709 1126 Micio.

257 1157 449 1198 Annotat
495 1159 759 1199 Scholiasta:
811 1161 943 1210 „bene
990 1161 1034 1199 in
1076 1161 1294 1209 postremo
1337 1161 1524 1209 dignitas
1565 1162 1694 1202 huius
1735 1174 1825 1212 per-

255 1244 387 1273 sonae
432 1236 607 1274 servata
648 1236 727 1285 est,
770 1237 820 1274 ut
861 1247 947 1275 non
977 1237 1183 1285 perpetuo
1215 1237 1484 1276 commutata
1514 1238 1744 1288 videretur,
1776 1241 1825 1278 ut

255 1308 502 1349 Truculenti
544 1311 655 1359 apud
686 1311 933 1351 Plautum.''
967 1312 1116 1350 Nonne
1149 1311 1292 1360 inepte
1323 1312 1394 1351 hic
1425 1312 1651 1352 Terentius
1682 1314 1823 1354 lauda-

254 1386 384 1435 retur,
418 1386 457 1425 si
489 1397 514 1425 a
541 1387 771 1426 Menandro
804 1387 927 1426 illum
959 1388 1102 1427 locum
1134 1388 1426 1436 sumpsisset?

313 1461 444 1500 Hisce
475 1472 575 1511 ergo
608 1463 820 1511 exemplis
851 1464 999 1512 fretus,
1034 1465 1109 1502 aut
1140 1463 1341 1502 omnibus
1372 1466 1448 1503 aut
1477 1465 1691 1514 plerisque
1718 1467 1823 1506 locis

191 1531 193 1533 ’
253 1536 327 1574 ubi
374 1537 623 1576 Terentium
670 1538 818 1577 laudat
865 1539 1106 1578 Scholiasta
1152 1539 1293 1584 (modo
1335 1540 1482 1578 autem
1524 1541 1698 1580 nomine
1730 1543 1823 1582 eius
1886 1538 1892 1556 ¹

252 1611 400 1662 utitur,
449 1613 576 1652 modo
618 1615 841 1662 poetam
884 1614 1097 1663 appellat),
1141 1614 1360 1663 proprium
1392 1616 1606 1663 quoddam
1638 1617 1731 1656 eius
1762 1618 1821 1657 in-

252 1688 434 1726 ventum
476 1688 642 1728 laudari
684 1690 842 1728 statuo.
892 1689 1162 1729 Enumerabo
1204 1700 1312 1738 quae
1344 1690 1427 1729 huc
1457 1691 1619 1730 faciant
1648 1693 1821 1732 tantum

251 1773 337 1802 non
369 1766 527 1804 omnia.

313 1838 352 1881 I.
395 1840 567 1879 Primus
609 1841 804 1880 omnium
837 1842 1063 1880 Terentius
1099 1842 1233 1880 bonas
1265 1853 1414 1882 socrus
1446 1843 1490 1882 et
1520 1843 1654 1882 bonas
1685 1855 1818 1884 mere-

250 1914 380 1954 trices
436 1916 480 1955 in
531 1926 708 1956 scenam
763 1917 1015 1956 introduxit.
1065 1918 1253 1956 Terentii
1300 1928 1396 1957 esse
1442 1919 1546 1957 illud
1593 1920 1819 1960 inventum

250 1990 409 2030 diserte
441 1992 565 2030 docet
595 1992 789 2031 scholion
820 1993 873 2031 ad
904 1994 1122 2041 Hecyram
1154 1993 1201 2042 V,
1238 1994 1276 2042 2,
1311 1994 1360 2032 8:
1398 1994 1563 2042 „multa
1594 1995 1819 2035 Terentius

250 2066 432 2106 feliciter
473 2078 605 2106 ausus
643 2069 709 2106 est
741 2065 846 2107 arte
864 2069 1013 2107 fretus.
1048 2068 1160 2107 Nam
1192 2071 1235 2107 et
1266 2079 1414 2108 socrus
1446 2070 1580 2109 bonas
1612 2072 1655 2109 et
1685 2082 1818 2111 mere-

250 2142 380 2181 trices
426 2143 597 2181 honesti
644 2143 831 2192 cupidas,
880 2144 1182 2192 praeterquam
1228 2144 1531 2193 pervulgatum
1578 2148 1657 2195 est,
1700 2147 1816 2186 facit.

251 2217 333 2255 Sed
365 2218 488 2256 tanta
519 2218 745 2266 vigilantia
772 2229 1001 2257 causarum
1029 2220 1073 2258 et
1099 2220 1317 2259 rationum
1343 2223 1567 2260 momenta
1583 2222 1816 2273 subiungit,

250 2293 299 2331 ut
344 2293 383 2331 ei
429 2293 510 2332 soli
556 2294 712 2332 merito
759 2295 986 2333 videantur
1033 2295 1180 2334 omnia
1219 2295 1390 2335 licere.”
1433 2297 1592 2337 Eodem
1633 2298 1820 2347 pertinet

251 2369 446 2408 scholion
477 2369 530 2407 ad
561 2369 610 2419 V,
649 2370 685 2418 1,
724 2370 770 2408 1:

313 2443 478 2492 „Rarus
509 2444 626 2482 vitae
658 2444 773 2484 color
803 2445 848 2483 in
880 2445 960 2484 hac
991 2445 1205 2485 locutione
1237 2447 1446 2486 miscetur
1478 2458 1503 2486 a
1533 2449 1672 2496 poeta.
1706 2448 1818 2487 Nam

249 2519 459 2557 meretrix
489 2519 677 2567 loquitur
708 2522 751 2558 et
782 2529 929 2570 senex,
964 2522 1008 2560 et
1034 2521 1144 2569 quod
1172 2522 1239 2560 est
1265 2522 1517 2572 mirabilius,
1546 2523 1658 2562 bona
1682 2533 1816 2562 mere-

249 2594 338 2632 trix
378 2594 500 2632 mitis
535 2604 692 2633 senex:
725 2595 775 2633 ut
806 2595 1023 2644 intelligas
1054 2596 1273 2636 laborasse
1305 2597 1554 2636 Terentium
1586 2600 1635 2638 ut
1667 2609 1693 2638 a
1723 2599 1816 2648 lege

251 2669 515 2709 comicorum
541 2671 758 2709 recederet
785 2672 827 2710 et
855 2671 899 2710 in
916 2673 1015 2711 actu
1031 2674 1180 2711 tamen
1197 2674 1552 2713 consuetudinem
1567 2674 1815 2714 retineret.'’

310 2743 378 2786 11.
434 2745 717 2793 Lepidissime
771 2747 1104 2795 felicissimeque
1157 2747 1382 2787 Terentius
1427 2759 1563 2788 novas
1608 2760 1814 2798 personas

248 2820 473 2869 loquentes
524 2823 786 2870 agentesque
831 2821 1006 2861 inducit.
1055 2822 1253 2862 Pluribus
1298 2823 1403 2863 locis
1450 2824 1502 2863 de
1547 2825 1628 2864 hoo
1673 2825 1814 2874 agitur

251 2894 444 2945 artificio,
478 2894 586 2943 quos
617 2895 770 2935 afferre
802 2906 909 2945 opus
940 2906 1026 2936 non
1057 2898 1136 2936 est.
