2034 3334
748 1006 1200 1062 PRAEFATIO.

240 1406 354 1448 Anni
385 1409 483 1447 sunt
516 1405 839 1461 quatuordecim
871 1420 920 1448 ex
955 1420 1038 1461 quo
1070 1405 1380 1462 Mnemosynae
1412 1406 1572 1448 inserta
1604 1410 1668 1448 est
1694 1406 1775 1449 dis·

182 1478 350 1533 putatio
393 1476 599 1532 quaedam
642 1491 759 1528 mea,
805 1478 873 1519 cui
918 1476 1073 1518 titulus
1114 1476 1178 1518 De
1221 1476 1358 1517 Ovidii
1392 1477 1775 1531 Metamorphosesin

185 1547 360 1590 edendis.
405 1547 583 1606 Utinam
625 1547 709 1590 alia
752 1550 853 1589 tunc
893 1561 996 1589 usus
1030 1561 1164 1589 essem
1196 1546 1495 1603 inscriptione!
1529 1548 1640 1591 Nam
1674 1563 1774 1590 cum

182 1619 234 1661 ad
277 1618 420 1661 Ovidii
461 1622 631 1661 textum
673 1618 983 1661 emendandum
1026 1619 1116 1674 ipse
1161 1622 1236 1660 aut
1277 1617 1386 1660 nihil
1429 1622 1504 1661 aut
1546 1619 1630 1662 fere
1662 1618 1775 1661 nihil

183 1689 374 1733 afferrem
406 1691 530 1739 novi,
564 1689 678 1732 haud
710 1691 871 1731 mirum
903 1691 1119 1732 exstitisse
1152 1690 1227 1745 qui

422 1759 534 1812 Quid
564 1760 746 1816 dignum
778 1763 897 1802 tanto
929 1759 1033 1802 tulit
1064 1760 1133 1802 hic
1165 1761 1399 1816 promissor
1430 1760 1553 1802 hiatu

182 1829 488 1881 exclamarent;
517 1844 699 1886 cumque
725 1834 785 1882 (et
811 1831 915 1873 haec
942 1830 1116 1886 quidem
1142 1844 1208 1872 res
1234 1830 1374 1873 multo
1400 1833 1560 1873 maiore
1587 1845 1656 1873 me
1684 1831 1777 1873 affe-

182 1903 240 1944 cit
278 1901 490 1957 afficitque
523 1901 685 1955 dolore)
717 1906 860 1944 tamen
892 1903 1089 1958 egregios
1123 1903 1236 1943 viros
1268 1901 1498 1957 quosdam,
1537 1902 1587 1944 de
1622 1901 1775 1945 Ovidio

180 1972 392 2028 praeclare
434 1973 609 2015 meritos
620 2004 630 2024 ,
674 1987 758 2015 non
802 1974 956 2015 acriter
998 1971 1139 2014 solum
1178 1972 1250 2014 sed
1282 1973 1412 2015 etiam
1445 1974 1613 2028 inique,
1648 1977 1775 2029 atque

179 2042 398 2085 interdum
423 2056 573 2098 prave,
601 2044 900 2099 perstrinxisse
927 2043 1108 2094 viderer,
1135 2044 1180 2084 in
1196 2044 1488 2098 ineptissimae
1505 2044 1774 2086 incurrebam

180 2115 343 2156 crimen
384 2114 674 2170 arrogantiae,
717 2128 799 2169 quo
842 2100 950 2156 {sitio
983 2113 1154 2155 nullum
1191 2117 1255 2156 est
1287 2114 1399 2169 quod
1433 2113 1684 2170 diligentius
1717 2115 1777 2155 vi-

179 2188 270 2227 tare
301 2183 509 2226 studeam.
544 2183 634 2236 Quo
666 2185 807 2239 magis
837 2186 1031 2239 ipsorum
1057 2183 1235 2226 illorum
1262 2198 1484 2226 censorum
1511 2184 1776 2240 agnoscenda

180 2255 450 2306 humanitas,
500 2256 574 2310 qui
617 2268 716 2297 cum
757 2269 826 2297 me
870 2255 921 2296 ob
961 2253 1080 2305 illas,
1123 2268 1228 2309 quas
1272 2254 1386 2305 dixi,
1431 2268 1576 2297 causas
1619 2256 1776 2297 merito

180 2328 399 2375 notarent,
433 2329 577 2368 tamen
608 2326 652 2366 in
684 2324 830 2367 libello
860 2323 936 2366 illo
968 2325 1100 2366 bonae
1132 2325 1269 2380 frugis
1298 2324 1458 2380 aliquid
1484 2326 1622 2367 inesse
1647 2324 1779 2367 liben-

181 2398 248 2437 ter
295 2394 582 2437 concederent.
632 2394 770 2447 Quam
817 2409 906 2436 rem
955 2409 1054 2436 cum
1096 2398 1139 2436 et
1179 2394 1255 2436 alii
1297 2396 1381 2437 viri
1424 2395 1561 2446 docti,
1596 2394 1777 2437 leniores

185 2467 413 2521 minusque
458 2466 582 2516 irati,
632 2479 754 2520 saepe
800 2465 911 2507 mihi
961 2464 1264 2521 significarint,
1313 2479 1497 2520 cumque
1545 2465 1778 2521 discipulos

184 2550 303 2579 meos
345 2535 397 2578 ad
429 2534 635 2578 Ovidium
666 2534 824 2577 melius
856 2534 1187 2591 intelligendum
1220 2535 1415 2577 nonnihil
1446 2537 1554 2578 meis
1586 2536 1778 2579 observa-

183 2599 374 2648 tionibus
415 2606 643 2661 profecisse
683 2605 781 2661 plus
825 2604 958 2647 semel
1000 2606 1083 2646 sim
1116 2609 1338 2660 expertus,
1373 2605 1509 2648 denuo
1542 2605 1592 2648 de
1624 2605 1777 2649 Ovidio

183 2676 445 2731 scripturus,
477 2677 669 2731 primum
706 2677 914 2730 potiorem
946 2674 1122 2717 illarum
1155 2679 1322 2729 partem
1354 2676 1425 2718 hic
1457 2680 1670 2732 repetam,
1706 2675 1779 2719 sed

184 2748 423 2788 accuratius
455 2745 716 2788 elaboratam
750 2747 956 2800 novisque
989 2744 1223 2787 stabilitam
1255 2748 1522 2802 argumentis
1554 2746 1779 2803 exemplis-

184 2829 288 2871 que,
323 2815 474 2858 deinde
505 2818 550 2858 in
584 2815 761 2858 eandem
793 2817 1046 2858 sententiam
1076 2815 1125 2857 de
1154 2815 1306 2858 Ovidio
1334 2816 1550 2872 disputare
1578 2831 1776 2874 pergam,

183 2890 397 2941 postremo
430 2886 480 2928 de
513 2888 644 2929 variis
672 2886 1078 2941 Metamorphoseon
1104 2885 1230 2936 locis,
1259 2885 1413 2929 Kornii
1438 2887 1643 2938 editione,
1671 2902 1777 2943 quae

184 2969 293 2997 anno
340 2955 457 2998 1880
499 2957 611 3012 apud
644 2956 944 2998 Weidmannos
977 2955 1155 3011 prodiit,
1190 2971 1292 2998 usus
1326 2957 1537 3012 proferam
1570 2958 1779 3013 quaedam

186 3039 321 3076 nova,
365 3027 476 3068 mihi
517 3032 629 3069 certe
671 3042 753 3069 non
795 3028 969 3069 inventa
1011 3025 1137 3076 alibi,
1179 3040 1284 3081 quae
1318 3026 1525 3070 Ovidium
1557 3028 1779 3069 edentibus

1563 3107 1580 3137 1
