2034 3334
975 227 1031 271 25

453 350 646 393 Desierat
675 348 856 393 Galatea
884 349 1027 405 loqui,
1060 351 1267 405 coetuque
1298 347 1440 392 soluto

452 420 686 464 Discedunt
716 419 978 477 placidisque
1009 422 1157 462 natant
1189 419 1388 463 Nereides
1422 419 1560 462 undis.

452 491 599 549 Scylla
629 490 752 534 redit.

211 561 258 605 Si
291 562 590 605 tantummodo
623 562 830 604 sermonis
862 560 1005 603 Latini
1032 562 1243 603 rationem
1270 560 1447 611 habeas,
1476 560 1604 603 verba
1631 558 1805 616 „Scylla

210 633 350 676 redit''
389 632 634 690 significare
675 633 812 675 dicas:
859 633 943 683 „ad
988 632 1195 674 Galateam
1234 631 1344 674 redit
1386 630 1555 688 Scylla,
1590 645 1697 687 quae
1730 634 1806 673 aut

211 703 324 760 apud
363 703 487 746 illam
530 704 750 746 habitabat
792 702 864 745 sed
907 702 1214 758 aliquantisper
1245 702 1407 744 afuerat
1440 706 1513 744 aut
1546 701 1674 758 paulo
1706 706 1804 744 ante

211 774 344 818 semel
391 775 616 830 saepiusve
664 773 716 816 ad
763 787 857 816 eam
900 773 1117 816 venerat.’'
1161 772 1428 823 Conferatur,
1471 776 1521 815 ut
1553 787 1604 815 ex
1635 773 1804 829 ingenti

211 844 508 901 exemplorum
538 846 657 900 copia
689 858 825 886 unum
856 843 1051 894 afferam,
1085 843 1198 900 quod
1229 844 1350 887 verbi
1381 843 1498 886 illius
1529 857 1658 886 usum
1690 856 1804 899 prae-

211 915 321 959 clare
351 915 564 967 illustret,
598 915 651 966 II,
686 913 772 958 697
790 927 876 971 sq.:

878 984 1065 1027 Simulat
1094 984 1194 1028 Iove
1224 988 1350 1027 natus
1382 985 1522 1036 abire,

454 1055 560 1098 Mox
590 1055 713 1098 redit.

212 1127 296 1171 Sed
327 1129 386 1170 sic
418 1131 555 1170 totam
582 1126 804 1183 perturbes
829 1127 1128 1169 narrationem.
1157 1126 1269 1169 Nam
1295 1140 1347 1168 ex
1374 1125 1451 1169 illa
1475 1126 1615 1169 lucide
1633 1130 1806 1183 apparet

213 1199 292 1242 hoc
323 1198 510 1242 voluisse
541 1201 734 1254 poetam:
782 1197 954 1254 „Scylla
985 1196 1147 1240 relictis
1179 1198 1408 1254 nymphis,
1441 1197 1493 1240 ad
1526 1211 1631 1253 quas
1664 1197 1805 1253 perfu-

211 1273 353 1326 gerat,
400 1268 576 1311 domum
617 1281 740 1310 suam
771 1267 954 1323 repetit''
989 1267 1061 1310 sed
1093 1269 1154 1309 sic
1184 1267 1296 1309 illud
1327 1269 1522 1310 enuntiat
1553 1271 1603 1310 ut
1634 1270 1805 1309 tantum

211 1354 294 1382 non
323 1340 504 1382 vitiosus
531 1341 730 1381 nascatur
755 1351 908 1381 sermo.
935 1337 993 1380 Et
1018 1341 1235 1394 praeterea
1260 1338 1336 1380 ubi
1361 1337 1437 1380 illa
1465 1337 1635 1395 Scyllae
1653 1337 1804 1380 domus

211 1410 342 1453 fuerit
371 1423 540 1453 narrare
573 1410 732 1452 omisit.

276 1481 363 1524 924
391 1495 450 1537 sq.
498 1480 547 1523 In
589 1482 749 1538 piscem
783 1479 995 1536 quomodo
1028 1481 1084 1522 sit
1114 1494 1340 1523 conversus
1372 1485 1621 1524 narraturus
1654 1482 1712 1523 sic
1743 1482 1804 1522 in-

210 1553 316 1608 cipit
348 1551 560 1595 Glaucus:

452 1622 564 1665 Sunt
594 1622 724 1664 viridi
755 1625 876 1678 prato
909 1621 1088 1664 confinia
1119 1622 1271 1673 litora,
1305 1637 1488 1678 quorum

453 1692 600 1736 Altera
632 1706 728 1748 pars
758 1692 908 1742 undis,
938 1705 1035 1748 pars
1066 1691 1198 1735 altera
1229 1694 1418 1749 cingitur
1451 1693 1605 1735 herbis.

211 1761 282 1805 Sic
314 1762 502 1806 Kornius
533 1762 679 1805 edidit.
714 1762 762 1805 In
795 1762 936 1805 codice
969 1762 1020 1805 M
1051 1767 1138 1805 est:

453 1833 601 1877 Altera
633 1847 730 1890 pars
760 1833 924 1884 fundit,
958 1847 1054 1890 pars
1085 1832 1218 1876 altera
1250 1834 1450 1891 fungitur
1481 1834 1636 1877 herbis.

211 1903 322 1956 Quin
353 1903 508 1959 fundit
547 1907 660 1946 recte
702 1905 758 1946 sit
802 1908 1041 1947 correctum
1073 1905 1119 1946 in
1150 1904 1272 1946 undis
1305 1905 1493 1947 dubitari
1524 1906 1686 1960 nequit.
1720 1905 1804 1947 Pro

200 1974 400 2031 funqitur
442 1973 649 2030 quidquid
688 1973 867 2031 legeris,
905 1976 996 2017 sive
1028 1988 1127 2016 cum
1160 1974 1323 2017 Kornio
1356 1975 1544 2028 emitur,
1579 1977 1668 2018 sive
1701 1989 1800 2017 cum

211 2043 422 2086 Merkelio
456 2044 663 2100 funditur
708 2043 840 2100 (quod
887 2057 1016 2099 quam
1064 2046 1120 2086 sit
1166 2045 1401 2087 absurdum
1449 2047 1591 2101 quivis
1638 2046 1814 2097 sentit),

212 2115 386 2157 habebis
418 2113 580 2170 aliquid
611 2114 725 2170 quod
755 2128 885 2170 prave
917 2116 975 2156 sit
1006 2112 1292 2157 enuntiatum.

274 2184 499 2241 Sequitur:

456 2255 569 2308 Quas
600 2268 736 2310 neque
767 2256 1010 2311 cornigerae
1042 2269 1189 2297 morsu
1219 2255 1377 2298 laesere
1406 2257 1633 2307 iuvencae,

454 2325 542 2368 Nec
573 2325 762 2381 placidae
794 2327 1010 2381 carpsistis
1042 2340 1155 2369 oves.

213 2395 396 2439 Omnino
427 2409 550 2451 saepe
576 2395 854 2452 anastrophae
879 2395 1018 2450 figura
1044 2396 1239 2438 abutitur
1265 2396 1445 2439 Ovidius
1461 2429 1470 2447 ‚
1497 2397 1569 2439 sed
1593 2411 1805 2453 nusquam

211 2467 400 2522 ineptius
442 2480 572 2522 quam
603 2466 696 2511 hic.
728 2479 780 2508 ne
813 2465 887 2508 illo
921 2466 1094 2522 quidem
1124 2466 1216 2509 loco
1249 2481 1378 2522 quem
1409 2468 1563 2509 merito
1596 2467 1800 2510 damnant

213 2550 380 2588 omnes,
415 2537 490 2592 qui
522 2535 623 2592 quid
655 2538 824 2591 poetam
856 2535 1001 2578 deceat
1032 2536 1135 2592 quid
1167 2551 1249 2579 non
1282 2536 1406 2593 paulo
1440 2539 1679 2580 accuratius
1711 2552 1804 2581 exa-

215 2608 382 2649 minant
413 2606 447 2657 I,
483 2605 595 2648 438:

452 2675 532 2719 Illa
574 2675 738 2729 (Terra)
780 2675 954 2731 quidem
997 2675 1151 2727 nollet,
1196 2677 1268 2719 sed
1308 2680 1350 2719 te
1391 2691 1579 2734 quoque,
1613 2679 1802 2721 maxime

456 2746 567 2789 Tum
599 2748 764 2803 genuit.
1590 2749 1801 2805 [Python,

276 2816 362 2861 957
381 2832 471 2874 sqq.
517 2818 818 2860 Narrationem
849 2830 971 2859 suam
1001 2818 1060 2858 sic
1092 2816 1252 2859 claudit
1283 2816 1495 2861 Glaucus:

457 2887 676 2930 Hactenus
706 2887 809 2930 haec
840 2887 1042 2938 memini,
1075 2900 1150 2929 nec
1182 2901 1302 2930 mens
1333 2902 1428 2930 mea
1459 2892 1597 2932 cetera
1630 2891 1771 2931 sensit.

457 2958 571 3011 Quae
603 2962 829 3014 postquam
862 2957 1007 3008 rediit,
1042 2957 1177 2999 alium
1210 2972 1278 3000 me
1309 2972 1482 3015 corpore
1512 2964 1604 3002 toto
1644 2990 1649 2994 -
