2034 3334
880 363 963 403 175

173 503 267 534 esse
298 489 462 544 Ovidio,
496 502 664 532 summo
697 490 780 545 ipsi
811 488 974 543 artifici,
1006 500 1175 530 carmen
1208 491 1404 530 nostrum
1436 491 1486 530 ut
1517 490 1667 544 sponte

175 580 221 610 se
262 570 303 609 et
341 566 586 621 frequenter
623 565 833 607 nonnulla
865 565 957 607 eius
987 563 1196 606 vocabula
1227 563 1290 605 illi
1318 563 1518 606 scribenti
1549 564 1669 606 offer-

174 646 279 686 rent.
311 642 545 685 Videamus
577 645 719 684 tamen
753 641 910 697 quibus
941 641 1204 696 argumentis
1237 641 1296 682 ita
1327 653 1373 682 se
1399 653 1488 683 rem
1515 639 1669 683 habere

175 719 356 762 affirmet
387 719 647 774 Zingerleus.

239 794 489 850 „Primum”
522 794 770 851 Zingerleus
797 794 855 836 ait
870 793 961 847 „bis
976 794 1022 835 in
1039 793 1185 836 eadem
1202 793 1336 848 elegia
1352 792 1488 846 (Trist.
1505 791 1581 847 IV,
1600 793 1668 846 10)

177 869 356 914 Ovidius
391 870 600 926 quaedam
632 883 688 913 ex
720 883 769 912 eo
796 870 840 911 in
858 882 960 912 suos
976 869 1176 911 transfert
1191 882 1355 911 versus.
1373 868 1670 924 Melpomenen

174 946 380 990 Horatius
412 947 666 1003 alloquitur:

414 1055 539 1107 Quod
570 1057 683 1112 spiro
715 1059 755 1099 et
785 1055 942 1112 placeo,
974 1056 1011 1098 si
1040 1055 1196 1111 placeo,
1227 1058 1405 1110 tuumst,

177 1172 358 1216 Ovidius
389 1174 493 1217 haec
522 1173 649 1216 habet

412 1290 524 1346 Ergo
559 1290 674 1346 quod
706 1291 805 1332 vivo
837 1290 1043 1346 durisque
1073 1289 1290 1333 laboribus
1323 1289 1443 1333 obsto

471 1366 561 1409 Nec
593 1380 660 1409 me
692 1367 896 1409 sollicitae
928 1366 1065 1408 taedia
1095 1366 1205 1408 lucis
1239 1365 1408 1420 habent,

415 1442 559 1485 Gratia
589 1442 715 1485 Musa
744 1442 832 1485 tibi.

235 1560 333 1603 Non
374 1560 601 1603 Horatium
643 1561 711 1602 hic
752 1561 879 1602 audio
911 1560 986 1603 sed
1018 1560 1149 1602 unius
1181 1558 1323 1602 Ovidii
1354 1559 1671 1602 dilectissimam

179 1650 335 1679 vocem.
368 1636 423 1679 Et
455 1650 582 1692 quam
615 1637 708 1679 leve
739 1637 818 1678 hoc
849 1640 924 1691 est,
957 1650 1085 1692 quam
1117 1635 1240 1677 nihili
1269 1636 1383 1691 quod
1415 1636 1519 1678 alter
1544 1635 1671 1678 habet

179 1714 326 1769 quod
383 1714 558 1769 spiro,
614 1713 720 1756 alter
767 1713 913 1768 quod
959 1714 1099 1754 vivo.
1149 1712 1207 1754 Cf.
1256 1716 1471 1768 praeterea
1516 1711 1669 1754 Tibull.

177 1789 253 1846 IV,
287 1790 324 1845 1,
361 1790 468 1832 197:

474 1906 578 1949 Sum
613 1906 914 1962 quodcumque
945 1909 1123 1948 tuumst.

236 2022 347 2065 Ecce
378 2022 550 2064 tertium
582 2025 750 2078 poetam
783 2022 928 2064 eadem
962 2022 1092 2065 verba
1124 2022 1206 2064 alio
1240 2036 1345 2065 sono
1376 2023 1581 2065 edentem.

179 2098 348 2141 Horatii
378 2097 509 2141 verba
540 2101 642 2140 sunt

475 2207 529 2249 Et
559 2208 644 2248 iam
691 2206 816 2248 dente
850 2207 991 2249 minus
1023 2207 1218 2249 mordeor
1248 2207 1406 2249 invido.

185 2307 350 2350 Ovidii:

416 2414 479 2456 Tu
511 2415 627 2469 mihi,
660 2415 772 2470 quod
805 2418 1002 2470 rarumst,
1034 2417 1132 2457 vivo
1165 2415 1347 2458 sublime
1380 2416 1531 2459 dedisti

474 2489 640 2532 Nomen
673 2489 725 2531 ab
759 2491 975 2545 exsequiis
1008 2491 1121 2546 quod
1154 2491 1252 2533 dare
1282 2491 1396 2533 fama
1426 2492 1544 2546 solet,

418 2565 508 2608 Nec
539 2566 612 2621 qui
647 2565 849 2608 detractat
879 2567 1117 2622 praesentia
1146 2567 1257 2608 livor
1286 2568 1436 2623 iniquo

477 2642 625 2684 Ullum
658 2642 709 2684 de
739 2646 885 2685 nostro
918 2643 1042 2685 dente
1073 2644 1304 2686 momordit
1336 2657 1454 2700 opus.

244 2757 350 2800 Mihi
380 2758 551 2813 quidem
584 2757 836 2800 Ovidianam
869 2758 1046 2814 elegiam
1077 2759 1216 2814 legere
1246 2762 1450 2816 pergenti,
1480 2762 1525 2803 in
1554 2775 1673 2804 men-

183 2838 269 2877 tem
315 2834 507 2889 veniunt,
538 2847 625 2876 non
656 2833 826 2876 Horatii
856 2833 985 2877 verba
1015 2836 1222 2878 nonnulla
1253 2836 1328 2879 sed
1357 2838 1494 2893 ipsius
1527 2837 1671 2881 Ovidii
