2034 3334
1041 392 1125 435 132

361 522 453 577 ipsa
497 519 755 576 poenitentia
794 518 940 561 eximii
981 516 1029 559 fit
1069 519 1217 573 poetae
1255 516 1402 573 gaudii
1432 529 1571 560 causa.
1602 515 1715 574 Lege
1746 517 1853 561 mihi

361 596 618 654 praeclaram
666 595 782 638 illam
828 593 1036 651 Lygdami
1084 595 1198 637 servi
1243 595 1618 651 interrogationem
1664 593 1756 651 (IV,
1789 595 1854 651 5):

361 673 469 715 nihil
509 673 552 714 in
596 672 729 714 literis
760 670 923 714 Latinis
955 674 1124 714 exstare
1156 671 1442 726 praestantius
1472 670 1740 727 affirmarem,
1771 672 1858 715 nisi

360 748 613 792 haberemus
646 748 868 804 epistolam
900 747 1029 803 illam,
1063 760 1192 803 quam
1222 746 1276 789 ad
1290 747 1476 803 puellam
1503 747 1571 791 die
1597 748 1692 791 eius
1720 748 1853 792 natali

361 826 476 868 misit
505 824 753 880 Propertius
782 823 871 875 (IV,
899 824 963 878 9):
992 837 1147 866 aurum
1176 826 1241 866 est
1266 823 1375 866 illud
1403 837 1563 880 purum
1589 827 1758 881 putum,
1790 824 1859 868 vel

362 904 399 946 si
432 902 537 959 quid
569 915 673 945 auro
706 902 949 958 pretiosius.

422 1053 478 1096 Ut
520 1066 619 1109 ergo
660 1052 832 1095 tandem
868 1052 999 1095 huius
1032 1051 1334 1107 disputationis
1365 1064 1579 1094 summam
1610 1050 1856 1096 conficiam:

360 1129 571 1186 Propertii
618 1129 670 1171 de
716 1127 899 1183 Cynthia
945 1128 1105 1184 elegiae
1145 1140 1202 1170 ex
1241 1129 1336 1184 ipsa
1375 1128 1464 1170 vita
1505 1130 1702 1184 sumptae
1731 1130 1857 1171 sunt:

360 1219 447 1249 non
496 1206 590 1248 dico
634 1205 776 1248 omnia
819 1205 880 1248 sic
922 1208 972 1247 ut
1012 1204 1083 1247 ille
1115 1203 1316 1247 describit
1343 1207 1462 1261 gesta
1494 1216 1600 1260 esse,
1630 1217 1719 1247 non
1749 1216 1858 1261 nego

360 1283 495 1326 multa
526 1282 578 1325 ab
609 1283 702 1339 ipso
735 1295 828 1325 esse
856 1281 995 1324 afficta
1021 1285 1166 1338 poeta3
1202 1282 1378 1324 minime
1403 1294 1503 1324 vero
1521 1279 1681 1324 infitior
1695 1281 1860 1338 aliquot

359 1359 484 1402 illum
523 1358 713 1401 flosculis
751 1358 914 1414 pridem
945 1359 1132 1401 inventis
1164 1371 1244 1401 sua
1275 1370 1508 1401 exornasse
1538 1359 1750 1413 carmina3
1782 1357 1859 1401 sed

361 1439 499 1478 tamen
548 1436 594 1477 in
634 1435 719 1478 illis
763 1435 925 1491 spirant
956 1436 1100 1477 omnia
1131 1436 1383 1491 vivuntque.
1417 1433 1579 1486 Quodsi
1610 1435 1708 1492 quis
1738 1437 1859 1492 roget

362 1524 471 1568 quae
517 1524 645 1554 causa
686 1513 741 1554 sit
782 1524 860 1554 cur
889 1511 1058 1554 Horatii
1089 1524 1176 1554 non
1208 1511 1348 1554 solum
1379 1511 1550 1554 nullum
1580 1525 1606 1554 a
1634 1510 1856 1568 Propertio

361 1588 515 1630 citetur
560 1587 830 1643 vocabulum,
878 1587 953 1630 sed
1000 1588 1126 1631 etiam
1173 1588 1316 1644 ipsum
1364 1600 1520 1631 nomen
1562 1587 1614 1631 de
1644 1587 1857 1631 industria

360 1665 491 1706 taceri
532 1663 727 1707 videatur
768 1667 886 1718 (casu
929 1665 1042 1706 enim
1073 1663 1234 1706 factum
1267 1676 1361 1707 esse
1391 1666 1440 1707 ut
1470 1676 1520 1707 eo
1551 1663 1657 1718 loco,
1688 1662 1764 1706 ubi
1794 1665 1858 1707 tot

361 1744 666 1783 enumerantur
706 1744 852 1797 poetae
889 1740 981 1795 (111,
1015 1742 1099 1796 32),
1131 1740 1299 1784 silentio
1331 1743 1622 1797 praetereatur
1650 1738 1856 1783 Horatius

361 1817 436 1858 vix
483 1816 560 1859 tibi
602 1817 885 1873 persuadeas),
931 1818 1039 1860 nihil
1087 1817 1204 1861 aliud
1245 1817 1502 1873 respondere
1531 1817 1694 1873 possim
1725 1828 1856 1872 quam

361 1893 462 1936 hoc:
495 1897 582 1936 tam
612 1894 704 1949 ipsa
736 1897 890 1936 natura
917 1898 958 1937 et
988 1894 1132 1938 indole
1163 1895 1275 1938 inter
1307 1906 1353 1937 se
1380 1893 1628 1950 Propertius
1654 1895 1697 1936 et
1717 1891 1855 1935 Hora-

361 1971 447 2012 tius
489 1970 645 2012 diversi
678 1974 791 2025 sunt,
823 1974 872 2013 ut
897 1971 961 2013 illi
987 1972 1104 2014 hunc
1135 1972 1213 2014 vix
1242 1973 1410 2027 poetam
1441 1971 1585 2013 visum
1617 1981 1711 2013 esse
1739 1968 1856 2013 haud

361 2046 415 2088 sit
444 2046 707 2089 incredibile.
740 2046 850 2089 Nam
883 2060 992 2103 quae
1024 2050 1136 2091 esset
1167 2047 1379 2103 Propertii
1412 2047 1552 2102 poesis
1581 2045 1739 2088 erotica
1768 2045 1854 2088 iam

361 2121 559 2176 vidimus,
590 2121 759 2165 Horatii
789 2136 917 2165 vero.
937 2155 973 2165 ..
1007 2124 1081 2166 sed
1126 2124 1379 2179 priusquam
1421 2122 1475 2165 ad
1514 2122 1630 2164 illam
1668 2123 1856 2164 transea-

362 2210 459 2240 mus
492 2211 653 2253 paucae
686 2199 810 2242 etiam
843 2199 895 2242 de
926 2199 1146 2256 Propertio
1175 2199 1495 2243 interficiendae
1528 2201 1630 2242 sunt
1659 2196 1856 2241 observa-

362 2274 592 2318 tiunculae.
