2034 3334
992 381 1076 419 205

246 507 513 546 Annotatur:
566 506 661 555 „hic
706 506 794 544 iam
841 505 1082 544 ostenditur
1122 514 1378 554 persuasum
1420 514 1515 543 esse
1557 504 1813 553 Demiphoni

247 583 339 622 vim
386 583 624 622 adhibitam
670 581 757 620 filio
804 591 882 619 suo
929 591 1110 620 uxorem
1156 581 1330 619 ducere:
1378 591 1475 630 uno,
1526 591 1659 628 quum
1700 580 1814 619 hunc

248 659 514 698 audacem
547 658 755 707 appellat:
785 657 919 695 altero
946 657 1057 705 quod
1085 657 1187 695 dicit
1214 656 1399 695 etiam.
1429 655 1544 705 Quae
1572 656 1813 695 coniunctio

248 735 292 773 et
322 734 616 782 Antiphonem
648 732 947 780 complectitur
975 733 1018 770 et
1044 731 1107 771 sic
1133 732 1428 771 accusatum.”
1446 731 1528 771 Pro
1554 732 1637 770 sic
1665 741 1812 770 accu-

247 812 433 850 satum
464 810 558 858 lege
590 819 647 847 se
674 809 1017 847 accusatum.
1046 807 1218 847 Etenim
1243 807 1450 846 vocabulo
1479 792 1652 846 etiam
1679 817 1815 846 senex

247 887 329 926 hoc
368 885 609 935 significat:
658 894 768 934 „non
810 883 952 922 solum
994 883 1098 923 olim
1133 882 1273 922 filium
1305 893 1455 922 meum
1487 883 1709 922 accusavit
1739 882 1815 921 sed

247 972 362 1001 nunc
392 972 464 1000 me
497 961 705 1009 quoque.’'

312 1038 364 1077 14
396 1047 459 1086 sq.
552 1036 626 1076 Ph.
659 1036 771 1075 Nam
802 1035 890 1074 iam
923 1035 1184 1074 adolescenti
1215 1035 1275 1074 nil
1307 1036 1374 1074 est
1400 1035 1510 1083 quod
1536 1045 1816 1074 succenseam

665 1112 708 1150 Si
739 1111 864 1150 illum
896 1111 1042 1149 minus
1074 1112 1210 1150 norat.

249 1190 515 1228 Annotatur:
563 1219 580 1237 „
605 1218 613 1226 .
635 1218 643 1226 .
665 1217 672 1226 .
692 1187 754 1226 sic
795 1186 909 1236 dicit,
953 1187 1065 1234 quod
1107 1186 1144 1225 si
1181 1186 1430 1225 adolescens
1462 1196 1547 1224 non
1579 1196 1816 1234 agnoscens

249 1265 438 1314 puellam
468 1264 643 1303 veniam
674 1274 760 1302 non
790 1262 1009 1311 meruerit,
1043 1263 1165 1311 pater
1196 1263 1354 1311 negata
1385 1263 1568 1310 cognata
1598 1262 1700 1301 ferri
1730 1272 1816 1301 non

250 1340 429 1390 possit.”
463 1340 513 1378 In
545 1339 687 1378 verbis
713 1338 936 1377 veniam
963 1349 1068 1377 non
1093 1337 1368 1376 meruerit
1397 1337 1490 1376 dele
1516 1347 1643 1376 non:
1671 1337 1817 1375 iuveni

250 1416 559 1465 ignoscendum
586 1415 696 1463 quod
723 1425 808 1453 non
829 1414 997 1452 noverit
1015 1424 1113 1453 eam
1129 1423 1238 1462 quae
1255 1414 1522 1452 innotescere
1540 1413 1578 1452 ei
1596 1423 1681 1451 non
1697 1414 1814 1462 potu-

251 1494 354 1541 erit;
388 1502 474 1531 non
503 1493 647 1540 potest
679 1491 843 1548 ignosci
874 1491 986 1539 patri
1018 1491 1247 1539 cognatam
1279 1500 1326 1528 se
1352 1490 1549 1538 ignorare
1576 1488 1814 1528 simulanti.

312 1569 380 1607 20.
416 1567 580 1616 Quem
622 1577 718 1615 ego
750 1566 994 1604 viderim
1026 1566 1080 1604 in
1110 1566 1231 1604 vita
1262 1565 1549 1614 optimum]
1588 1565 1740 1614 „modo
1772 1564 1816 1602 in

251 1644 343 1683 vita
374 1654 424 1682 ac
453 1643 689 1682 moribus''
724 1642 793 1680 Sic
819 1641 1022 1681 emendo:
1055 1641 1208 1690 „modo
1236 1641 1275 1686 (i.
1295 1651 1332 1680 e.
1360 1641 1441 1679 hoc
1466 1641 1570 1690 loco,
1599 1641 1648 1679 ut
1674 1642 1815 1688 saepe)

252 1720 307 1759 in
336 1720 457 1759 vita
488 1719 532 1757 in
565 1719 676 1768 acm,
711 1718 755 1756 in
787 1717 1023 1756 moribus.”
1056 1717 1189 1756 Paulo
1220 1718 1318 1765 post
1349 1717 1463 1755 idem
1491 1717 1672 1756 recurrit
1697 1716 1815 1755 scho-

252 1795 340 1834 lion
370 1795 587 1834 sincerum
620 1794 935 1841 integrumque.

312 1871 382 1910 31.
426 1869 788 1915 Adolescens]
832 1870 925 1917 „est
964 1869 1071 1907 haec
1111 1868 1346 1907 auctoritas
1387 1868 1431 1906 in
1462 1868 1636 1906 senibus
1666 1869 1715 1906 ut
1746 1868 1818 1916 qui

252 1945 433 1985 minoris
465 1944 622 1983 aetatis
653 1944 813 1983 fuerint
843 1944 941 1983 illos
973 1944 1257 1992 appellatione
1289 1943 1408 1991 pueri
1435 1943 1505 1982 vel
1532 1943 1817 1983 adolescentis

252 2021 323 2060 vel
363 2021 532 2060 iuvenis
574 2021 708 2059 etiam
749 2020 1000 2059 ostendant:
1043 2021 1092 2058 ut
1128 2019 1209 2058 hoc
1240 2019 1291 2057 de
1322 2019 1496 2058 nomine
1528 2019 1613 2057 illis
1645 2019 1818 2067 quidem

253 2096 494 2145 detrahant,
538 2095 620 2134 sibi
661 2106 762 2134 vero
803 2095 1107 2134 auctoritatem
1149 2094 1429 2133 attribuant.”
1472 2095 1504 2133 E
1546 2095 1688 2134 verbis
1718 2095 1818 2133 hoc

254 2172 316 2210 de
346 2172 568 2211 nomine
596 2171 739 2210 exime
771 2171 855 2209 de:
889 2170 1050 2209 etenim
1082 2170 1256 2209 nomine
1289 2170 1537 2209 adolescens
1569 2180 1705 2208 senex
1736 2169 1817 2208 sibi

254 2248 558 2286 auctoritatem
591 2247 798 2296 attribuit,
833 2245 1020 2285 detrahit
1052 2246 1260 2291 (absolute
1292 2245 1517 2285 enim-hoc
1541 2246 1722 2284 verbum
1749 2245 1818 2284 hic

254 2323 438 2371 ponitur)
472 2323 511 2362 ei
543 2333 672 2371 quem
705 2322 948 2370 alloquitur.

315 2399 384 2438 35.
427 2397 655 2447 Egregiam
696 2397 825 2436 huius
865 2397 947 2435 loci
990 2396 1298 2435 correctionem
1339 2396 1436 2435 vide
1478 2397 1589 2446 apud
1631 2397 1816 2436 Wester-

256 2474 446 2512 hovium.

316 2551 386 2589 43.
431 2549 668 2598 Stilpho]
717 2548 949 2599 ησύλληψις,
993 2558 1095 2587 nam
1131 2548 1270 2587 reddit
1301 2548 1354 2586 ad
1385 2548 1703 2588 nominativum
1737 2551 1819 2596 [est

256 2627 404 2675 utique
452 2626 647 2674 Stilpho],
696 2626 744 2663 ut
790 2635 938 2663 rursus
985 2625 1038 2663 ad
1084 2624 1424 2663 accusativum.”
1467 2625 1512 2663 L.
1555 2625 1703 2663 redit
1742 2635 1818 2674 pro

257 2702 466 2741 reddit:
516 2701 567 2740 ab
615 2700 862 2739 accusativo
909 2699 1200 2739 sobrinum
1246 2700 1356 2738 redit
1402 2700 1454 2739 ad
1500 2701 1818 2739 nominativum

259 2777 495 2826 Stilpho,
524 2776 576 2815 ab
603 2775 676 2814 illo
699 2775 752 2814 ad
769 2774 1066 2814 accusativum
1089 2775 1456 2823 Stilphonem.
1475 2775 1626 2814 Verbis
1643 2775 1819 2814 inclusis

258 2835 359 2901 quid
390 2852 549 2891 faciam
580 2851 738 2890 nescio.

320 2929 375 2967 76
407 2938 497 2976 sqq.
545 2926 754 2975 Demipho
786 2926 891 2964 haec
921 2925 1168 2964 Phormioni
1199 2925 1444 2964 denuntiat:
