2034 3334
942 403 1027 443 225

199 525 408 575 sapientis
454 525 567 564 dicit.
616 526 692 565 Est
733 527 849 565 enim
889 527 1041 575 plenus
1082 529 1319 577 sapientiae
1360 531 1403 568 et
1443 540 1592 571 secum
1634 531 1763 571 habet

198 602 542 650 promptuarium
569 603 882 642 sententiarum
905 604 956 642 de
972 605 1164 643 moribus
1182 606 1391 654 corruptis
1409 608 1452 645 et
1469 608 1761 648 emendandis.

197 676 304 716 Vide
336 677 463 716 modo
495 688 559 716 vs,
594 679 649 716 60
681 689 756 727 sq,
791 679 863 717 ubi
893 679 955 718 ita
985 680 1173 728 loquitur
1203 680 1404 720 libertus:

849 755 944 793 Non
974 755 1141 805 iniuria,
1175 766 1278 794 nam
1310 756 1351 794 id
1384 757 1565 795 arbitror

374 830 581 878 Apprime
613 830 656 868 in
690 830 778 868 vita
810 840 905 868 esse
937 830 1042 869 utile
1073 831 1122 869 ut
1152 831 1307 879 nequid
1339 832 1470 870 nimis

198 906 242 943 et
298 905 539 944 Scholiasta
595 906 918 944 annotationem
964 907 1084 955 ponit
1131 909 1360 955 cognatam
1405 908 1532 946 modo
1580 909 1764 948 citatae:

201 980 533 1030 „intempestive
565 981 687 1020 Sosia
717 982 947 1031 respondit,
981 982 1055 1020 sed
1087 983 1312 1030 prudentia
1341 984 1491 1022 tamen
1521 985 1762 1023 sententiae

198 1057 496 1105 compensavit
526 1057 942 1105 importunitatem.”

257 1131 367 1171 Tum
398 1133 460 1171 sic
491 1143 626 1171 senex
658 1133 795 1181 pergit
828 1136 904 1178 (vs.
939 1134 1151 1179 62—66):

376 1209 445 1248 Sic
476 1210 567 1248 vita
599 1212 712 1248 erat:
746 1209 870 1249 facile
902 1220 1053 1248 omnes
1084 1210 1270 1258 perferre
1303 1221 1352 1249 ac
1382 1211 1495 1259 pati:

374 1284 482 1324 Cum
515 1285 668 1333 quibus
701 1286 792 1323 erat
823 1295 1038 1333 quomque
1069 1295 1166 1334 una,
1203 1286 1265 1324 eis
1297 1296 1393 1324 sese
1425 1287 1600 1325 debere:

374 1360 533 1399 Eorum
565 1361 740 1408 obsequi
771 1360 937 1409 studiis,
972 1361 1181 1399 advorsus
1213 1361 1388 1410 nemini,

374 1437 604 1484 Nunquam
635 1446 900 1485 praeponens
932 1446 978 1474 se
1010 1436 1107 1485 illis,
1142 1437 1204 1475 ita
1234 1436 1437 1476 facillime

373 1512 471 1550 Sine
503 1512 666 1550 invidia
696 1511 868 1550 laudem
899 1511 1095 1549 invenias
1128 1512 1171 1549 et
1202 1512 1365 1551 amicos
1397 1522 1534 1560 pares.

195 1588 423 1638 Recipiunt
462 1588 592 1636 vulgo
634 1587 715 1625 viri
751 1587 863 1625 docti
894 1586 1077 1634 Bentleji
1109 1588 1502 1637 transpositionem,
1535 1589 1585 1626 ut
1616 1590 1659 1627 et
1690 1588 1759 1628 hic

196 1665 354 1712 aliquid
397 1665 536 1703 delere
578 1663 756 1712 possint.
791 1663 956 1710 Legunt
989 1672 1088 1710 ergo
1120 1663 1332 1700 studiis
1365 1663 1598 1710 obsequi
1629 1664 1757 1703 inclu-

196 1741 385 1789 duntque
432 1741 708 1779 advorsus
757 1738 965 1777 ...illis
1016 1738 1097 1776 Sed
1138 1748 1215 1786 ego
1258 1738 1331 1776 illa
1371 1739 1502 1777 verba
1542 1740 1759 1778 mordicus

195 1817 371 1855 retineo.
401 1816 575 1865 Quando
603 1815 718 1854 enim
746 1814 975 1852 verbosum
1002 1823 1151 1851 senem
1179 1813 1320 1861 magis
1347 1813 1468 1852 decet
1494 1814 1588 1863 ipsa
1612 1816 1756 1855 verbo-

195 1892 303 1930 sitas
340 1902 470 1940 quam
505 1892 578 1930 ubi
610 1889 811 1929 describit
842 1889 1023 1927 dilectus
1055 1898 1160 1926 suus
1190 1887 1347 1926 filiolus
1380 1899 1463 1936 qua
1494 1890 1622 1929 fuerit
1654 1891 1756 1929 olim

194 1967 384 2018 lenitate,
420 1967 661 2015 clementia,
695 1964 1057 2004 mansuetudine?

255 2044 324 2082 67.
343 2044 424 2082 Hic
455 2053 621 2092 quoque
654 2050 813 2089 coquus
846 2039 1063 2078 continere
1094 2049 1140 2077 se
1173 2049 1257 2077 non
1287 2040 1430 2087 potest
1457 2041 1559 2088 quin
1585 2042 1756 2089 sapiens

194 2119 358 2158 dictum
388 2121 580 2168 promat:

373 2195 596 2244 Sapienter
627 2193 764 2231 vitam
795 2191 1005 2230 instituit:
1039 2200 1225 2238 namque
1255 2191 1336 2229 hoc
1367 2192 1560 2239 tempore

372 2270 635 2318 Obsequium
667 2267 840 2315 amicos,
874 2266 1037 2304 veritas
1068 2265 1214 2304 odium
1245 2266 1369 2313 parit.

194 2345 271 2384 Est
302 2346 431 2395 enim,
466 2345 576 2393 quod
603 2344 653 2382 de
680 2342 873 2390 sapiente
901 2351 1034 2388 coquo
1062 2342 1298 2390 exspectes,
1327 2341 1524 2379 laudator
1549 2342 1756 2390 temporis

195 2421 280 2460 acti
311 2431 358 2460 se
389 2431 532 2470 puero,
567 2420 710 2466 itaque
741 2416 872 2455 simul
904 2426 1007 2454 suae
1039 2415 1231 2464 indulget
1262 2416 1498 2464 sapientiae
1531 2418 1574 2455 et
1604 2419 1755 2465 poetae

195 2497 371 2536 adiuvat
400 2495 681 2546 propositum.

252 2572 337 2611 Vix
374 2572 538 2611 audivit
580 2569 701 2608 Sosia
738 2567 841 2605 illud
873 2567 923 2605 de
955 2566 1135 2605 muliere
1166 2566 1357 2605 formosa
1387 2577 1495 2614 quae
1528 2578 1582 2606 ex
1614 2568 1755 2607 insula

194 2648 338 2687 Andro
379 2648 574 2687 Athenas
615 2643 867 2691 migraverit
909 2642 1180 2689 Simonisque
1221 2642 1279 2680 sit
1320 2642 1435 2680 facta
1477 2643 1618 2682 vicina
1653 2645 1754 2692 quin

194 2724 432 2763 exclamet:

370 2799 431 2848 Ei,
466 2806 616 2836 vereor
646 2804 700 2833 ne
731 2793 830 2842 quid
862 2793 1024 2832 Andria
1055 2794 1250 2841 apportet
1280 2792 1398 2831 mali.

193 2873 465 2922 Excogitavit
495 2880 723 2920 personam
756 2868 981 2906 Terentius
1010 2869 1058 2906 ut
1089 2868 1266 2906 haberet
1291 2877 1426 2906 senex
1453 2868 1519 2906 cui
1546 2871 1752 2909 narraret.

193 2949 422 2988 Poteratne
464 2946 712 2995 lepidiorem
755 2943 999 2991 excogitare
1031 2952 1160 2990 quam
1193 2942 1262 2980 hic
1294 2944 1360 2981 est
1393 2943 1525 2992 Sosia,
1559 2945 1630 2991 qui
1662 2947 1754 2984 tam

1581 3013 1615 3041 15
