2034 3334
931 435 983 473 41

237 571 300 600 vs.
336 561 434 600 513.
680 561 779 609 „Ait
810 571 902 599 rem
935 560 1126 598 divinam
1158 560 1354 598 fecisse.”

178 637 324 676 Nescit
355 636 560 676 Chremes
593 646 764 685 semper
795 636 856 675 rei
888 617 1057 675 divinae
1090 635 1279 674 intentas
1311 645 1407 674 esse
1439 634 1737 681 mulierculas3

178 713 321 761 itaque
348 713 451 752 illud
476 713 569 768 Q
597 712 837 763 praemittit
868 713 1093 760 tamquam
1125 712 1176 750 de
1208 721 1253 750 re
1285 721 1437 760 parum
1469 710 1708 749 verisimili.

235 799 299 828 vs.
334 789 418 828 515
451 770 519 836 sq(
533 775 555 786 '⁸
1109 787 1203 835 ipsa
1235 786 1487 826 accumbere

394 863 573 913 Mecum,
609 863 717 902 mihi
749 874 844 903 sese
877 863 989 912 dare,
1025 872 1273 901 sermonem
1307 871 1522 910 quaerere.

177 939 324 978 Nonne
356 940 458 978 sunt
488 939 533 978 hi
560 938 761 978 infinitivi
789 939 880 978 eius
907 939 978 987 qui
1005 948 1155 977 secum
1184 938 1395 976 memoria
1421 937 1581 976 recolat
1607 947 1740 976 mere·

177 1015 354 1054 triculae
386 1015 571 1053 astutias
604 1025 710 1063 quas
742 1015 833 1063 ipse
865 1014 941 1052 vix
972 1013 1155 1052 vitarit?

237 1090 555 1129 Sermonem
598 1073 882 1138 quaerere.
926 1089 1117 1128 Annotat
1161 1088 1423 1127 Scholiasta:
1461 1087 1740 1136 „Sermonem

177 1166 435 1215 quaerimus,
465 1166 632 1214 quando
658 1176 743 1205 non
770 1166 911 1204 solum
939 1165 1049 1213 quod
1077 1165 1271 1203 dicamus
1299 1164 1558 1212 quaerimus,
1588 1174 1740 1202 verum

177 1241 309 1280 etiam
355 1241 566 1289 quomodo
612 1242 721 1280 alter
767 1241 889 1280 nobis
935 1241 1191 1289 respondeat
1233 1241 1277 1279 et
1319 1240 1593 1287 obloquatur:
1637 1241 1742 1289 puta

178 1328 275 1357 cum
317 1315 611 1356 deficientibus
653 1317 968 1356 sermocinandi
1010 1316 1151 1355 causis
1194 1316 1363 1364 quota
1403 1316 1481 1354 sit
1522 1316 1656 1354 hora
1698 1317 1741 1355 et

176 1392 323 1431 satis
378 1394 533 1431 recte
589 1393 713 1441 quis
764 1393 1019 1432 valuerit
1064 1393 1408 1441 percontamur.’'
1457 1392 1739 1431 Rectissime:

177 1470 292 1507 certo
320 1468 436 1507 enim
465 1469 640 1508 consilio
668 1470 774 1508 haec
801 1470 946 1508 omnia
972 1480 998 1508 a
1024 1469 1184 1508 Thaide
1210 1469 1323 1508 dicta
1339 1470 1572 1517 rogataque
1590 1478 1685 1506 esse
1702 1468 1741 1506 ei

176 1553 228 1582 ne
270 1544 313 1582 in
354 1546 547 1583 mentem
579 1545 752 1593 quidem
784 1546 914 1594 venit,
950 1545 1108 1584 nedum
1140 1545 1251 1583 bona
1281 1543 1363 1583 fide
1396 1554 1494 1582 eam
1526 1544 1665 1592 egisse
1698 1545 1742 1582 et

176 1618 257 1657 sibi
298 1620 516 1668 sororique
559 1631 662 1659 suae
694 1621 1038 1669 prospicientem.
1072 1620 1233 1659 Deinde
1266 1620 1310 1658 in
1341 1619 1599 1658 memoriam
1631 1619 1742 1658 redit

177 1706 324 1734 eorum
367 1706 475 1745 quae
517 1696 648 1735 Thais
689 1697 916 1745 rogaverit.
961 1696 1041 1735 Illa
1083 1697 1230 1735 autem
1272 1695 1418 1734 omnia
1450 1696 1502 1733 ad
1536 1696 1740 1744 cognatos

175 1771 354 1820 virginis
386 1772 664 1811 inveniendos
696 1772 923 1822 pertinent,
958 1773 1032 1811 sed
1065 1772 1361 1811 huiuscemodi
1393 1772 1496 1810 sunt
1527 1772 1575 1809 ut
1606 1771 1740 1819 suspi-

118 1895 120 1897 ,
177 1846 344 1885 cionem
376 1847 636 1886 adolescenti
667 1848 828 1887 rustico
861 1848 962 1887 oriri
988 1848 1169 1887 minime
1196 1847 1379 1886 mireris
1408 1847 1461 1886 Et
1488 1847 1587 1885 hinc
1614 1847 1742 1884 huius

177 1922 388 1974 soliloquii
415 1932 613 1961 summus
639 1923 757 1974 lepor
784 1933 1041 1975 summaque
1070 1924 1290 1962 venustas.
1321 1923 1564 1970 Rogaverat
1585 1932 1741 1970 „quam

178 1997 341 2045 pridem
383 1998 503 2045 pater
544 1999 768 2046 materque
800 1998 1042 2037 Chremetis
1074 1999 1234 2037 mortui
1267 1999 1455 2037 essent.''
1491 1997 1741 2045 Suspicatus

178 2072 249 2111 ille
280 2073 386 2111 haec
417 2083 513 2111 eam
545 2083 719 2121 rogasse
751 2076 892 2113 ratam
920 2084 967 2113 se
995 2075 1121 2113 modo
1149 2085 1294 2113 rerum
1322 2084 1500 2112 suarum
1518 2073 1741 2111 dominum

178 2148 339 2186 factum
387 2157 574 2196 moxque
616 2148 712 2187 illas
754 2149 1100 2198 dilapidaturum,
1145 2149 1424 2197 responderat
1469 2149 1583 2197 „iam
1626 2148 1740 2186 diu.'’

178 2224 336 2263 Deinde
383 2234 476 2273 „res
519 2224 638 2263 Sunii
681 2225 840 2272 ecquod
883 2225 1060 2263 haberet
1102 2226 1145 2263 et
1187 2235 1316 2272 quam
1359 2225 1484 2272 longe
1526 2234 1551 2262 a
1587 2224 1740 2262 mari.'’

179 2299 388 2348 Quoniam
435 2299 657 2348 praedium
704 2299 974 2338 maritimum
1022 2301 1097 2338 aut
1143 2300 1314 2348 propter
1355 2299 1527 2338 facilem
1569 2299 1742 2347 frugum

178 2375 502 2414 subvectionem
560 2376 634 2414 aut
680 2376 851 2423 propter
898 2375 1208 2414 amoenitatem
1255 2384 1463 2422 aquarum
1511 2374 1741 2423 pretiosius

180 2451 258 2499 est,
292 2449 498 2490 Chremes
530 2460 679 2489 secum
711 2453 790 2495 (vs.
825 2451 948 2495 520):

252 2568 261 2574 ,
375 2525 507 2564 Credo
540 2526 579 2564 ei
610 2525 777 2574 placere
809 2526 900 2575 hoc,
934 2527 1080 2574 sperat
1111 2536 1157 2564 se
1189 2536 1214 2565 a
1245 2536 1316 2564 me
1348 2525 1545 2564 avellere.

238 2611 301 2639 vs.
337 2601 582 2640 521—525.

355 2676 578 2715 Postremo
611 2685 744 2723 ecqua
775 2676 872 2714 inde
904 2686 1037 2724 parva
1068 2675 1267 2724 periisset
1298 2686 1440 2722 sor0r3

353 2750 508 2799 Ecquis
540 2760 639 2789 cum
673 2761 723 2789 ea
753 2761 860 2798 una;
895 2751 995 2799 quid
1026 2751 1260 2800 habuisset,
1295 2761 1423 2799 quom
1455 2750 1587 2799 perit;

354 2826 509 2874 Ecquis
541 2837 638 2865 eam
669 2827 816 2875 posset
847 2837 1044 2865 noscere:
1078 2827 1184 2865 haec
1215 2837 1320 2874 quor
1351 2827 1596 2874 quaeritet?

355 2901 447 2939 Nisi
478 2902 516 2940 si
547 2902 621 2940 illa
651 2902 760 2940 forte
793 2911 900 2949 quae
933 2901 1036 2940 olim
1068 2901 1193 2950 periit
1224 2901 1403 2950 parvula

355 2976 461 3019 Eam
493 2987 588 3019 sese
620 2977 804 3018 intendit
835 2987 943 3028 esse,
976 2977 1085 3018 utist
1116 2977 1305 3018 audacia.
