2034 3334
411 363 562 407 Motus
592 366 775 421 uterque
805 376 957 421 parens
986 363 1079 407 nati
1108 364 1202 407 rate
1231 362 1363 408 verbe
1391 362 1589 408 biformis

228 505 339 549 Nam
371 433 642 548 ngat-10⁰0
674 503 912 561 praecedit:
944 505 1080 556 „scire
1105 503 1252 548 futura
1275 503 1422 548 dodit”
1447 504 1684 560 (Tiresiae),
1710 505 1826 564 quod

227 591 401 634 prorsus
432 575 583 621 eodem
607 575 719 620 redit
745 590 793 620 ac
819 577 857 620 ei
882 579 1011 633 poeta
1035 575 1237 620 dixisset:
1266 579 1389 628 „rata
1413 576 1515 621 fecit
1539 578 1632 621 eius
1649 576 1822 623 verb&-

290 722 378 767 348
411 722 474 766 De
505 722 704 766 Narcisso
735 721 955 766 consultus
985 725 1152 766 essetne

409 793 622 850 Tempora
653 797 851 836 maturae
881 794 1055 837 visurus
1086 791 1218 851 longa
1248 795 1440 837 senectae

367 902 390 916 ,
409 864 630 908 Fatidicus
661 867 783 908 vates
815 865 880 916 „si
913 878 958 907 se
988 878 1073 907 non
1104 863 1287 907 noven’ffl
1318 864 1476 920 inquit.

224 935 329 989 Quis
356 937 523 993 primus
550 936 778 979 coniecerit
802 934 848 977 id
875 934 988 992 quod
1013 938 1078 978 est
1102 936 1150 977 in
1177 934 1363 979 vetustis
1389 932 1650 978 editionibus
1674 933 1826 978 viderit

226 1008 391 1058 nescio,
434 1006 508 1050 sed
540 1019 796 1063 persuasum
829 1005 937 1048 mihi
970 1008 1035 1049 est
1064 1005 1176 1049 illud
1206 1004 1350 1049 solum
1382 1018 1535 1049 verum
1566 1018 1658 1049 esee
1688 1019 1824 1063 posse.

226 1077 341 1120 Illud
382 1079 527 1134 ipsum
569 1077 684 1134 quod
726 1091 770 1120 se
811 1092 891 1119 non
932 1078 1057 1121 novit
1088 1077 1313 1120 Narcissus
1344 1077 1578 1134 perniciem
1609 1077 1650 1120 ei
1680 1075 1825 1130 οἶοι-η

228 1147 375 1192 salvus
407 1148 559 1192 fuisset
591 1149 629 1191 si
660 1162 704 1192 se
736 1161 958 1205 nunquam
991 1147 1185 1192 vidisset.

289 1283 378 1327 362
409 1283 492 1327 Sed
522 1285 761 1327 rectissime
786 1283 1020 1327 Ehwaldus
1045 1284 1091 1326 in
1117 1282 1186 1326 his
1212 1286 1338 1340 (quae
1362 1286 1591 1327 narrantur
1615 1282 1668 1328 de
1693 1282 1826 1336 Echo,

230 1358 401 1399 tantum
432 1354 591 1399 ultima
621 1355 751 1399 verba
782 1355 1028 1409 referente):

408 1425 583 1469 Fecerat
612 1427 692 1469 hoc
722 1425 851 1477 Iuno,
885 1426 983 1483 quia
1013 1441 1098 1468 cum
1129 1424 1387 1482 deprendere
1417 1428 1561 1482 posset

408 1496 499 1540 Sub
531 1496 632 1539 Iove
664 1510 787 1553 saepe
817 1511 895 1540 suo
926 1496 1142 1554 nymphas
1172 1497 1218 1539 in
1250 1499 1395 1539 monte
1427 1497 1628 1549 iacentes,

408 1567 491 1610 Illa
522 1567 646 1611 deam
676 1566 808 1624 longo
840 1567 1026 1624 prudens
1056 1580 1251 1610 sermone
1283 1567 1455 1610 tenebat

411 1637 527 1680 Dum
559 1638 757 1695 fugerent
789 1637 1030 1695 nymphae,

226 1709 388 1763 sprevit
421 1707 620 1765 Bentleyi
652 1709 942 1751 coniecturam
973 1722 1076 1764 quae
1103 1723 1166 1760 ne,
1200 1721 1330 1764 quam
1361 1707 1432 1751 vel
1465 1721 1551 1751 una
1582 1721 1667 1751 vox
1692 1723 1825 1763 caepe,

225 1791 333 1834 quae
364 1779 410 1820 in
441 1777 622 1836 vulgata
649 1777 832 1822 lectione
862 1777 1126 1836 lepidissime
1159 1780 1347 1834 ponitur,
1381 1778 1555 1821 refutat.

286 1922 373 1967 365
406 1923 632 1980 Sequitur:
1622 1966 1627 1970 .

892 1995 1129 2052 Postquam
1162 1997 1242 2039 hoc
1274 1995 1475 2040 Saturnia
1506 1997 1639 2040 sensit

408 2066 611 2117 „Huius”
645 2067 708 2108 ait
740 2065 967 2123 ‚,linguae,
1001 2081 1085 2124 qua
1115 2082 1214 2110 sum
1247 2066 1417 2119 delusa,
1449 2071 1644 2124 potestas*

405 2137 546 2179 Parva
577 2137 658 2179 tibi
689 2136 874 2186 dabitur,
907 2139 1107 2194 vocisque
1138 2138 1418 2181 brevissimus
1452 2138 1584 2181 usus''

404 2207 551 2263 Reque
583 2209 722 2250 minas
754 2207 921 2251 firmat:
955 2212 1099 2252 tamen
1133 2209 1236 2252 haec
1266 2210 1311 2251 in
1343 2208 1427 2252 fine
1455 2208 1657 2266 loquendi

405 2277 649 2334 Ingeminat
680 2292 807 2321 voces
836 2278 1066 2335 auditaque
1098 2279 1228 2322 verba
1258 2283 1461 2336 reportat.

224 2348 422 2390 Primum
465 2363 528 2391 vs.
564 2347 650 2391 365
692 2350 993 2405 importunum
1034 2349 1154 2392 istud
1194 2351 1266 2392 hoc
1303 2349 1532 2393 delendum
1560 2363 1720 2393 censen.
1752 2349 1817 2397 De

222 2433 286 2462 vs.
321 2418 409 2461 368
451 2419 685 2463 videamus.
730 2419 888 2463 Nullus
931 2420 1002 2463 hie
1043 2419 1163 2463 locus
1204 2422 1495 2464 coniunctioni
1535 2425 1677 2472 tamen,
1715 2433 1817 2464 nam

224 2503 331 2544 quae
379 2503 474 2532 eam
522 2494 762 2546 sequuntur
808 2490 989 2533 minime
1034 2494 1310 2547 opponuntur
1353 2490 1701 2547 praecedentibus
1741 2489 1816 2534 sed

223 2561 396 2615 egregie
427 2574 526 2601 cum
553 2562 608 2602 iis
636 2566 892 2617 congruunt.
926 2560 1047 2614 Quod
1073 2564 1219 2604 autem
1247 2563 1429 2604 coniecit
1458 2561 1637 2606 Bothius
1662 2565 1819 2604 tantm

222 2629 600 2686 languidissimum
635 2635 723 2682 est,
756 2645 855 2674 nam
888 2645 995 2688 quae
1026 2631 1170 2674 Echus
1202 2631 1334 2675 fuerit
1358 2631 1558 2688 loquendi
1582 2632 1817 2675 imminuta

222 2703 411 2755 potestas
439 2699 603 2742 dudum
630 2703 844 2744 novimus.
874 2701 1113 2744 Lenissima
1139 2701 1436 2745 emendatione
1461 2702 1686 2744 restituere
1705 2701 1816 2744 mihi

223 2770 370 2813 videor
401 2769 623 2812 flosculum
657 2771 1010 2821 Ὀβιδιοινότατον.
1043 2771 1245 2828 Suspicor
1274 2773 1319 2815 in
1351 2773 1526 2828 antiquo
1556 2771 1698 2814 codice
1727 2785 1830 2814 non·

223 2840 377 2882 fuisse:
412 2844 459 2882 tfi
491 2841 550 2883 he
582 2845 743 2892 (tamen
775 2842 894 2895 haec)
927 2843 998 2885 sed
1030 2844 1072 2885 ia
1102 2850 1155 2886 n-c,
1185 2844 1290 2896 (iam
1319 2846 1472 2896 nunc):

406 2910 550 2966 Reque
582 2913 721 2953 minas
753 2911 896 2954 firmat

223 2981 252 3021 i.
287 2994 320 3021 e.
355 2982 502 3022 statim
537 2981 641 3023 Iuno
673 2982 808 3024 effecit
841 2986 890 3024 ut
922 2984 1062 3025 minae
1095 2996 1196 3026 suae
1229 2986 1346 3026 ratae
1377 2984 1540 3025 essent:
