2034 3334
1062 393 1148 436 154

352 530 546 561 meorum
582 517 682 561 finis
712 517 936 561 amorum''
968 516 1074 561 πάνυ
1105 518 1328 567 παθητικῶς
1359 519 1574 563 exclamat
1603 521 1750 576 petitu
1782 518 1859 563 sed

353 595 457 650 quid
500 595 726 651 sequitur?
764 594 863 651 Ipse
894 594 1091 639 flammas
1122 595 1352 651 restinguit
1383 609 1492 652 quas
1524 596 1710 639 movisse
1742 591 1858 640 vide-

352 675 435 714 tur.
472 670 674 726 „Disce
705 671 854 715 modos
885 671 1119 714 amanda
1150 684 1255 715 voce
1288 685 1399 728 quae
1413 672 1581 728 reddas,
1599 673 1859 716 minuuntur

354 750 471 790 atrae
514 748 703 790 carmine
743 746 912 790 curae’'.
944 747 1035 790 Iam
1066 748 1134 790 fac
1163 761 1350 803 carmen,
1381 748 1498 805 quod
1530 750 1658 792 etiam
1692 748 1860 792 discen-

355 824 458 866 dum
513 827 578 866 est
619 823 821 876 Phyllidi,
864 823 1032 867 efficere
1076 838 1202 881 posse
1247 828 1297 868 ut
1340 825 1514 882 Telephi
1560 825 1860 879 obliviscatur3

352 914 455 943 num
506 901 635 944 simul
681 900 836 944 efficiet
876 905 925 944 ut
965 905 1133 957 poetam
1175 915 1318 945 amare
1357 902 1568 959 incipiat?
1609 902 1683 945 An
1715 915 1861 947 amore

350 977 459 1020 nihil
510 990 618 1034 opus
665 977 763 1020 est?
811 977 878 1020 Ita
922 981 1071 1034 poetae
1113 978 1294 1022 videtur.
1337 977 1421 1030 Qui
1463 992 1564 1036 ergo
1594 979 1640 1022 in
1671 979 1862 1024 carmine

354 1056 561 1097 amatorio
608 1059 708 1097 ante
749 1056 894 1097 omnia
935 1055 1128 1097 ardorem
1175 1055 1390 1112 quendam
1421 1056 1660 1112 requirunt,
1690 1068 1858 1100 mecum

354 1130 538 1174 liberum
571 1131 688 1174 istud
716 1135 757 1174 et
782 1131 1028 1174 Romanum
1056 1131 1281 1191 §atullirad
1298 1131 1526 1189 Ipsitillam
1542 1144 1717 1176 carmen
1730 1132 1861 1190 longe
1894 1110 1942 1176 st
1964 1108 2034 1179 ¹34

354 1207 546 1251 hibernis
579 1207 696 1251 hisce
726 1212 990 1264 praeponent
1019 1207 1263 1265 frigoribus.

415 1283 576 1327 Eodem
619 1287 808 1340 tempore
839 1298 926 1340 quo
958 1284 1035 1339 IV,
1069 1285 1120 1326 11
1156 1285 1364 1341 scriptum
1397 1285 1628 1329 videtur
1657 1284 1862 1352 04-{2-„123
2015 1267 2034 1415 ⁴

2027 1240 2034 1266 Ί

354 1373 503 1418 resera
548 1360 695 1413 decem
743 1360 830 1404 fere
877 1362 1002 1404 annis
1050 1365 1148 1404 ante
1197 1362 1403 1418 scriptum
1451 1365 1526 1405 est.
1568 1360 1680 1405 Nam
1721 1362 1771 1404 in
1810 1373 1860 1405 eo

358 1450 534 1494 quoque
565 1423 611 1481 se

653 1538 807 1582 Finitis
837 1540 1030 1582 animum
1061 1539 1240 1582 reddere
1270 1539 1490 1583 amoribus

2024 632 2034 916 ἒ

2027 925 2034 997 ἔ

2027 1027 2034 1077 ÷÷

2026 1085 2034 1103 ,

2023 1522 2034 1584 Ξ

2023 1667 2034 1718 23

356 1665 451 1720 cogi
485 1664 588 1707 dicit
618 1667 660 1707 et
692 1664 744 1707 de
769 1668 1018 1708 renascente
1045 1677 1189 1707 amore
1215 1649 1441 1722 magnifice
1458 1665 1632 1722 quidem
1649 1665 1861 1710 declamat

356 1743 490 1797 potita,
522 1741 629 1783 nihil
658 1744 801 1784 tamen
833 1741 954 1784 affert
984 1754 1069 1797 quo
1101 1742 1234 1784 lector
1265 1744 1524 1786 commoveri
1553 1743 1699 1799 possit.

416 1816 645 1859 Horatium
691 1823 835 1860 autem
882 1818 934 1860 de
980 1818 1199 1862 amoribus
1246 1820 1339 1862 suis
1383 1822 1628 1862 narrantem
1674 1818 1863 1866 absurda

359 1893 581 1949 quaedam,
627 1895 739 1936 inter
781 1907 826 1937 se
868 1896 1085 1950 certantia,
1128 1900 1170 1938 et
1212 1909 1313 1938 vero
1346 1897 1481 1939 amori
1511 1897 1691 1940 adversa
1719 1896 1862 1941 fronte
1896 1892 1899 1893 ⁷

356 1971 641 2025 repugnantia
672 1970 812 2013 dicere
843 1971 947 2026 quid
981 1971 1216 2014 miremur?
1243 1971 1342 2028 Ipse
1369 1973 1483 2015 enim
1510 1975 1662 2029 sponte
1677 1972 1862 2018 declarat

358 2058 403 2088 se
443 2047 659 2101 integrum
702 2050 744 2088 et
786 2059 929 2089 amore
973 2060 1155 2090 vacuum
1191 2061 1298 2102 esse,
1328 2052 1370 2091 et
1400 2052 1488 2091 tam
1520 2061 1646 2105 saepe
1676 2049 1863 2103 declarat

359 2125 407 2164 ut
438 2134 488 2164 ea
516 2135 563 2164 re
593 2122 681 2165 fere
711 2123 884 2178 gloriari
917 2123 1127 2166 videatur.
1161 2123 1272 2166 Ecce
1305 2125 1564 2180 exemplum.

417 2198 450 2253 I,
483 2198 520 2259 6.
558 2199 800 2255 „Agrippa”
833 2201 891 2242 ait
926 2212 1020 2254 „res
1046 2203 1146 2242 tuae
1171 2203 1285 2242 terra
1311 2202 1506 2256 marique
1530 2199 1860 2256 gestaeaVario

359 2274 620 2328 scribentur3
669 2289 747 2332 ego
794 2277 831 2319 si
877 2276 1041 2332 aliquid
1083 2277 1293 2319 eiusmodi
1336 2281 1544 2320 tentarem
1583 2277 1722 2320 famae
1761 2280 1861 2321 tuae

359 2351 571 2395 obstarem
615 2354 751 2408 magis
793 2366 922 2408 quam
962 2353 1232 2409 prodessem:
1266 2357 1355 2396 tam
1386 2367 1542 2410 magna
1572 2357 1615 2398 et
1644 2354 1862 2410 praeclara

360 2431 610 2483 argumenta
642 2441 720 2484 ego
750 2441 806 2471 ne
837 2431 1011 2485 tangere
1042 2414 1215 2485 quidem
1247 2429 1397 2485 audet),

655 2537 696 2580 N
698 2551 745 2581 os
776 2539 986 2593 convivia,
1017 2552 1098 2582 nos
1129 2540 1292 2595 proelia
1324 2541 1544 2596 virginum

656 2614 791 2657 Sectis
822 2616 866 2656 in
899 2616 1079 2658 iuvenes
1113 2617 1335 2672 unguibus
1361 2618 1524 2659 acrium

657 2691 888 2734 Cantamus
923 2693 1060 2747 vacui,
1093 2693 1184 2735 sive
1216 2693 1320 2748 quid
1352 2694 1521 2735 urimur

715 2767 813 2809 Non
845 2771 1011 2823 praeter
1043 2769 1216 2811 solitum
1250 2767 1406 2812 leves.”

419 2882 477 2923 At
522 2896 575 2924 ne
622 2885 658 2924 si
699 2884 860 2926 alienos
904 2885 1078 2940 quidem
1109 2889 1265 2929 tractas
1298 2899 1464 2930 amores
1498 2887 1659 2930 ardoris
1691 2886 1870 2943 aliquid.
