2034 3334
1046 395 1129 435 146

296 524 415 564 Davo
456 523 598 563 visam
640 521 758 562 senis
799 521 1048 571 stultitiam,
1082 531 1181 561 cum
1214 521 1381 562 dubitet
1411 521 1545 562 etiam
1577 496 1870 565 resciturusne

296 600 367 639 ille
398 599 457 638 sit
489 609 543 638 an
575 598 704 638 non.’'

342 678 425 716 44.
469 676 591 715 Ficta
631 674 878 714 narratione
919 683 1071 713 senem
1113 673 1354 713 confutavit
1394 673 1563 723 Davus;
1607 674 1679 715 ille
1719 675 1868 718 autem

295 752 414 792 solus
445 751 622 791 relictus
653 749 716 790 sic
746 759 897 789 secum
927 748 1044 798 loqui
1076 748 1248 798 incipit:

473 827 568 867 Non
599 826 773 876 impulit
802 835 875 865 me
905 825 1013 864 haec
1043 834 1158 864 nunc
1188 825 1365 865 omnino
1395 826 1446 865 ut
1476 824 1721 871 crederem(

295 907 563 946 Annotatur:
611 905 724 944 Non
767 902 1011 953 impulit]
1059 911 1171 952 „non
1212 902 1441 953 persuasit,
1484 912 1570 942 non
1610 902 1790 953 perfecit
1819 903 1869 943 ut

295 984 514 1023 crederem
547 981 795 1031 Glycerium
826 979 1088 1030 peperisse.'’
1122 980 1263 1019 Immo
1295 990 1421 1019 vero:
1459 979 1733 1030 „Glycerium
1763 979 1869 1020 no‘n

294 1059 555 1109 peperisse.”
599 1057 660 1097 Cf.
704 1056 816 1106 quod
857 1056 1075 1104 sequitur:
1122 1057 1197 1106 „ut
1239 1055 1430 1095 crederet
1471 1055 1583 1105 quod
1619 1054 1868 1105 Glycerium

294 1145 380 1175 non
420 1134 702 1184 peperisset.’'
746 1132 1018 1183 Quamquam
1060 1142 1115 1171 ne
1155 1131 1219 1171 sic
1260 1132 1434 1181 quidem
1475 1142 1629 1172 verum
1670 1130 1720 1173 fit
1755 1132 1868 1182 quod

294 1212 539 1251 annotatur.
582 1210 729 1249 Davus
771 1208 888 1248 enim
930 1207 1031 1248 ficta
1071 1217 1152 1247 sua
1182 1207 1430 1247 narratione
1462 1207 1544 1247 hoc
1574 1207 1790 1258 spectavit
1819 1209 1869 1248 ut

293 1297 429 1327 senex
471 1286 642 1326 credere
683 1286 880 1334 pergeret
920 1285 1094 1333 partum
1137 1283 1260 1322 illum
1295 1283 1482 1332 Glycerii
1513 1282 1665 1323 fictum
1696 1293 1794 1324 esse
1824 1285 1869 1324 et

293 1364 468 1412 insuper
508 1362 588 1400 hoc
630 1361 878 1410 opinaretur
919 1370 1005 1399 non
1045 1370 1071 1399 a
1111 1370 1159 1398 se
1201 1359 1348 1406 (Davo)
1391 1359 1687 1411 Pamphilove,
1729 1359 1806 1400 sed
1842 1369 1868 1400 a

293 1439 490 1488 Glycerio
562 1438 655 1478 sola
725 1436 890 1476 fictum.
954 1436 1035 1476 Sed
1098 1436 1392 1485 compilatoris
1453 1435 1524 1475 hic
1585 1445 1714 1487 error,
1781 1445 1867 1476 non

295 1516 474 1555 scribae.

354 1667 429 1718 III,
473 1668 512 1717 ὃ,
561 1667 596 1705 1.
639 1665 742 1704 Ubi
785 1664 912 1704 illic
954 1665 1042 1703 est
1082 1664 1295 1714 scelus,
1330 1664 1421 1713 qui
1453 1675 1535 1704 me
1566 1663 1864 1714 perdidit-,⁶2²1

297 1744 388 1795 „Ad
425 1742 707 1791 intellectum,
740 1751 825 1780 non
857 1740 910 1779 ad
942 1750 1101 1789 genera
1132 1740 1298 1789 redegit
1329 1742 1373 1780 et
1405 1742 1472 1780 est
1503 1739 1641 1790 figura
1670 1739 1866 1792 σύλληψις
1944 1736 1947 1741 '

293 1831 368 1869 per
398 1829 569 1869 genera.
601 1816 831 1866 Virgilius:

801 1892 907 1932 Pars
938 1892 983 1931 in
1014 1891 1154 1931 frusta
1184 1892 1347 1931 secant.

354 1971 435 2010 Sed
477 1970 547 2009 hic
587 1968 725 2019 figura
767 1970 835 2008 est
874 1979 949 2018 per
990 1978 1218 2007 numeros:
1252 1978 1356 2007 nam
1387 1968 1488 2017 quia
1519 1968 1711 2008 scelus
1755 1977 1895 2008 sce--

293 2048 479 2086 lestus
512 2045 780 2095 intelligitur,
813 2044 942 2083 modo
974 2044 1066 2093 qui
1098 2044 1335 2094 subiunxit,
1369 2054 1455 2083 non
1486 2044 1670 2093 quod.”

353 2122 561 2173 Quamvis
617 2131 772 2160 sensus
823 2121 979 2160 horum
1025 2121 1084 2160 sit
1128 2121 1392 2170 perspicuus,
1441 2120 1669 2160 confusum
1714 2121 1865 2160 tamen

293 2199 486 2238 scholion
528 2198 717 2246 apparet.
759 2195 852 2235 Duo
893 2195 1059 2235 scholia
1101 2195 1295 2234 eiusdem
1337 2194 1583 2245 argumenti
1623 2195 1677 2235 ab
1718 2195 1864 2245 inepto

293 2274 572 2323 compilatore
616 2271 916 2312 coniunctione
948 2281 1071 2311 nam
1103 2271 1218 2310 inter
1248 2281 1295 2310 se
1329 2270 1625 2320 conglutinata
1653 2271 1862 2321 suspicor.

353 2353 378 2390 3
411 2362 473 2399 sq.
508 2351 663 2389 Secum
697 2349 760 2388 sic
791 2349 1056 2388 lamentatur
1087 2347 1362 2396 Pamphilus:

647 2427 820 2465 Servon>
841 2425 1038 2464 fortunas
1069 2434 1192 2463 meas
1222 2420 1294 2463 me
1326 2423 1600 2463 commisisse
1632 2423 1778 2463 fumi?

470 2504 579 2552 Ergo
611 2502 799 2552 pretium
831 2501 883 2540 ob
915 2500 1151 2540 stultitiam
1182 2500 1286 2540 fero.

292 2582 559 2619 Annotatur:
598 2578 852 2618 Pretium
883 2577 945 2617 ob
977 2576 1316 2623 stultitiam]
1353 2577 1450 2626 „Sic
1480 2576 1661 2616 Plautus
1691 2576 1860 2616 locutus

292 2659 379 2694 est:
414 2656 658 2704 pretium
701 2654 762 2693 ob
805 2654 998 2693 asinos
1028 2660 1104 2702 pro
1136 2653 1357 2692 ‘asinorum
1387 2652 1588 2701 pretium.
1621 2639 1769 2703 Virgil.

470 2731 578 2770 Rem
611 2740 818 2779 magnam
849 2730 1121 2778 pretiumque
1151 2738 1299 2768 morae
1330 2728 1432 2767 fore.

351 2807 403 2845 Et
435 2807 558 2845 alibi:

472 2882 600 2920 illum
634 2882 819 2929 Tydides
852 2881 935 2920 alio
967 2891 1042 2930 pro
1074 2880 1234 2919 talibus
1266 2881 1385 2919 ausis

471 2958 627 2995 Affecit
657 2957 807 3005 pretio.

2022 1051 2034 1187 ξ

2025 1235 2034 1251 3
