2034 3334
938 330 1018 371 141

397 458 480 498 Hic
509 467 623 497 nunc
654 468 740 497 non
771 457 939 497 dubitat
965 457 1068 506 quin
1093 458 1136 496 te
1164 457 1395 496 ducturum
1422 465 1576 505 neges:

396 533 526 573 Venit
556 533 793 572 meditatus
825 533 1020 573 alicunde
1052 543 1108 572 ex
1139 533 1229 572 solo
1262 533 1367 572 loco.

190 609 257 649 Ad
290 610 449 649 venit
479 610 792 648 meditatus
825 609 1089 649 alicunde
1121 611 1374 649 annotatur:
1411 608 1590 658 „Terror
1621 608 1755 648 obiur-

189 685 332 735 gaturi
371 685 508 735 patris
547 685 734 725 hortatio
777 687 844 724 est
885 686 938 724 ad
969 686 1309 734 promittendum
1340 684 1616 734 Pamphilum
1647 684 1759 733 quod

190 760 401 800 iubetur.”
431 760 639 810 Corrupta
666 762 772 801 haec
798 772 935 810 neque
963 762 1151 801 multum
1173 760 1422 810 proficimus
1438 761 1560 800 varia
1575 760 1758 799 lectione

189 838 482 888 Pamphilo
544 840 632 887 (pro
692 838 1064 887 Pamphilum)
1127 847 1235 886 quae
1292 838 1359 876 est
1415 838 1459 876 in
1515 837 1756 876 Klotziana.

191 915 352 954 Sensus
397 916 546 954 tamen
587 914 851 964 perspicuus.
895 915 1066 954 Etenim
1100 909 1300 954 dicendo:
1338 915 1492 963 „Venit
1522 914 1759 953 meditatus

191 990 409 1042 alicunde
433 1001 488 1029 ex
529 990 620 1029 solo
661 990 782 1030 loco''
826 991 993 1039 aliaque
1036 991 1080 1029 in
1113 990 1293 1029 eandem
1335 991 1599 1029 sententiam
1631 989 1760 1029 efflcit

189 1065 336 1105 Davus
391 1067 440 1105 ut
491 1065 578 1105 filio
629 1066 775 1105 futura
820 1066 894 1105 illa
940 1066 1178 1115 obiurgatio
1225 1076 1355 1114 quam
1401 1066 1595 1105 maxime
1640 1065 1759 1104 terri-

189 1141 288 1180 bilis
344 1142 563 1181 videatur:
622 1142 665 1180 et
721 1142 882 1180 terrore
939 1152 1046 1190 opus
1102 1142 1169 1180 est
1219 1143 1268 1180 ut
1313 1141 1461 1180 sedulo
1507 1141 1760 1190 Pamphilus

190 1217 384 1265 partibus
429 1207 634 1265 fungatur
679 1217 761 1255 sibi
808 1227 834 1255 a
879 1227 1004 1256 servo
1051 1217 1290 1265 impositis:
1335 1227 1417 1265 quo
1460 1217 1575 1255 enim
1617 1217 1760 1255 maius

191 1293 326 1332 instat
371 1293 621 1342 periculum,
673 1303 721 1331 eo
769 1293 1016 1342 diligentius
1063 1294 1230 1341 patrem
1277 1293 1520 1332 simulando
1568 1293 1760 1341 decipere

193 1369 417 1407 conabitur
448 1367 575 1408 filius.

183 1502 185 1504 V
250 1520 304 1570 ΙΙ,
339 1522 378 1570 5,
426 1521 462 1559 1.
509 1520 586 1570 „In
626 1521 707 1559 hac
748 1530 877 1559 scena
909 1521 1092 1568 quatuor
1122 1530 1330 1569 personae
1362 1520 1454 1559 sine
1486 1520 1761 1569 inplicatione

192 1588 437 1635 intellectus
479 1596 752 1644 loquuntur.''
796 1595 988 1634 Ridicule
1031 1596 1145 1634 dicta
1185 1596 1292 1635 haec
1333 1597 1408 1635 sed
1439 1606 1525 1635 non
1556 1590 1779 1645 obscura;'

192 1672 314 1710 sine
355 1671 755 1721 implicatione
797 1671 1140 1710 intellectus
1183 1673 1272 1710 est:
1320 1672 1408 1721 „ita
1438 1672 1487 1710 ut
1518 1672 1627 1710 alter
1659 1672 1759 1710 alte-

192 1757 289 1786 rum
320 1758 407 1786 non
438 1747 695 1796 intelligat.’'

252 1899 305 1948 II,
350 1900 388 1948 6,
433 1900 472 1938 3.
520 1898 691 1937 Davum
738 1898 880 1937 solum
921 1899 1139 1937 astantem
1182 1900 1224 1937 et
1266 1909 1414 1938 secum
1447 1900 1760 1948 colloquentem

193 1975 404 2023 quaedam
460 1984 596 2012 senex
651 1974 947 2022 suspicionum
999 1974 1151 2022 plenus
1198 1976 1344 2023 rogat:
1394 1975 1528 2024 Quid
1574 1975 1760 2014 Davus

194 2050 411 2089 narrat?
432 2049 676 2098 Respondet
698 2049 791 2087 ille:
819 2049 1005 2097 Aeque
1033 2050 1329 2097 quicquam
1355 2061 1498 2089 nunc
1524 2052 1759 2099 quidem.

159 2176 164 2182 Ι
194 2126 313 2165 Haec
342 2136 470 2164 nemo
503 2135 693 2173 unquam
726 2124 952 2174 intellexit,
987 2126 1033 2163 at
1064 2125 1302 2174 intelligere
1330 2126 1411 2164 sibi
1438 2127 1608 2166 videtur
1635 2127 1760 2166 Scho-

193 2201 345 2250 liasta;
388 2202 568 2240 annotat
610 2201 748 2239 enim:
791 2200 923 2250 „bene
965 2211 1108 2239 nunc
1140 2201 1383 2249 quidem:
1417 2202 1618 2241 similiter
1648 2213 1762 2241 nunc

194 2277 314 2327 nihil,
362 2278 411 2316 ut
456 2277 581 2326 paulo
629 2277 741 2325 ante,
791 2286 889 2314 cum
931 2276 1064 2314 dixit:
1107 2276 1159 2315 id
1200 2277 1439 2325 populus
1472 2279 1632 2316 curat
1663 2279 1759 2317 sci-

194 2351 376 2392 licet’'
410 2353 509 2402 Ipsa
541 2363 706 2401 quoque
739 2352 960 2391 annotatio
992 2353 1099 2391 satis
1126 2353 1318 2402 obscura,
1348 2353 1492 2402 itaque
1519 2354 1761 2393 illustrandi

196 2438 327 2470 causa
341 2441 496 2470 moneo
519 2430 797 2469 similiter
824 2440 918 2468 esse
936 2430 1334 2479 interpretationem
1353 2431 1542 2470 adverbii
1564 2442 1760 2480 aeque;

196 2508 240 2545 et
281 2507 577 2555 quicquam
621 2505 885 2545 scholiastae
927 2505 1061 2544 videri
1099 2506 1214 2544 idem
1245 2506 1355 2554 quod
1386 2506 1544 2546 nihil.
1578 2507 1631 2546 Et
1662 2509 1762 2556 quid

196 2582 269 2621 illo
301 2592 473 2630 aeque
506 2582 546 2627 (i.
576 2592 610 2620 e.
647 2581 861 2627 similiter)
897 2581 999 2620 velit
1030 2581 1175 2620 Davus
1207 2582 1268 2620 ita
1295 2582 1470 2630 exponit
1498 2583 1760 2622 Scholiasta:

200 2659 371 2709 „Davus
418 2658 521 2697 dicit
566 2658 673 2696 nihil
719 2668 857 2706 narro,
907 2658 1108 2696 similiter
1148 2669 1260 2697 nunc
1302 2660 1351 2697 ut
1382 2659 1497 2708 olim,
1531 2670 1634 2698 nam
1666 2662 1761 2699 tum

197 2744 363 2782 quoque
411 2733 564 2772 istud
611 2732 862 2781 agebam:
911 2733 1104 2772 attentus
1147 2743 1267 2772 eram
1300 2734 1352 2772 ad
1383 2735 1426 2773 te
1458 2735 1760 2774 audiendum.’‘

197 2808 258 2848 De
299 2809 372 2848 illo
414 2810 560 2864 autem
593 2810 786 2856 tempore
819 2808 1059 2847 Scholiasta
1089 2810 1214 2857 putat
1243 2809 1413 2848 Davum
1445 2810 1632 2858 cogitare
1663 2821 1762 2850 cum

198 2894 347 2923 secum
379 2884 567 2923 dicebat:
604 2883 672 2932 „id
703 2883 884 2932 populus
916 2885 1037 2922 curat
1067 2884 1258 2923 scilicet''
1293 2884 1401 2930 (Act.
1434 2885 1465 2934 I,
1501 2886 1539 2935 2,
1576 2886 1656 2932 14).
