2034 3334
1015 284 1069 328 18

334 407 389 451 71
423 407 529 450 Ecce
561 421 712 463 parum
743 410 840 450 ante
871 406 985 450 dati:
1017 407 1182 450 iactura
1213 406 1227 464 Ι
1258 409 1493 451 novissima
1523 407 1705 452 Drusus.

333 477 390 521 93
422 477 609 520 Lumina
640 476 833 521 caerulea
864 478 953 520 iam
983 478 1157 534 iamque
1188 475 1202 535 Ι
1232 480 1427 522 natantia
1457 482 1608 523 morte.

333 548 389 591 95
423 549 480 591 At
510 548 752 591 miseranda
783 562 935 605 parens
967 547 1168 604 suprema
1199 546 1214 607 Ι
1245 562 1381 606 neque
1414 548 1559 593 oscula
1590 548 1714 606 legit.

305 619 389 662 149
421 620 510 663 Nec
542 634 674 676 quom
705 621 915 662 victorem
946 619 1155 662 referetur
1187 618 1201 677 Ι
1233 619 1376 663 adesse
1406 619 1635 664 Neronem.

303 690 386 733 151
421 690 590 734 Ulti'ma
620 692 905 748 contigimus:
938 692 1007 733 ius
1038 691 1190 734 matris
1221 689 1237 749 Ι
1267 690 1476 734 habemus
1507 692 1561 735 ab
1593 706 1692 735 uno.

302 762 388 804 153
419 762 494 806 Me
525 760 748 805 miseram!
782 763 967 805 extimui
998 762 1224 820 frigusque
1255 760 1271 820 Ι
1301 776 1376 819 per
1408 776 1502 806 ossa
1533 764 1736 807 cucurrit.

300 832 387 876 173
419 833 586 877 Funera
617 833 836 876 ducuntur
867 832 1058 876 Romana
1090 831 1105 891 Ι
1135 846 1211 889 per
1244 833 1399 890 oppida
1432 832 1577 877 Drusi.

300 903 386 947 199
419 903 558 948 Obvia
591 904 718 947 turba
750 905 839 946 ruit
870 903 1145 960 lacrimisque
1177 902 1192 962 Ι
1222 904 1466 961 rigantibus
1497 918 1583 948 ora.

298 973 386 1017 205
422 975 703 1031 Auctorisque
735 977 803 1018 sui
833 973 1088 1033 praefertur]
1118 976 1309 1032 imagine
1340 979 1517 1019 maesta.

298 1045 386 1090 207
425 1047 614 1088 Cernat
645 1061 772 1088 onus
804 1046 940 1088 lecti
966 1061 1229 1100 ‚qenerosa
1260 1045 1275 1104 Ι
1305 1047 1492 1089 subire
1521 1047 1789 1093 iuventus.

296 1115 383 1159 221
417 1116 514 1174 Ipse
545 1121 665 1175 pater
696 1117 821 1160 flavis
852 1116 1079 1160 Tiberinus
1111 1116 1125 1175 Ι
1157 1116 1380 1161 adhorruit
1411 1117 1554 1162 undis.

296 1186 380 1230 231
418 1187 502 1231 Sed
533 1188 711 1232 Mavors
739 1187 902 1245 templo
935 1189 1105 1231 vicinus
1136 1186 1151 1246 Ι
1181 1193 1225 1231 et
1256 1188 1400 1231 accola
1431 1190 1586 1246 campi.

296 1258 384 1301 239
418 1258 639 1311 Quondam
671 1274 752 1317 ego
784 1260 950 1302 tentavi
981 1258 1221 1316 Clothoque
1248 1258 1263 1318 Ι
1295 1259 1485 1317 duasque
1517 1274 1693 1306 sorores.

296 1328 384 1372 267
417 1330 550 1372 Par-s·
581 1330 687 1372 erit
717 1330 993 1372 historiae
1026 1335 1244 1387 totoque
1275 1329 1291 1389 Ι
1321 1331 1536 1385 ceqetur
1565 1332 1620 1374 in
1653 1347 1794 1376 aevo.

297 1400 383 1443 305
416 1400 483 1444 Tu
514 1415 736 1444 concessus
768 1416 901 1452 amor,
937 1405 983 1443 tu
1015 1400 1133 1445 solus
1162 1400 1177 1459 Ι
1209 1406 1251 1444 et
1282 1401 1469 1446 ultimus
1500 1402 1582 1446 illi.

297 1470 383 1514 315
416 1471 683 1524 Friqidus
713 1472 819 1513 ille
852 1472 954 1514 tibi
985 1487 1283 1528 corpusque
1313 1471 1328 1530 Ι
1370 1473 1624 1528 refertur
1654 1473 1832 1518 inane.

297 1541 384 1584 325
416 1542 472 1584 Et
502 1542 630 1585 modo
661 1557 737 1599 per
768 1557 938 1585 somnos
970 1544 1150 1599 agitaris
1182 1542 1196 1601 Ι
1227 1544 1419 1601 imagine
1450 1543 1568 1587 falsa.

298 1611 384 1654 333
419 1612 722 1668 Reqalique
752 1613 943 1654 habitu
975 1628 1248 1670 curruque
1284 1613 1299 1672 Ι
1329 1615 1594 1669 superbus
1625 1616 1832 1660 eburno.

297 1682 384 1725 349
417 1683 492 1724 En
515 1683 705 1737 posuit
737 1687 784 1725 te
818 1683 931 1725 alte
961 1683 1189 1726 Fortuna
1221 1683 1237 1742 Ι
1268 1685 1537 1741 locumque
1567 1686 1725 1730 tueri.

295 1751 381 1796 397
414 1753 738 1809 Praevertitque
770 1758 913 1814 metus
944 1768 1019 1810 per
1049 1753 1180 1811 longa
1210 1754 1225 1813 Ι
1256 1755 1445 1811 pericula
1476 1755 1660 1800 luctum.

293 1823 378 1866 431
414 1824 480 1866 Et
510 1824 771 1877 lonqaeva
795 1840 1027 1879 parens:
1059 1830 1228 1868 tamen
1261 1826 1366 1868 ille
1395 1825 1411 1884 Ι
1443 1828 1744 1882 redemptus
1768 1829 1834 1872 ad

1668 1899 1829 1953 ignes.

289 1965 456 2009 Noveni
498 1966 738 2008 hexametri
769 1980 900 2009 unam
933 1966 1091 2010 habent
1122 1981 1342 2010 caesuram
1374 1968 1487 2010 κατὰ
1520 1968 1715 2020 τέταρτον
1747 1985 1832 2022 τρο-

228 2042 365 2089 χαῖον,
409 2040 452 2079 et
495 2038 658 2079 mirum
691 2051 820 2093 quam
853 2051 978 2095 saepe
1010 2037 1095 2081 alia
1127 2053 1194 2081 res
1226 2038 1410 2091 accedit,
1445 2053 1552 2096 quae
1585 2054 1737 2084 versus
1767 2042 1829 2085 sic

228 2109 383 2150 incisos
420 2110 551 2151 etiam
580 2110 836 2165 ingratiores
867 2109 1038 2152 reddat:
1083 2124 1195 2152 unus
1228 2115 1270 2153 et
1302 2109 1411 2153 alter
1438 2125 1588 2154 eorum
1619 2111 1723 2155 ferri
1753 2113 1828 2155 vix

227 2183 366 2234 potest
397 2184 450 2231 (e.
480 2193 514 2222 c.
550 2178 620 2230 61,
650 2179 770 2233 349).
803 2179 919 2237 Ergo
945 2180 1023 2223 hoc
1050 2183 1225 2224 nomine
1251 2181 1455 2237 Epicedio
1479 2186 1668 2239 praestat
1694 2184 1827 2226 etiam

227 2249 630 2306 Metamorphoseon
661 2249 772 2294 liber
801 2252 990 2307 primus,
1025 2256 1198 2308 propter
1228 2254 1412 2295 istarum
1444 2266 1717 2296 caesurarum
1748 2252 1827 2297 fre·

227 2323 445 2376 quentiam
478 2323 660 2364 minime
692 2321 931 2364 laudandus
963 2322 1041 2374 (12
1061 2336 1069 2365 :
1091 2323 1149 2376 1).

287 2390 413 2434 Ultra
454 2394 739 2449 investigare,
780 2392 1004 2450 colligere,
1036 2408 1260 2437 numerare
1292 2393 1411 2437 nolui
1442 2408 1579 2451 neque
1609 2393 1718 2438 utile
1748 2408 1826 2451 pu·

226 2465 330 2506 tavi.
379 2462 454 2505 Sat
496 2462 635 2505 multa
676 2465 763 2506 iam
805 2466 1007 2520 proposui
1048 2479 1071 2507 e
1113 2466 1269 2521 quibus
1312 2464 1363 2507 de
1406 2468 1497 2508 tota
1535 2479 1580 2508 re
1610 2464 1822 2508 iudicium

226 2535 386 2577 efficere
417 2535 643 2590 possimus.

286 2605 437 2647 Poetas
482 2604 637 2646 latinos
683 2607 856 2648 omnino
903 2607 1173 2662 ignoravisse
1219 2606 1363 2663 legem
1411 2606 1460 2649 de
1508 2605 1684 2649 vitanda
1724 2609 1822 2662 post

226 2680 429 2731 quartum
479 2676 727 2717 trochaeum
775 2690 947 2719 caesura
993 2676 1132 2719 dicere
1178 2691 1262 2719 non
1308 2676 1465 2727 audeo;
1515 2676 1657 2718 obstat
1704 2677 1820 2719 enim

225 2746 337 2802 quod
363 2746 577 2788 Lucianus
605 2746 841 2789 Muellerus
869 2762 908 2803 p.
934 2747 1016 2790 192
1043 2747 1186 2790 docet:
1215 2749 1398 2790 vitatam
1424 2761 1519 2789 eam
1542 2746 1594 2788 de
1609 2746 1821 2790 industria

226 2817 268 2859 et
302 2831 325 2859 a
358 2816 581 2873 Lygdamo
615 2817 657 2859 et
689 2831 713 2859 a
745 2822 870 2873 poeta
903 2819 978 2873 qui
1008 2818 1287 2875 Lygdamum
1319 2821 1456 2860 aetate
1487 2815 1678 2859 multum
1707 2821 1820 2860 ante-

225 2887 358 2930 cedit:
392 2886 614 2930 Catullum
648 2888 740 2930 dico
773 2890 814 2930 in
849 2888 1011 2944 epyllio
1044 2902 1133 2931 suo.
1167 2888 1225 2930 Et
1256 2889 1427 2930 omnino
1460 2900 1583 2943 parce
1609 2891 1818 2942 cauteque

224 2972 272 3000 ea
304 2972 407 3000 usus
438 2972 526 2999 esse
558 2958 729 2999 videtur
761 2957 972 3001 Catullus.

286 3028 452 3083 Ergone
497 3042 597 3069 cum
641 3030 731 3070 viro
773 3028 848 3070 illo
892 3029 1039 3079 docto,
1083 3030 1206 3070 cuius
1247 3029 1293 3069 in
1335 3028 1459 3069 initio
1502 3027 1632 3068 huius
1664 3029 1816 3083 capitis
