2034 3334
1023 237 1106 281 131

273 363 487 400 narrarent
529 373 656 409 curas,
688 358 732 400 id
765 358 937 414 quidem
969 358 1093 415 plane
1123 359 1248 402 nihili
1281 362 1358 402 est.
1397 360 1518 402 Casus
1546 360 1666 404 locus
1698 365 1761 404 est
1792 368 1858 404 ex'-

272 432 440 484 pertus,
469 443 584 470 curas
610 442 692 471 non
725 431 879 480 sensit,
913 443 1012 471 nam
1044 434 1201 485 puncto
1234 432 1439 486 temporis
1470 431 1625 486 palude
1657 435 1721 474 est
1750 445 1860 475 mer-

273 513 356 541 sus.
401 498 522 551 Quod
560 503 705 542 autem
737 500 789 542 ad
822 501 1000 542 verbum
1034 502 1210 543 attinet:
1243 503 1287 542 in
1319 501 1369 543 M
1401 506 1465 544 est
1495 507 1723 553 narrarent,
1755 504 1799 545 in
1831 511 1857 544 λ

273 574 529 620 narrassent,
573 570 683 627 quod
726 571 870 612 minus
913 576 1076 627 aptum.
1110 570 1189 614 Sed
1221 572 1454 614 videndum
1487 586 1539 614 an
1571 587 1654 615 non
1687 574 1858 628 utrique

270 639 444 682 lectioni
474 644 659 695 praestet
690 640 734 682 id
766 641 879 696 quod
911 646 975 684 est
1005 643 1050 683 in
1081 642 1120 684 N
1153 642 1395 696 inciperent:
1429 643 1528 698 huic
1560 643 1688 686 verbo
1727 642 1859 699 expli-

273 709 395 752 candi
437 723 562 753 causa
598 710 861 766 adscriptum
892 726 980 754 esse
1010 717 1223 754 narrarent
1253 713 1484 756 admodum
1515 718 1580 756 est
1610 712 1859 756 verisimile.

273 779 546 824 Contrarium
576 795 657 824 non
689 782 808 825 item.

336 921 419 966 721
450 938 540 979 sqq.
589 923 892 967 Nan-ationem
941 938 1060 967 suam
1110 924 1159 968 de
1199 925 1450 968 Philemone
1491 930 1533 968 et
1575 926 1758 970 Baucide
1800 928 1860 970 sic

271 993 485 1036 concludit
516 994 669 1036 Lelex:

453 1065 571 1107 Haec
602 1065 712 1107 mihi
745 1080 826 1108 non
860 1067 985 1117 vani,
1018 1080 1152 1122 neque
1185 1071 1275 1109 erat
1306 1081 1381 1109 cur
1411 1067 1555 1110 fallere
1587 1067 1767 1121 vellent,

452 1135 687 1178 Narravere
720 1149 852 1178 senes.
884 1136 1095 1192 Equidem
1128 1136 1354 1192 pendentia
1386 1138 1477 1181 vidi

451 1205 573 1248 Serta
605 1220 732 1262 super
762 1220 924 1258 ramos,
958 1221 1200 1263 ponensque
1232 1210 1417 1250 recentia
1449 1209 1556 1251 dixi:

456 1275 596 1327 „Oura
628 1276 755 1319 deum
789 1277 832 1318 di
864 1278 972 1328 sint,
1005 1281 1049 1320 et
1078 1279 1152 1333 qui
1183 1277 1347 1321 coluere
1379 1278 1618 1321 colantur’'.

278 1346 383 1399 Quis
425 1346 580 1389 ultimo
621 1348 766 1390 versui
797 1361 878 1390 non
911 1348 1157 1404 adstupeat,
1191 1350 1285 1404 quis
1316 1363 1399 1391 non
1433 1363 1481 1391 ea
1513 1350 1595 1392 sibi
1626 1349 1768 1406 legere
1801 1352 1861 1393 vi—

275 1417 425 1460 deatur
467 1431 574 1473 quae
614 1416 867 1460 mortalium
911 1432 1036 1461 nemo
1079 1432 1267 1474 unquam
1310 1421 1367 1461 sit
1408 1419 1733 1463 intellecturus?
1764 1420 1859 1463 Non

273 1487 401 1530 audet
441 1492 585 1530 tamen
627 1487 823 1530 dubitare
865 1490 967 1544 quin
1009 1490 1068 1531 sic
1110 1490 1325 1544 scripserit
1366 1489 1567 1541 Ovidius,
1609 1505 1710 1533 113111
1742 1490 1860 1533 videt

273 1558 441 1601 Heinsii
487 1558 716 1601 lectionem
761 1559 839 1601 hac
886 1559 1099 1602 editorum
1145 1561 1414 1602 annotatione
1462 1562 1603 1603 reiici:
1653 1560 1763 1611 „Sed
1804 1561 1858 1603 cf.

274 1627 519 1671 Lachmann
553 1628 604 1671 ad
637 1628 807 1671 Lucret.
841 1643 881 1684 p.
916 1629 1048 1679 253”,
1081 1633 1207 1685 atque
1238 1644 1289 1672 ne
1321 1630 1482 1672 hiscere
1514 1630 1687 1686 quidem
1718 1630 1857 1674 audet.

272 1699 330 1741 At
361 1698 464 1754 quid
495 1698 605 1740 illud
637 1703 701 1741 est
733 1699 845 1754 quod
879 1713 995 1741 sacro
1021 1699 1096 1742 illo
1124 1713 1193 1742 ore
1219 1699 1397 1742 edatur?
1424 1700 1560 1742 Audi:
1596 1716 1719 1752 „eura
1745 1702 1858 1743 deum

272 1769 316 1811 di
358 1769 454 1819 sint,
494 1769 538 1810 id
580 1773 665 1811 est:
701 1770 786 1811 sint
816 1770 936 1811 nobis
968 1769 1142 1812 deorum
1177 1770 1269 1813 loco
1303 1785 1406 1826 quos
1436 1773 1519 1826 ipsi
1551 1771 1618 1813 dei
1650 1785 1725 1814 sua
1758 1785 1858 1814 cura

274 1839 442 1896 dignati
483 1843 602 1890 sunt,
644 1844 681 1881 et
722 1839 791 1895 qni
831 1840 983 1881 coluere
1025 1840 1249 1883 eolantnr''.
1292 1841 1460 1897 Ergone
1493 1856 1654 1884 novum
1690 1841 1858 1884 cultum

272 1914 398 1965 atque
445 1909 546 1952 adeo
592 1923 748 1951 novam
795 1909 1055 1966 theologiam
1105 1909 1233 1952 Lelex
1279 1910 1494 1953 instituit?
1551 1911 1645 1953 Non
1695 1912 1857 1967 opinor.

275 1979 424 2021 Omnis
456 1981 548 2021 eius
580 1980 785 2034 sapientia
817 1979 927 2021 redit
959 1979 1011 2021 ad
1043 1982 1195 2022 notum
1227 1980 1336 2022 illud
1368 1980 1659 2036 prudensque:

456 2049 614 2091 Discite
644 2050 855 2090 iustitiam
888 2051 1042 2091 moniti
1074 2054 1116 2092 et
1146 2065 1230 2092 non
1262 2054 1450 2092 temnere
1482 2050 1602 2092 divos

274 2123 316 2162 et
363 2120 442 2161 hoc
488 2123 552 2161 est
599 2118 711 2174 quod
758 2118 971 2174 praeclara
1018 2133 1094 2162 sua
1142 2120 1434 2162 emendatione
1481 2119 1633 2163 Ovidio
1674 2121 1858 2163 reddidit

275 2189 503 2232 Heinsius:

457 2256 569 2301 Cura
599 2258 661 2313 pii
692 2257 756 2300 dis
790 2262 889 2300 sunt
920 2262 963 2300 et
996 2260 1069 2314 qui
1101 2258 1264 2302 coluere
1297 2259 1509 2302 coluntur.

337 2398 438 2441 805.
470 2397 540 2440 Sic
571 2397 721 2440 Fames
753 2397 1029 2440 describitur:

457 2467 626 2509 Ventris
658 2471 747 2509 erat
777 2482 853 2523 pro
885 2472 1032 2511 ventre
1063 2468 1202 2519 locus,
1237 2469 1415 2525 pendere
1447 2475 1617 2526 putares

454 2537 610 2579 Pectus
645 2542 688 2579 et
720 2550 743 2578 a
776 2539 919 2592 spinae
952 2538 1246 2581 tantummodo
1278 2543 1390 2581 crate
1423 2542 1569 2582 teneri.

460 2607 649 2648 Auxerat
682 2606 883 2648 articulos
915 2609 1070 2649 macies
1102 2622 1378 2664 genuumque
1410 2610 1602 2652 tumebat

459 2675 605 2726 Orbis,
641 2678 682 2717 et
712 2676 941 2718 immodico
973 2677 1195 2732 prodibant
1227 2678 1374 2720 tubere
1406 2678 1496 2721 tali.

279 2745 326 2786 In
371 2745 459 2787 cod.
503 2745 551 2787 M
593 2759 655 2787 vs.
690 2744 777 2787 805
821 2746 948 2788 verba
981 2747 1156 2800 pendere
1178 2752 1346 2800 putares
1377 2752 1476 2789 sunt
1507 2750 1551 2790 in
1582 2763 1750 2801 rasura,
1785 2752 1856 2801 „in

276 2828 360 2869 qua
401 2814 503 2857 olim
548 2815 677 2857 fuisse
718 2815 908 2857 constat’'
941 2815 1146 2866 (Kornius
1178 2818 1255 2868 ait)
1289 2832 1590 2873 „genuumque
1621 2820 1856 2862 tumebat’'.

278 2883 327 2925 In
369 2886 566 2940 margine
609 2898 632 2926 a
666 2899 722 2925 m.
769 2885 795 2926 2
837 2885 939 2927 baec
981 2891 1080 2928 sunt
1111 2888 1280 2937 (omitto
1315 2891 1454 2930 autem
1490 2890 1595 2930 vitia
1625 2888 1785 2931 leviora
1815 2894 1858 2932 et

276 2953 440 2996 dudum
470 2953 676 3006 sublata):
