2034 3334
950 352 1005 391 55

989 477 1038 514 tu
1069 476 1150 525 pol,
1185 475 1222 514 si
1254 475 1370 524 sapis

342 553 460 603 Quod
490 554 576 593 scis
608 553 760 602 nescis,
794 562 931 600 neque
963 551 1013 590 de
1044 551 1248 590 Eunucho
1280 561 1421 599 neque
1449 551 1499 589 de
1530 550 1636 589 vitio

1575 625 1783 674 [virginis.

340 704 431 744 Hac
463 715 508 744 re
541 706 583 744 et
614 706 658 743 te
690 704 808 743 omni
840 703 966 743 turba
997 702 1170 742 evolves
1203 704 1246 741 et
1278 702 1339 740 illi
1371 702 1543 750 gratum
1574 700 1739 739 feceris.

221 780 334 819 illi:
372 780 581 829 „virgini”
616 781 677 819 ait
714 779 965 828 Scholiasta,
1008 778 1295 828 „Phaedriae”
1324 776 1664 816 Westerhovius.
1693 775 1786 815 Hoc
1839 747 1968 805 M

219 856 362 905 potius
410 856 555 895 credo:
599 856 821 904 gratum
862 854 1050 893 facere
1091 854 1154 892 illi
1195 853 1388 902 dicimur,
1431 853 1502 901 qui
1543 852 1695 890 statim
1729 862 1784 890 ex
1829 814 2034 890 wo*

220 932 367 971 nostro
408 931 521 970 facto
554 931 713 979 aliquid
746 930 960 969 commodi
987 929 1045 968 sit
1077 930 1302 978 capturus;
1335 939 1420 967 non
1452 929 1623 977 ponitur
1655 929 1706 967 de
1739 938 1784 967 re

219 1017 350 1055 quam
392 1008 487 1055 quis
527 1007 752 1045 tandem
784 1005 1087 1053 aliquando
1119 1005 1200 1043 sibi
1231 1004 1442 1053 profuisse
1474 1014 1680 1043 sensurus
1711 1004 1780 1042 sit.

278 1081 391 1121 Dum
432 1083 538 1121 haec
579 1082 821 1131 loquuntur,
861 1081 1272 1130 appropinquantem
1303 1081 1452 1119 vident
1484 1080 1782 1127 Chremetem;

219 1158 450 1207 paucisque
490 1158 632 1196 verbis
674 1157 825 1196 Dorias
857 1157 1114 1205 Pythiadem
1147 1157 1373 1195 certiorem
1404 1156 1507 1195 facit
1539 1156 1701 1204 turbae,
1736 1165 1783 1194 se

220 1233 353 1272 etiam
378 1235 603 1283 praesente
630 1234 741 1272 inter
767 1233 975 1272 Thaidem
1002 1234 1044 1271 et
1070 1233 1256 1271 militem
1279 1234 1409 1281 ortae,
1438 1242 1626 1280 moxque
1643 1232 1783 1280 ipsam

220 1309 454 1348 affuturam
495 1309 624 1348 addit.
668 1309 778 1347 Tum
819 1309 1028 1357 Pythiade
1064 1309 1236 1348 iubente
1269 1319 1367 1347 cum
1399 1308 1573 1347 Thaidis
1605 1318 1708 1346 auro
1741 1307 1782 1345 in

220 1385 347 1424 aedes
379 1385 479 1434 abit,
514 1385 608 1434 ipsa
638 1385 817 1433 Pythias
850 1386 949 1423 ante
982 1377 1142 1424 ostium
1174 1385 1381 1423 remanet.

761 1705 907 1744 Acrns
939 1704 996 1743 IV
1029 1705 1172 1743 SGENA
1204 1705 1243 1743 5.

280 1840 435 1894 Lepide
462 1845 666 1885 Chremes
694 1845 935 1894 depingitur
962 1855 987 1884 a
1009 1855 1114 1883 cena
1140 1844 1293 1883 militis
1315 1844 1493 1882 veniens
1510 1844 1599 1882 vini
1616 1843 1780 1892 plenus,

221 1930 358 1968 neque
388 1922 536 1959 tamen
566 1921 748 1969 turpiter
780 1920 934 1969 ebrius,
964 1920 1038 1959 sed
1075 1920 1237 1968 „multo
1269 1919 1471 1958 hilarior''
1506 1919 1649 1964 (verba
1681 1920 1784 1958 sunt

222 1995 327 2034 haec
353 1995 533 2034 iocantis
560 1995 796 2043 Pythiadis)
825 2005 955 2043 quam
982 1995 1155 2033 dudum.
1189 1995 1330 2043 „Atat,
1360 1995 1460 2033 data
1486 1994 1627 2033 hercle
1657 1994 1784 2032 verba

221 2069 329 2108 mihi
355 2071 477 2109 sunt:
506 2070 611 2108 vicit
635 2070 788 2108 vinum
815 2070 924 2118 quod
941 2069 1054 2108 bibi'’
1074 2070 1136 2108 sic
1154 2070 1359 2108 accedens
1377 2070 1564 2117 loquitur
1578 2072 1654 2114 (vs,
1670 2071 1692 2108 7
1700 2070 1782 2118 27),

220 2144 291 2183 ubi
322 2145 389 2183 vis
421 2144 730 2183 interiectionis
762 2146 884 2183 atat
916 2145 1083 2193 egregie
1116 2155 1140 2183 a
1172 2145 1412 2183 Scholiasta
1438 2145 1678 2185 illustratur
1705 2145 1785 2183 hac

222 2220 518 2261 annotatione:
571 2220 739 2268 „atatz
788 2219 1027 2258 interiectio
1070 2221 1137 2259 est
1177 2220 1387 2268 paulatim
1427 2220 1614 2268 percepti
1657 2221 1783 2267 atque

221 2295 428 2336 intellecti
459 2294 607 2333 mali.'’

281 2372 380 2410 Mox
396 2370 653 2419 Pythiadem
670 2371 793 2418 rogat
810 2371 952 2409 iamne
964 2371 1132 2409 venerit
1143 2370 1273 2409 Thais
1288 2383 1296 2418 ;
1310 2371 1383 2409 illa
1394 2381 1495 2409 vero
1508 2371 1762 2409 mirabunda
1776 2381 1784 2407 :

229 2457 310 2501 „an
343 2447 448 2486 abiit
478 2446 567 2484 iam
599 2456 624 2484 a
655 2445 794 2484 milite
806 2446 854 2483 ?'’
888 2447 965 2490 (vs,
1000 2446 1112 2491 733).
1146 2445 1390 2494 Respondet
1416 2445 1621 2484 Chremes
1650 2446 1788 2491 (734):

400 2522 493 2560 Iam
525 2521 697 2569 dudum,
732 2521 944 2559 aetatem:
978 2520 1076 2559 lites
1107 2520 1246 2559 factae
1279 2522 1381 2559 sunt
1413 2521 1524 2560 inter
1555 2531 1628 2559 eos

1533 2597 1787 2642 [maximae.

283 2672 493 2721 Agnoscis
519 2671 780 2720 gravitatem
807 2671 1091 2710 adolescentis
1119 2681 1217 2709 cum
1245 2671 1463 2710 hilaritate
1486 2672 1786 2713 alternantem.

224 2747 305 2786 Hic
338 2747 517 2795 Pythias
550 2747 688 2792 (735):

150 2808 157 2809 ἶ
654 2821 722 2860 Nil
755 2821 864 2860 dixit
894 2822 942 2860 tu
974 2823 1022 2860 ut
1053 2832 1276 2870 sequerere
1308 2823 1435 2861 sese?

225 2897 277 2936 Et
309 2896 540 2937 Chremes:
663 2896 743 2946 Nil,
778 2896 861 2935 nisi
893 2896 1039 2936 abiens
1071 2897 1132 2935 mi
1163 2897 1315 2936 innuit.
