2034 3334
1015 357 1100 400 102

300 485 437 541 magis
468 484 643 528 solitum
685 485 750 526 est
781 496 912 539 quam
941 481 1066 525 finita
1095 482 1345 525 recitatione
1374 482 1437 525 sic
1467 480 1592 523 illum
1625 480 1814 524 amicum

299 555 485 616 alloc‘lui:
532 559 580 614 „1
612 562 655 602 et
685 559 794 602 meis
824 557 969 601 verbis
1001 558 1197 614 scriptori
1229 557 1298 601 dic
1327 557 1466 613 illum,
1499 556 1700 613 quamvis
1730 555 1814 600 sibi

299 637 468 693 sapiens
503 636 713 690 videatur,
745 635 1065 691 ineptissimum
1097 646 1192 678 esse
1224 633 1533 677 mortalium’'?
1550 633 1594 687 1).

363 713 417 768 V,
453 712 492 768 6,
525 712 580 754 65
615 725 678 768 sq.
711 710 776 754 Ob
814 711 1037 753 victoriam
1068 711 1316 753 Actiensem
1346 709 1536 753 exsultat
1561 707 1815 766 Propertius

306 787 516 844 „Omnia”
563 789 623 830 ait
673 787 822 842 „nobis
872 800 895 829 e
940 789 1040 829 voto
1089 789 1325 841 cesserunt,
1373 784 1619 841 Cleopatrae
1666 797 1806 829 unum

302 868 469 908 tantum
501 865 679 920 contigit
712 863 828 919 quod
860 876 948 905 non
978 863 1139 906 iusso
1172 862 1261 905 die
1292 864 1462 905 mortua
1492 864 1582 905 est:
1674 873 1741 903 ce
1738 851 1916 901 &hold
1935 868 1996 891 ΗΟ
1972 801 2034 898 ’6Ῑῖ

482 972 538 1016 Di
569 973 749 1015 melius!
783 974 972 1028 quantus
999 971 1157 1014 mulier
1185 970 1295 1014 foret
1326 983 1414 1013 una
1443 970 1692 1026 triumphus

542 1047 713 1091 Ductus
743 1051 833 1091 erat
861 1060 937 1104 per
969 1061 1077 1103 quas
1110 1050 1208 1090 ante
1238 1046 1450 1103 Iugurtha
1481 1045 1615 1089 vias.’'

362 1166 478 1210 Illud
520 1179 597 1223 ego
638 1164 705 1208 Di
733 1179 778 1208 -m
792 1165 943 1208 elius
978 1166 1038 1207 ita
1069 1165 1238 1220 explico
1272 1167 1323 1207 ut
1355 1163 1582 1220 cogitando
1613 1162 1817 1220 supplen-

305 1243 387 1286 dus
445 1244 501 1286 sit
556 1243 742 1285 alicuius
782 1241 903 1285 verbi
945 1241 1250 1283 coniunctivus
1291 1241 1338 1283 in
1388 1240 1695 1296 plusquam
1705 1251 1818 1296 per-

305 1318 471 1362 fecto.
513 1318 592 1361 Est
622 1319 755 1374 igitur
785 1317 874 1360 fere
912 1331 1068 1373 „quam
1102 1317 1334 1359 dolendum
1366 1315 1473 1371 est'',
1505 1315 1580 1359 sed
1610 1315 1738 1359 habet
1768 1327 1818 1360 ea

305 1394 464 1436 locutio
509 1395 634 1436 solito
676 1394 879 1436 maiorem
921 1394 1009 1435 vim
1044 1396 1086 1436 et
1116 1392 1402 1435 acerbitatem.
1433 1391 1642 1435 Horatius
1672 1394 1817 1435 autem

306 1470 455 1526 (Epod.
498 1469 578 1525 IX,
610 1471 666 1511 23
699 1471 776 1525 sq.)
818 1468 871 1511 de
912 1469 1115 1525 Augusto
1148 1482 1171 1512 e
1202 1469 1362 1525 proelio
1392 1470 1479 1511 iam
1508 1469 1595 1511 iam
1626 1468 1816 1512 redituro

309 1546 415 1589 haec
443 1545 732 1588 laetabundus
764 1545 999 1587 exclamat:

606 1652 654 1695 Io
684 1652 927 1709 Triumphe,
958 1665 1038 1695 nec
1069 1651 1330 1709 Iugurthino
1361 1665 1506 1709 parem

662 1728 783 1771 Bello
815 1730 1039 1785 reportasti
1078 1729 1243 1771 ducem.

367 1844 450 1888 Sed
502 1846 613 1901 quis,
660 1845 777 1901 quod
823 1845 910 1887 duo
956 1847 1118 1901 poetae,
1178 1858 1379 1900 magnam
1421 1845 1540 1888 illam
1588 1859 1668 1890 suo
1713 1850 1821 1890 tem-

305 1932 408 1975 pore
451 1920 503 1962 de
545 1921 744 1976 Aegypto
776 1921 801 1962 i.
819 1933 853 1964 e.
886 1921 939 1963 de
970 1920 1116 1963 Africa
1145 1925 1399 1977 reportatam
1434 1923 1658 1966 victoriam
1689 1925 1822 1968 versi-

305 1995 387 2038 bus
431 1996 699 2051 extollentes,
748 1997 879 2039 simul
926 1999 1177 2040 memoriam
1223 1998 1358 2041 hostis
1403 2003 1624 2056 renovant,
1655 2001 1732 2056 qui
1762 2014 1820 2045 ex

305 2071 458 2114 iisdem
504 2073 630 2115 terris
675 2071 856 2115 Romam
905 2073 960 2115 ad
1002 2074 1268 2129 triumphum
1311 2075 1557 2130 deportatus
1599 2079 1677 2131 est,
1719 2079 1820 2120 ante

308 2147 467 2189 multos
501 2148 676 2202 quidem
710 2161 857 2203 annos,
890 2149 965 2191 sed
995 2152 1137 2191 tamen
1164 2151 1223 2192 ita
1250 2153 1300 2192 ut
1327 2164 1485 2194 nomen
1513 2153 1608 2194 eius
1622 2151 1819 2195 nondum

306 2223 353 2263 in
400 2222 660 2265 oblivionem
708 2223 871 2278 abierit,
920 2225 1018 2279 quis
1061 2225 1155 2280 hoc,
1200 2238 1371 2280 quaes0,
1425 2230 1680 2282 argumento
1725 2240 1821 2271 esse

307 2298 450 2340 credat
481 2298 663 2341 alterum
696 2298 749 2341 ab
782 2300 913 2342 altero
946 2300 1109 2356 aliquid
1138 2314 1232 2344 esse
1259 2303 1540 2345 mutuatum?
1569 2302 1734 2354 Quodsi
1748 2304 1819 2347 hic

307 2377 421 2416 recte
463 2374 514 2417 de
542 2374 885 2430 Carthagine
917 2375 1094 2419 subacta
1126 2378 1246 2419 iniici
1277 2379 1488 2433 potuisset
1520 2380 1693 2435 mentio,
1725 2380 1821 2423 iure

310 2451 520 2504 suspicari
568 2451 727 2506 aliquis
774 2454 917 2506 posset
958 2465 1045 2494 non
1087 2456 1247 2496 temere
1274 2467 1368 2496 esse
1401 2455 1518 2510 quod
1549 2454 1601 2497 ab
1635 2458 1820 2511 utroque

307 2524 381 2566 illa
423 2525 559 2567 multo
593 2527 728 2569 maior
761 2527 985 2583 multoque
1013 2529 1152 2571 notior
1179 2530 1355 2572 victoria
1385 2530 1556 2573 silentio
1582 2534 1824 2587 praeterea-x

356 2697 391 2737 1)
420 2698 605 2731 Horatiano
630 2699 779 2732 similius
802 2710 909 2742 quam
933 2700 1157 2743 Propertiano
1180 2705 1232 2735 est
1258 2703 1351 2745 quod
1376 2703 1467 2745 apud
1491 2702 1706 2746 Lygdamum
1729 2702 1821 2746 (Tib.

307 2758 366 2799 ΙΙΙ,
390 2757 422 2799 6,
445 2757 503 2800 66)
531 2759 656 2801 legitur
680 2761 716 2792 in
740 2761 894 2794 carmine
917 2771 987 2803 quo
1013 2762 1138 2796 Bacchi
1161 2763 1379 2797 celebrantur
1404 2764 1538 2797 laudes:

628 2845 691 2887 Tu,
715 2856 811 2889 puer,
835 2847 856 2889 i,
881 2847 1054 2891 liquidum
1078 2849 1201 2882 fortius
1224 2850 1308 2883 adde
1331 2859 1481 2884 merum.
