2034 3334
975 256 1030 300 55

199 381 427 432 comitem,
455 394 583 437 quem
611 394 635 423 a
662 380 952 436 proficiscente
982 379 1138 437 Ulysse
1164 393 1264 422 casu
1293 379 1435 436 aliquo
1453 380 1566 436 apud
1583 379 1795 437 Polyphe-

198 465 322 494 mum
362 451 563 494 relictum
607 452 770 494 Aeneas
812 453 1187 508 praeternavigans
1227 451 1493 507 supplicibus
1526 452 1617 493 eius
1649 456 1793 494 motus

199 524 395 580 precibus
425 525 471 565 in
502 536 624 565 suam
657 526 871 579 receperat
903 537 1073 566 navem.
1108 522 1168 564 Hi
1199 524 1310 564 inter
1343 537 1385 564 se
1419 526 1572 578 rogant
1599 524 1694 578 quis
1722 537 1793 565 eos

199 607 320 636 casus
346 607 396 636 eo
423 594 497 635 ubi
524 608 636 635 nunc
653 597 752 635 sunt
769 593 1014 644 adduxerit,
1033 597 1074 635 et
1093 592 1424 635 Achaemenides
1441 593 1544 648 quid
1562 593 1642 635 sibi
1664 593 1795 635 fuerit

200 666 356 715 animi,
390 664 616 720 postquam
649 665 802 707 abiisse
834 666 990 715 socios,
1019 679 1063 706 se
1088 666 1132 706 in
1161 664 1250 706 dira
1275 663 1353 706 illa
1378 663 1518 706 insula
1535 663 1793 706 destitutum

201 736 403 785 senserit,
436 737 481 776 in
515 739 671 791 quanto
703 739 822 777 metu
854 735 915 777 ibi
941 735 1015 777 diu
1043 736 1221 786 vixerit,
1251 749 1333 790 quo
1361 735 1486 776 modo
1513 734 1686 777 tandem
1713 735 1794 777 sibi

201 807 258 848 sit
289 805 341 848 ab
366 806 507 848 Aenea
533 804 662 848 allata
689 805 803 848 salus
828 808 1004 861 exponit
1014 820 1024 857 ;
1055 805 1276 848 Macareus
1303 820 1346 848 se
1373 804 1604 862 longarum
1622 807 1793 849 viarum

199 875 338 918 taedio
380 879 422 918 et
464 876 687 918 descensus
728 876 780 918 ad
822 876 979 918 inferos
1020 880 1140 918 metu
1184 877 1437 918 remansisse
1478 876 1591 932 apud
1643 875 1792 919 Circen

200 946 341 997 docet,
391 947 464 989 sed
511 951 634 989 antea
678 946 727 988 de
771 948 953 1003 magicis
997 945 1138 990 Circes
1180 947 1367 998 artibus,
1412 947 1566 1002 quibus
1608 948 1653 989 in
1696 961 1793 989 sues

201 1019 458 1061 converterit
491 1017 660 1074 Ulyssis
692 1019 868 1060 comites
900 1022 1065 1068 narrat,
1095 1031 1222 1073 seque
1248 1018 1398 1067 refert,
1425 1019 1514 1060 iam
1540 1019 1792 1060 restitutum

201 1089 247 1130 in
287 1089 531 1144 integrum,
564 1087 640 1130 illo
671 1102 802 1139 anno,
836 1102 918 1144 quo
949 1102 1048 1130 cum
1080 1088 1235 1144 Ulysse
1267 1090 1503 1144 ceterisque
1536 1088 1793 1131 commilito-

197 1159 324 1200 nibus
366 1158 480 1214 apud
522 1157 671 1201 Circen
713 1161 770 1201 sit
808 1158 1078 1209 deversatus,
1124 1159 1175 1200 ab
1217 1158 1372 1201 ancilla
1411 1158 1592 1214 quadam
1626 1161 1717 1202 eius
1749 1163 1823 1213 et¹

197 1229 302 1272 alias
346 1229 530 1272 audiisse
572 1229 736 1272 fabulas
779 1235 821 1272 et
863 1228 985 1272 illam
1020 1230 1070 1272 de
1103 1229 1228 1280 Pico,
1264 1228 1408 1280 Circe,
1442 1228 1652 1280 Canente,
1686 1245 1793 1286 quae

195 1314 308 1342 nunc
341 1301 535 1343 versibus
568 1299 805 1343 320—435
838 1300 1082 1356 legentibus
1109 1300 1293 1342 offertur.
1322 1300 1509 1342 Hercule
1534 1315 1616 1343 non
1644 1304 1792 1356 sponte

196 1385 239 1413 se
266 1371 369 1413 haec
397 1371 796 1426 metamorphoseon
819 1372 947 1413 series
964 1373 1244 1427 iuncturaque
1263 1370 1422 1413 obtulit
1438 1375 1606 1426 poetae;
1635 1386 1791 1428 magno

200 1441 446 1497 difficilique
476 1441 619 1484 labore
652 1456 744 1484 eam
778 1446 841 1484 est
873 1444 1154 1484 commentus.
1190 1441 1427 1484 Sudantem
1451 1456 1549 1484 eum
1577 1445 1792 1498 cognosci-

197 1526 294 1555 mus·
325 1516 391 1562 et,
423 1512 475 1554 ad
501 1513 653 1554 incitas
683 1512 924 1563 redactum,
954 1526 1124 1555 omnem
1153 1514 1335 1567 speciem
1368 1514 1454 1554 veri
1480 1512 1788 1569 negligentem.

197 1582 389 1627 Caietam
433 1584 546 1625 enim
588 1583 752 1625 Aeneae
784 1584 927 1633 navis,
962 1596 1044 1638 qua
1075 1582 1410 1624 Achaemenides
1442 1583 1688 1635 vehebatur,
1723 1598 1791 1639 ap-

198 1653 388 1710 pulerat,
421 1654 481 1695 ibi
512 1654 612 1695 huic
644 1654 813 1695 obviam
847 1655 966 1696 venit
997 1654 1242 1704 Macareus,
1277 1655 1350 1709 qui
1377 1654 1490 1710 apud
1519 1653 1667 1697 Circen
1695 1655 1791 1696 sub-

197 1726 376 1766 stiterat.
409 1724 505 1766 Non
536 1724 653 1766 idem
685 1727 772 1774 est,
805 1727 855 1766 ut
887 1726 1048 1780 opinor,
1082 1723 1227 1767 Caieta
1260 1729 1302 1766 et
1334 1723 1494 1776 Circei,
1528 1739 1789 1781 quamquam

195 1809 278 1837 non
308 1796 371 1837 ita
400 1794 533 1852 longo
567 1797 705 1851 spatio
736 1797 848 1837 inter
880 1810 923 1837 se
955 1796 1001 1837 hi
1032 1795 1114 1837 loci
1147 1795 1319 1837 distant.

255 1865 368 1916 XIV,
414 1865 500 1908 623
528 1880 616 1921 sqq.
675 1866 792 1923 Rege
841 1866 973 1908 Proca
1020 1867 1192 1908 vivebat
1239 1867 1451 1916 Pomona,
1500 1866 1790 1922 pulcherrima

198 1937 344 1992 virgo,
389 1937 510 1978 cuius
551 1950 693 1979 amore
737 1941 886 1992 captus
929 1936 1191 1978 Vertumnus
1234 1941 1277 1979 et
1309 1936 1405 1978 aliis
1436 1939 1577 1979 utitur
1607 1937 1713 1980 dolis
1747 1942 1789 1980 et

195 2009 367 2062 sumpta
409 2020 514 2048 anus
554 2006 693 2062 figura
734 2020 829 2048 eam
871 2005 1102 2049 sollicitare
1134 2006 1278 2049 studet
1309 2010 1351 2049 et
1384 2007 1593 2049 monendo
1625 2012 1667 2050 et
1699 2022 1790 2050 nar-

196 2076 326 2119 rando
359 2076 409 2118 de
441 2076 591 2132 Iphide
619 2081 660 2118 et
688 2077 940 2119 Anaxarete.
974 2076 1179 2133 Sequitur
1205 2079 1391 2119 narratio
1418 2077 1494 2119 illa
1511 2077 1788 2130 (698—765)

195 2161 303 2203 quae
346 2161 443 2197 nos,
487 2147 548 2188 nil
581 2147 664 2189 tale
698 2149 981 2202 suspicantes,
1016 2149 1156 2189 subito
1189 2162 1239 2190 ex
1273 2147 1398 2190 Italia
1431 2147 1623 2204 Cyprum
1659 2153 1790 2191 trans-

193 2215 298 2260 fert!
345 2218 402 2259 At
444 2217 578 2259 nihilo
620 2219 760 2274 magis
802 2220 958 2260 misero
996 2220 1178 2260 amatori
1210 2220 1395 2260 narratio
1429 2232 1618 2274 anusque
1651 2219 1788 2275 figura

194 2287 364 2343 prodest
410 2301 539 2343 quam
585 2292 708 2330 antea
755 2289 898 2330 variae
943 2289 1189 2343 profuerant
1231 2302 1334 2343 quas
1374 2288 1572 2331 induerat
1613 2289 1786 2333 formae.

195 2358 392 2409 Etenim,
427 2358 790 2413 quemadmodum
821 2373 905 2401 vss.
941 2358 1179 2400 643—652
1212 2360 1506 2415 cognoscimus

861 2429 1011 2471 habitu
1043 2430 1240 2471 messoris
1273 2431 1421 2471 aristas

435 2497 571 2541 Corbe
603 2498 705 2541 tulit
736 2501 912 2555 verique
945 2500 1028 2541 fuit
1059 2501 1257 2542 messoris
1288 2502 1448 2556 imago.

436 2569 645 2624 Tempora
677 2583 800 2626 saepe
833 2584 984 2626 gerens
1018 2570 1137 2612 faeno
1169 2570 1351 2627 religata
1382 2573 1540 2613 recenti

437 2639 666 2681 Desectum
699 2644 864 2695 poterat
895 2654 1072 2696 gramen
1103 2654 1291 2682 versasse
1325 2640 1460 2683 videri
1471 2655 1481 2693 ;

438 2709 571 2765 Saepe
603 2724 732 2752 manu
766 2710 964 2752 stimulos
995 2710 1135 2765 rigida
1166 2711 1384 2766 portabat,
1417 2715 1467 2752 ut
1498 2711 1626 2754 illum

434 2780 601 2822 Iurares
633 2781 762 2822 fessos
797 2781 918 2822 modo
952 2780 1206 2822 disiunxisse
1237 2783 1459 2832 iuvencos;

436 2850 558 2893 Falce
594 2850 691 2893 data
722 2851 938 2893 frondator
969 2854 1058 2892 erat
1090 2852 1277 2906 vitisque
1310 2855 1506 2907 putator;

437 2920 638 2963 Induerat
670 2921 827 2972 scalas,
860 2921 1075 2963 lecturum
1107 2935 1234 2977 poma
1265 2925 1459 2977 putares,

439 2990 569 3032 Miles
602 2995 692 3033 erat
723 2991 892 3047 gladio,
925 2993 1108 3046 piscator
1139 2991 1344 3034 arundine
1377 2997 1561 3048 sumpta.
