2034 3334
966 351 1046 391 157

220 479 430 526 quantum
476 477 604 516 licere
651 476 839 525 oportuit
885 477 1094 526 ostendet,
1139 487 1268 525 quarn
1310 478 1469 517 misere
1509 479 1617 518 nihil
1657 479 1786 519 liceat

219 552 519 592 Parmenoni.’'
563 552 771 600 Equidem
808 551 919 591 hanc
949 562 1137 600 propono
1170 552 1423 592 lectionem:
1460 565 1542 603 „ex
1574 565 1623 594 eo
1655 565 1783 603 quan-

218 629 313 667 tum
355 628 482 667 liceat
523 627 712 676 parasito
745 627 933 667 ostendit
964 628 1008 666 et
1038 638 1169 676 quam
1200 628 1358 668 misere
1390 629 1498 668 nihil
1528 630 1656 669 liceat
1686 631 1783 669 Par-

217 704 435 743 menoni.'’
479 702 762 742 Sabbadinius
803 713 904 742 vero
945 703 1089 742 locum
1131 703 1194 743 sic
1225 703 1421 744 refinxit:
1459 706 1596 754 „Age
1627 707 1784 745 modo

223 780 366 829 <i>
403 789 546 818 nunc
576 779 683 818 tibi
714 780 913 828 patent
943 779 1044 818 hae
1074 779 1241 826 fores]
1276 790 1332 819 ex
1363 791 1412 820 eo
1444 783 1655 829 quantum
1687 782 1783 821 Par-

217 855 392 895 menoni
423 856 551 894 licere
588 855 714 903 <ire
733 855 777 900 >
816 855 1004 903 oportuit
1035 855 1234 906 ostendit,
1270 857 1469 904 quamvis
1501 857 1562 896 ire
1588 857 1695 896 nihil
1723 857 1784 896 1111

216 931 386 970 liceat.”
417 930 553 980 Quam
580 931 739 969 vellem
770 941 848 969 suo
881 930 1051 979 ingenio
1082 930 1152 970 1116
1182 941 1289 970 usus
1322 933 1438 971 esset
1467 932 1535 971 vir
1565 934 1782 981 praestan-

215 1007 437 1046 tissimus:
481 1017 584 1045 nam
625 1017 739 1046 nunc
780 1006 876 1045 illos
917 1006 1115 1045 imitatus
1156 1006 1338 1057 videtur,
1372 1007 1445 1055 qui
1476 1008 1672 1047 codicum
1702 1009 1782 1048 lec-

215 1081 356 1121 tiones
391 1083 658 1131 coacervant,
692 1082 730 1120 si
761 1082 870 1121 forte
903 1092 958 1121 ex
989 1082 1163 1121 illarum
1194 1082 1319 1122 ruina
1348 1093 1453 1122 vera
1482 1083 1610 1123 lectio
1642 1084 1784 1133 colligi

216 1158 365 1206 possit.
883 1147 887 1151 ’

276 1235 345 1273 56.
389 1234 599 1282 Nequis
640 1234 789 1273 forte
820 1234 1233 1280 internuntius]
1271 1245 1353 1283 „ex
1384 1235 1453 1274 his
1483 1236 1627 1275 verbis
1658 1237 1784 1276 datur

215 1309 454 1358 intelligere
481 1310 721 1359 parasitum
748 1321 771 1349 e
798 1310 924 1348 domo
951 1310 1197 1349 meretricia
1223 1311 1408 1359 egredi.”
1437 1312 1531 1350 Non
1558 1323 1613 1351 ex
1639 1313 1782 1351 verbis

215 1386 370 1434 quibus
415 1387 553 1425 utitur
593 1387 809 1435 parasitus
852 1387 893 1425 id
935 1388 1123 1436 apparet,
1167 1387 1241 1425 sed
1284 1397 1339 1426 ex
1381 1398 1429 1427 eo
1471 1389 1583 1436 quod
1624 1389 1782 1428 iterum

214 1461 529 1501 Parmenonem
557 1462 788 1511 alloquitur
815 1472 914 1501 cum
940 1462 1066 1511 paulo
1089 1463 1189 1502 ante
1205 1462 1380 1502 Thaidis
1397 1464 1524 1502 aedes
1541 1465 1780 1504 intraverit.

275 1615 328 1665 ΙΙ,
364 1616 403 1664 3,
438 1616 477 1654 9.
511 1615 720 1653 Praeut
751 1614 918 1653 huius
950 1614 1140 1653 rabies
1172 1625 1309 1663 quae
1341 1616 1511 1662 dabit]
1544 1627 1700 1666 „prae
1727 1628 1782 1656 ex

215 1691 534 1740 comparatione
576 1689 802 1739 significat.
845 1690 954 1738 Ergo
995 1691 1185 1739 proprie;
1230 1692 1273 1730 et
1313 1693 1380 1730 est
1421 1691 1588 1741 integra
1623 1693 1781 1733 locutio

215 1768 259 1805 et
299 1767 400 1806 ordo
443 1768 532 1805 est:
575 1768 727 1815 praeut
768 1766 841 1805 illa
883 1767 985 1805 sunt
1021 1776 1130 1814 quae
1161 1767 1290 1806 huius
1321 1767 1462 1806 rabies
1494 1768 1653 1807 dabit.”
1686 1769 1782 1808 Est

214 1843 325 1890 quod
356 1844 454 1891 post
485 1843 615 1881 ordo
646 1842 804 1890 legitur
833 1841 982 1889 utique
1014 1842 1323 1891 abiiciendum3
1358 1853 1443 1882 non
1474 1843 1559 1892 legi
1585 1844 1630 1882 in
1661 1845 1778 1883 codd.

214 1917 260 1956 T.
293 1929 334 1956 v.
368 1918 651 1956 Sabbadinius
682 1928 761 1957 nos
793 1918 927 1956 docet.
961 1917 1022 1956 De
1048 1917 1274 1966 proprie
1301 1928 1342 1956 v.
1372 1918 1425 1957 ad
1451 1919 1505 1969 Π,
1537 1920 1575 1969 2,
1606 1921 1674 1969 56,
1703 1920 1778 1958 ubi

213 1993 392 2042 legitur:
430 1993 622 2043 „proprie
655 1993 989 2032 internuntius.''

273 2069 444 2108 Auditis
477 2068 691 2108 Chaereae
723 2068 866 2107 verbis
897 2068 1109 2108 Parmeno
1136 2069 1422 2108 exclamavit:

895 2154 919 2182 o
951 2143 1266 2182 infortunatum
1298 2146 1471 2183 senem!

452 2221 534 2259 Hic
563 2231 666 2259 vero
698 2221 765 2259 est
796 2220 868 2268 qui
900 2220 938 2258 si
969 2220 1192 2270 occeperit,

451 2297 619 2335 Ludum
651 2295 877 2343 iocumque
908 2294 1021 2333 dicet
1055 2295 1190 2334 fuisse
1221 2294 1344 2334 illum
1376 2295 1574 2346 alterum,

451 2372 609 2410 Praeut
640 2370 768 2408 huius
800 2370 940 2409 rabies
971 2380 1081 2418 quae
1112 2370 1242 2409 dabit.

213 2447 480 2486 Annotatur:
527 2447 622 2496 „hic
661 2456 715 2484 ex
746 2447 867 2494 parte
900 2445 1160 2484 characteris
1192 2445 1354 2484 inscius
1385 2446 1559 2494 quidem
1592 2448 1659 2486 est
1688 2458 1777 2495 per-

214 2533 345 2562 sonae
382 2522 608 2571 Chaereae,
643 2531 772 2569 quem
803 2520 995 2559 moribus
1027 2520 1199 2559 coniicit
1229 2530 1382 2559 servus
1414 2522 1702 2561 ardentiorem
1733 2523 1777 2561 in

215 2609 408 2638 amorem
434 2597 527 2636 fieri
552 2597 721 2646 posse.'’
749 2596 836 2634 Aut
865 2596 1063 2644 corrupta
1088 2595 1194 2634 haec
1210 2597 1313 2635 sunt
1330 2598 1406 2635 aut
1420 2598 1672 2645 pronomine
1689 2598 1778 2636 hic

214 2676 335 2723 pater
352 2673 565 2713 Chaereae
582 2671 860 2721 significatur.
880 2671 1162 2710 Sabbadinius
1180 2671 1372 2710 coniicit:
1401 2672 1465 2711 ho
1479 2682 1501 2711 c
1527 2683 1592 2711 ex
1617 2685 1643 2722 p
1656 2675 1777 2712 art'e

215 2749 572 2788 characteris
612 2748 788 2786 istius
830 2746 1050 2795 quidem
1094 2747 1192 2786 est.
1227 2746 1316 2796 Quo
1347 2748 1511 2786 sensu?
1543 2749 1730 2788 obsecro.

277 2825 356 2874 „Et
387 2824 456 2863 hic
487 2823 727 2862 ostenditur
758 2821 1014 2871 iampridem
1044 2822 1191 2860 motus
1222 2821 1267 2860 in
1297 2832 1366 2860 res
1397 2822 1614 2861 Venereas
1646 2823 1774 2863 Chae-

214 2901 376 2939 ream.'’
410 2899 667 2938 Rectissime
700 2897 981 2936 Sabbadinius
1013 2896 1261 2935 Chaerea
1291 2907 1366 2945 pro
1398 2897 1714 2937 Chaeream.
