2034 3334
944 333 1000 374 29

394 456 558 500 Cuncta
590 471 745 500 manus
778 457 935 509 avidasv
957 457 1155 514 fugiunt;
1189 458 1380 501 haerebit
1410 460 1547 502 amico

781 533 905 585 Quod
938 535 1106 578 dederis
1139 536 1294 578 animo.

217 636 310 678 sive
341 648 440 678 cum
472 636 606 692 vulgo
637 635 836 678 codicum

395 736 561 780 Cuncta
593 751 748 780 manus
782 738 929 781 avidas
961 738 1130 795 fugient
1161 739 1344 795 heredis,
1377 741 1513 783 amico

784 813 903 865 Quae
935 814 1101 858 dederis
1134 816 1288 858 animo.

217 917 330 959 inest
375 916 443 959 his
484 915 682 959 versibus
715 917 770 959 ad
802 916 935 959 hilare
967 921 1010 960 et
1039 917 1279 960 iucundum
1314 931 1412 960 cum
1445 919 1593 961 amicis
1625 932 1725 962 con-

217 993 383 1035 vivium
423 993 629 1035 invitatio.
663 992 800 1043 Quam
833 992 987 1046 ἄκαιρον
1020 1007 1120 1050 ergo
1154 998 1230 1048 est,
1261 998 1490 1051 postquam
1523 996 1726 1052 prudenti

219 1068 509 1112 admonitione
539 1071 796 1113 moestitiam
828 1074 869 1113 et
902 1075 1022 1113 tuam
1055 1075 1097 1114 et
1129 1072 1254 1114 amici
1286 1072 1444 1127 pellere
1471 1076 1651 1116 conatus
1669 1086 1726 1128 eS,

221 1146 363 1188 statim
396 1146 454 1188 ita
485 1158 683 1202 pergere:

336 1237 338 1239 '
399 1245 505 1289 Cum
540 1247 673 1290 semel
705 1247 910 1290 occideris
942 1251 983 1290 et
1014 1248 1066 1290 de
1097 1251 1140 1290 te
1172 1249 1396 1304 splendida
1434 1248 1580 1293 Minos.

758 1323 925 1366 Fecerit
956 1323 1146 1379 arbitria,

397 1398 508 1455 Non,
538 1398 765 1456 Torquate,
796 1413 947 1456 genus,
979 1414 1066 1443 non
1098 1405 1140 1444 te
1170 1400 1384 1456 facundia,
1416 1415 1504 1444 non
1537 1405 1578 1445 te

756 1475 971 1520 Restituet
1001 1478 1149 1533 pietas.

282 1576 395 1628 Quid
427 1579 542 1620 enim
576 1580 712 1634 magis
740 1582 886 1634 aptum
916 1582 980 1621 est
1006 1579 1060 1621 ad
1087 1579 1397 1635 aegritudinem
1415 1579 1547 1622 animi
1564 1592 1725 1636 augen-

223 1654 320 1696 dam
363 1668 492 1710 quam
533 1655 636 1698 haec
669 1655 932 1712 desperantis
964 1656 1243 1699 exclamatio:
1278 1656 1385 1712 quid
1416 1657 1583 1700 miseris
1615 1670 1728 1699 mor-

221 1730 380 1774 talibus
410 1731 582 1797 prodest
613 1733 759 1788 pietas,
788 1733 893 1789 quid
925 1733 1044 1775 dotes
1077 1733 1245 1775 animi?

284 1882 469 1927 Transeo
511 1897 628 1927 nunc
670 1885 724 1926 ad
765 1897 838 1927 eos
880 1884 1008 1939 locos,
1042 1883 1117 1927 ubi
1148 1887 1285 1940 poeta,
1317 1885 1416 1928 licet
1449 1886 1555 1942 quid
1588 1885 1728 1929 dicere
1778 1870 1844 1909 *Ἰ
1892 1899 1917 1964 ‘a‘

225 1958 352 2001 vellet
398 1960 526 2015 probe
572 1962 709 2014 sciret,
754 1964 925 2016 propter
970 1964 1152 2003 metrum
1197 1961 1337 2004 dicere
1380 1962 1422 2004 id
1456 1975 1543 2004 non
1576 1963 1728 2019 potuit,

227 2045 326 2091 ergo
372 2050 447 2092 pro
495 2050 544 2079 eo
594 2037 710 2092 quod
757 2038 968 2080 sententia
1010 2037 1253 2093 postulabat
1293 2038 1410 2081 aliud
1455 2039 1557 2095 quid
1591 2039 1727 2082 multo

230 2101 373 2156 ffiinus
415 2117 557 2168 aptum
601 2115 756 2169 posuit.
796 2114 974 2156 Initium
1019 2114 1170 2156 faciam
1204 2128 1229 2156 a
1259 2115 1352 2157 loco
1385 2116 1460 2170 qui
1494 2116 1728 2158 multorum

227 2189 364 2231 instar
403 2193 477 2231 est.
519 2189 719 2232 Vidimus
761 2193 874 2233 enim
919 2204 1048 2246 quam
1081 2190 1302 2246 pulchram
1337 2192 1552 2247 stropham
1586 2191 1729 2235 Peerl-

229 2265 427 2320 kampius
457 2265 602 2308 fecerit
633 2279 687 2308 ex
718 2267 784 2309 his
816 2267 1041 2309 versiculis
1075 2266 1340 2323 subineptis:

524 2431 730 2476 Deferens
761 2435 838 2476 uni
868 2436 1172 2491 propriamque
1202 2436 1372 2478 laurum

527 2508 734 2565 Quisquis
764 2511 960 2566 ingentes
993 2512 1116 2553 oculo
1148 2501 1342 2555 irretorto

647 2585 818 2642 Spectat
847 2600 1032 2630 acervos.

289 2677 388 2721 Non
433 2679 531 2734 leni,
574 2679 727 2735 hercle,
761 2680 924 2723 medela
954 2679 1181 2723 Horatium
1214 2683 1382 2725 sanavit
1415 2684 1479 2725 vir
1511 2688 1729 2740 praestan-

231 2755 436 2810 tissimus,
483 2755 558 2798 sed
605 2759 654 2797 ut
701 2755 863 2811 aliquid
910 2756 1086 2799 auderet
1129 2758 1396 2814 impulerunt
1438 2772 1538 2802 eum
1580 2762 1729 2817 gravia

236 2831 337 2874 vitia
370 2831 536 2894 ¹quibus
578 2844 728 2875 versus
771 2832 887 2874 citati
916 2831 1177 2876 laborabant.
1210 2833 1344 2878 Credo
1374 2840 1518 2881 autem
1549 2837 1658 2880 nihil
1689 2838 1728 2880 ei

525 2357 758 2413 (Vocibus),
789 2371 968 2415 regnum
1002 2363 1044 2402 et
1075 2359 1270 2402 diadema
1301 2363 1445 2402 tutum
1736 2350 1825 2389 ‘7²7
1846 2345 1939 2402 „1⁷73
