2034 3334
1032 374 1088 414 98

272 503 430 554 culum,
472 502 688 552 simulque
731 502 847 542 vitae
880 502 1258 542 accommodatum
1290 502 1444 554 magis,
1477 511 1612 553 quam
1639 513 1741 544 eum
1770 503 1845 554 qui

272 581 343 620 diu
385 580 429 619 in
472 579 658 619 alterum
700 578 978 619 contumeliis
1018 578 1078 619 sit
1120 578 1331 629 invectus,
1374 578 1552 619 tandem
1594 579 1665 620 his
1699 579 1846 621 verbis
1906 614 1907 617 ,

272 657 456 697 eundem
489 655 672 704 alloqui:
709 654 922 705 „nuncine
954 654 1154 694 irasceris
1166 655 1215 694 ?”
1238 650 1266 701 ¹)

330 734 370 789 ῌ
384 743 464 773 em
506 742 634 772 nemo
666 731 897 782 exclamat,
933 732 1018 771 nisi
1050 731 1122 781 qui
1139 731 1285 772 animo
1301 731 1586 772 vehementer
1600 733 1847 775 commotus

270 809 631 862 perturbatusque
673 810 753 859 est,
798 810 928 858 atque
969 808 1192 858 inopinata
1233 818 1279 848 re
1310 807 1436 858 plane
1467 808 1704 858 perculsus.
1735 807 1846 860 Ergo

270 886 340 925 vel
380 887 526 925 metus
567 885 637 925 vel
679 885 743 925 ira
784 885 854 925 vel
897 884 1135 934 indignatio
1167 883 1255 924 ista
1285 884 1582 924 interiectione
1613 882 1847 936 significari
1899 884 1914 892 ““

269 963 424 1012 potest,
468 962 702 1001 dummodo
744 961 1116 1001 vehementes
1158 960 1221 1000 illi
1257 961 1348 1001 sint
1373 961 1558 1001 affectus
1583 962 1629 1002 et
1652 960 1846 1017 subitp

269 1038 373 1078 nati.
422 1037 530 1088 Quid
576 1038 688 1086 quod
735 1037 940 1087 gaudio
989 1047 1157 1086 quoque
1199 1037 1481 1086 exprimendo
1524 1038 1626 1087 apta
1656 1038 1737 1089 est,
1755 1036 1846 1079 ’flod

270 1124 428 1164 magno
470 1115 514 1154 et
545 1114 668 1153 cuius
701 1124 833 1153 causa
864 1114 923 1153 sit
954 1114 1244 1163 inexpectata.
1277 1112 1379 1153 Tria
1409 1113 1517 1154 dabo
1549 1113 1762 1164 exempla.
1795 1113 1847 1154 In

269 1200 447 1230 scenam
492 1190 634 1239 prodit
680 1189 906 1239 Ctesiph03
955 1190 1143 1229 summis
1189 1189 1389 1229 laudibus
1435 1189 1630 1241 fratrem,
1679 1199 1706 1230 a
1761 1199 1846 1240 quo

269 1267 421 1315 ingens
453 1266 667 1316 acceperit
697 1265 967 1315 beneficium,
1002 1266 1046 1304 in
1078 1265 1248 1306 coelum
1279 1265 1417 1305 effert.
1445 1264 1530 1305 Ubi
1554 1275 1658 1306 vero
1684 1275 1712 1306 a
1737 1265 1846 1316 Syro

269 1353 395 1382 servo
437 1343 603 1383 audivit
643 1353 774 1392 prope
816 1343 968 1383 adesse
1005 1342 1129 1382 illum
1160 1342 1362 1391 domique
1394 1352 1442 1382 se
1473 1343 1716 1393 expectare,
1749 1352 1844 1383 con·

268 1419 406 1458 tinere
440 1429 488 1458 se
520 1430 606 1458 non
637 1420 782 1468 potest
813 1419 916 1468 quin
951 1419 1108 1469 „hem”
1142 1418 1360 1458 exclamet
1392 1418 1485 1465 (Ad.
1520 1418 1634 1466 260).

329 1495 461 1535 Andr.
509 1505 575 1534 vs.
625 1496 725 1535 351.
774 1494 986 1545 Cognovit
1031 1494 1285 1544 Pamphilus
1327 1504 1354 1534 a
1394 1495 1518 1544 patre
1548 1494 1631 1534 sibi
1660 1505 1846 1536 uxorem

269 1571 533 1610 destinatam
574 1581 706 1620 quam
743 1571 835 1620 ipse
867 1571 1048 1610 minime
1079 1570 1199 1610 velit.
1232 1571 1299 1610 Ad
1333 1570 1505 1610 Davum
1537 1581 1637 1620 ergo
1667 1580 1846 1624 servum

269 1647 481 1687 sollicitus
527 1646 673 1686 animo
715 1647 908 1696 confugit
948 1646 1230 1695 obsecratque
1274 1646 1498 1686 hominem
1543 1646 1594 1687 ut
1634 1656 1683 1686 se
1722 1647 1846 1687 metu

270 1722 342 1762 illo
380 1723 544 1762 liberet.
578 1723 637 1762 At
668 1722 763 1762 ille:
800 1722 951 1772 „Hem‚
987 1722 1149 1761 libero'’
1184 1722 1416 1761 exclamat.
1450 1721 1624 1762 Etenim
1654 1721 1844 1771 aliquan-
1907 1716 1913 1721 ⁴

269 1798 403 1848 tisper
434 1809 583 1838 secum
616 1798 881 1847 deliberavit,
915 1808 1021 1838 mox
1049 1797 1088 1837 ei
1121 1807 1191 1837 res
1218 1808 1245 1837 a
1270 1807 1318 1837 se
1344 1799 1575 1848 conspecta
1590 1798 1845 1838 inmentem

270 1875 401 1924 venit,
435 1885 566 1923 quam
599 1874 824 1914 commode
851 1874 1056 1923 intelligit
1083 1875 1343 1923 argumento
1372 1883 1469 1913 esse
1494 1873 1605 1914 falso
1620 1873 1846 1929 dominum

270 1950 420 1989 terreri
467 1952 601 1989 metu.
650 1950 800 1999 Itaque
837 1950 958 1989 hem
1001 1949 1232 2000 exclamat,
1277 1960 1466 1998 namque
1507 1949 1647 1989 felicis
1677 1936 1844 1990 intenti

268 2028 335 2066 sui
367 2028 522 2076 gaudio
555 2027 761 2067 exsultat.

329 2104 460 2143 Andr.
509 2105 608 2143 969.
652 2103 821 2153 Quanta
861 2104 943 2142 sibi
987 2103 1172 2143 felicitas
1206 2103 1408 2152 obtigerit
1439 2102 1692 2152 Pamphilus
1722 2101 1843 2142 Davo

270 2182 429 2219 narrat.
468 2180 615 2228 „Mea”
651 2181 713 2219 ait
747 2180 1020 2229 „Glycerium
1051 2189 1154 2218 suos
1180 2181 1384 2228 parentes
1410 2179 1625 2228 repperit'’
1643 2179 1843 2233 etQ-tg-

270 2257 383 2295 latur
425 2257 462 2295 ei
496 2266 649 2295 servus
681 2256 809 2295 solita
840 2256 1048 2295 formula:
1088 2255 1278 2305 „factum
1311 2255 1462 2294 bene.”
1495 2256 1555 2294 At
1581 2264 1732 2294 eorum
1756 2263 1842 2293 ser-

271 2342 445 2371 monem
504 2333 669 2372 audivit
725 2332 960 2372 Charinus:
1019 2331 1265 2380 Glycerium
1313 2331 1403 2370 fore
1451 2331 1613 2370 iustam
1658 2339 1842 2370 uxorem

271 2409 483 2457 Pamphili
541 2410 755 2458 intelligit,
813 2419 951 2457 neque
998 2419 1111 2458 ergo,
1159 2409 1326 2446 remoto
1373 2407 1558 2456 aemulo,
1607 2407 1843 2456 quidquam

270 2486 441 2524 obstare
471 2487 702 2533 quominus
730 2486 820 2534 ipse
848 2485 1163 2534 Philumenam,
1193 2484 1314 2523 cuius
1342 2484 1493 2523 ardeat
1518 2493 1678 2534 amore,
1697 2483 1839 2524 ducat.

271 2562 419 2600 Subit-a
451 2565 597 2600 autem
624 2562 790 2601 laetitia
816 2561 1012 2610 perfundi
1039 2561 1359 2600 adolescentem
1387 2570 1442 2599 ex
1469 2569 1556 2598 una
1572 2559 1838 2610 vocehem‘,

271 2649 354 2685 qua
388 2639 457 2676 ille
488 2639 635 2688 utitur,
670 2639 984 2687 cognoscimus,

331 2714 422 2751 Non
470 2716 638 2762 poterat
684 2717 831 2753 autem
870 2715 985 2753 illius
1016 2713 1327 2752 interiectionis
1358 2712 1426 2750 vis
1459 2713 1588 2760 atque
1619 2710 1840 2760 emphasis
1879 2734 1884 2739 -

311 2908 329 2939 ¹)
357 2906 389 2934 Si
424 2906 503 2934 illud
533 2906 663 2936 sicine
691 2908 781 2942 agis
809 2908 940 2943 Belgice
965 2908 1120 2936 ver-teris:
1148 2906 1224 2952 „dat
1252 2906 1283 2935 is
1299 2912 1346 2934 nu
1365 2905 1436 2934 niet
1455 2904 1544 2934 mooi
1564 2911 1632 2934 van
1651 2903 1708 2949 ξδ’,
1727 2901 1838 2932 Latini

270 2959 349 2987 dicti
369 2960 509 2987 colorem
531 2961 683 2988 accurate
702 2960 893 2992 reddideris,
