2034 3334
933 247 989 292 '75

351 370 432 413 Ore
463 370 673 414 renidenti
704 370 831 414 modo
864 385 967 427 quas
1000 375 1243 428 raptaverat
1277 387 1379 415 aura

351 440 559 498 Captabat
590 441 782 498 plumas,
816 441 973 486 flavam
1007 443 1133 486 modo
1166 443 1316 500 pollice
1350 457 1489 486 ceram

350 511 566 555 Mollibat.

230 581 306 624 Vel
339 582 464 625 hosce
496 597 546 625 ex
579 583 683 625 Arte
715 581 790 634 (77
809 586 912 638 sq.):

348 653 441 695 Hos
473 653 627 709 aliquis
661 652 846 695 tremula
879 653 982 695 dum
1015 657 1158 710 captat
1190 654 1425 697 harundine
1457 656 1592 711 pisces

409 724 528 766 Vidit
559 727 601 766 et
632 725 852 780 inceptum
886 724 1034 767 dextra
1066 724 1240 780 reliquit
1273 740 1379 781 opus

228 791 339 837 Cum
371 794 484 836 hisce
517 808 540 836 e
572 794 1008 849 Metamorphosesin:

349 864 439 907 Hos
472 864 628 921 aliquis
662 864 846 907 tremula
878 865 982 906 dum
1014 868 1156 921 captat
1187 865 1423 908 harundine
1456 867 1604 922 pisceS,

349 935 436 977 Aut
467 939 610 991 pastor
641 934 814 986 baculo,
849 937 1042 991 stivaque
1072 937 1245 978 innixus
1276 940 1429 986 arator,

350 1004 468 1047 Vidit
499 1009 541 1047 et
574 1006 795 1061 obstipuit.

167 1075 257 1118 Ohe
297 1077 384 1118 iam
427 1078 528 1118 satis
570 1080 646 1118 est.
682 1075 795 1118 Satis
827 1077 964 1126 enim,
998 1079 1047 1118 ut
1080 1078 1240 1132 opinor,
1273 1081 1447 1132 apparet
1476 1092 1555 1118 non
1577 1076 1760 1131 potuisse

167 1160 191 1188 a
222 1146 301 1188 tali
334 1152 458 1202 poeta
491 1146 730 1202 periculum
762 1146 1019 1202 reipublicae
1052 1160 1075 1188 a
1107 1161 1149 1189 se
1176 1147 1390 1189 ordinatae
1418 1151 1609 1189 metuere
1635 1161 1758 1190 sanae

165 1218 322 1259 mentis
354 1217 596 1267 hominem,
630 1217 788 1259 nedum
820 1218 1094 1273 Augustum,
1128 1219 1321 1260 omnium
1349 1223 1560 1273 quotquot
1584 1218 1757 1260 suerunt

165 1287 416 1330 mortalium
450 1287 791 1330 callidissimum.

227 1358 285 1400 At
329 1358 507 1401 credidit
547 1360 638 1414 ipse
678 1357 859 1401 Ovidius
900 1360 1086 1400 carmina
1126 1373 1203 1400 sua
1234 1360 1445 1401 exstitisse
1478 1372 1650 1401 causam
1683 1372 1758 1400 cur

165 1430 410 1471 tristissima
455 1428 530 1470 illa
577 1442 712 1484 poena
760 1428 995 1471 afficeretur
1037 1433 1079 1471 et
1120 1431 1359 1471 carminum
1401 1444 1577 1471 suorum
1621 1428 1756 1471 solam

167 1499 316 1541 Artem
363 1513 438 1541 suo
484 1504 653 1541 accusat
694 1501 877 1542 nomine.
921 1499 978 1541 Ut
1021 1501 1195 1541 mittam
1236 1514 1387 1556 rogare
1429 1515 1616 1541 rever-ane
1646 1499 1756 1541 illud

167 1569 347 1612 Ovidius
388 1569 635 1620 crediderit,
679 1571 707 1612 i.
736 1584 771 1612 e.
804 1571 866 1611 ita
897 1569 1122 1612 crediderit
1155 1574 1226 1621 ut,
1261 1585 1360 1612 cum
1393 1585 1537 1612 secum
1571 1585 1661 1612 rem
1694 1584 1755 1612 re-

165 1643 356 1695 putaret,
384 1641 583 1682 meritam
610 1639 733 1682 illam
761 1653 850 1682 esse
877 1654 1057 1695 poenam
1085 1645 1330 1696 agnosceret
1358 1646 1399 1683 et
1419 1641 1617 1683 idoneam
1633 1640 1753 1682 illam

165 1724 254 1753 esse
300 1714 388 1752 tam
434 1712 580 1767 gravis
628 1724 786 1766 poenae
829 1724 1000 1753 causam
1043 1710 1307 1767 intelligeret
1349 1737 1404 1743 —
1449 1711 1563 1754 haud
1606 1712 1757 1753 desunt

166 1784 311 1823 autem
355 1779 438 1822 loci
484 1781 558 1822 ubi
606 1780 656 1823 de
704 1781 818 1822 hisce
860 1781 985 1822 rebus
1029 1794 1159 1837 agens
1200 1783 1349 1824 mirari
1380 1797 1446 1832 se,
1482 1786 1677 1838 stupere,
1711 1784 1755 1823 in

164 1851 350 1893 tenebris
385 1852 564 1901 versari,
608 1850 717 1892 nihil
749 1850 930 1906 denique
962 1850 1206 1908 intelligere
1239 1852 1433 1894 ostendat
1465 1877 1520 1883 ——
1554 1853 1632 1894 hoc
1665 1852 1756 1894 dico

166 1920 332 1963 credere
374 1921 492 1962 istud
532 1935 615 1963 non
655 1922 842 1976 potuisse
876 1920 1104 1972 Ovidium,
1139 1924 1222 1964 nisi
1254 1924 1292 1964 ei
1324 1922 1489 1965 dictum
1521 1923 1672 1964 fuisset
1705 1922 1755 1964 ab

163 1992 241 2041 iis,
286 1991 439 2046 quibus
481 1990 607 2032 fidem
650 2005 806 2046 negare
847 2005 930 2033 non
974 1996 1138 2047 posset,
1171 1994 1306 2034 immo
1339 1994 1421 2034 nisi
1452 1994 1614 2035 factum
1646 1992 1756 2034 illud

166 2064 297 2111 esset,
341 2075 407 2103 res
448 2065 538 2103 tam
581 2063 712 2112 mira,
757 2065 846 2103 tam
886 2063 980 2116 ipsa
1019 2065 1170 2104 natura
1203 2076 1278 2104 sua
1310 2062 1595 2113 incredibilis,
1627 2077 1679 2104 ne
1709 2064 1750 2103 in

167 2135 355 2173 mentem
391 2131 563 2186 quidem
596 2133 635 2173 ei
666 2133 808 2186 potuit
842 2133 997 2174 venire.
1030 2131 1167 2188 Ergo,
1200 2147 1298 2174 cum
1331 2133 1382 2175 ad
1416 2132 1617 2174 Ovidium
1650 2146 1755 2173 nun-

168 2203 255 2243 tius
299 2201 587 2257 perferebatur
632 2201 786 2243 Tomos
834 2216 934 2244 eum
978 2201 1180 2258 relegari,
1226 2202 1358 2244 simul
1401 2204 1481 2245 hoc
1521 2202 1754 2244 addebatur

166 2271 562 2314 condemnationem
601 2271 721 2313 illam
762 2271 852 2313 fieri
894 2276 1068 2326 propter
1109 2272 1403 2327 impudicitiae
1444 2277 1667 2327 praecepta
1708 2273 1753 2313 in

166 2342 270 2384 Arte
313 2342 487 2392 tradita,
532 2356 614 2383 non
659 2343 800 2397 potuit
843 2345 988 2384 autem
1031 2342 1129 2383 addi
1171 2341 1283 2384 illud
1316 2344 1399 2384 nisi
1432 2342 1531 2384 addi
1561 2344 1755 2384 iussisset

166 2414 391 2468 Augustus
426 2443 552 2453 .....
587 2425 688 2467 ergo
736 2413 828 2466 ipse
875 2413 1107 2467 imperator
1151 2412 1377 2468 Augustus
1419 2424 1631 2455 MENTI'PUS
1663 2423 1753 2455 EST.

164 2482 287 2525 Nunc
319 2482 426 2524 hanc
453 2482 759 2537 disquisitionis
776 2481 1161 2537 disputationisque
1178 2487 1343 2525 nostrae
1360 2487 1526 2538 partem
1540 2483 1757 2539 paulisper

167 2552 480 2608 relinquamus,
515 2566 616 2593 mox
648 2552 701 2594 ad
733 2565 827 2594 eam
858 2552 1105 2594 redibimus.

228 2622 338 2665 Nam
380 2626 422 2664 et
465 2621 643 2664 alteram
687 2622 898 2677 quandam
932 2621 1050 2664 exilii
1083 2624 1150 2664 sui
1183 2636 1354 2664 causam
1385 2625 1476 2679 ipse
1510 2623 1628 2666 affert
1660 2622 1757 2666 Ovi-

169 2691 287 2733 dius:
331 2695 406 2734 aut
450 2691 499 2733 de
545 2707 674 2733 errore
716 2691 858 2746 aliquo
902 2706 977 2734 suo
1009 2691 1201 2746 loquitur
1233 2697 1307 2734 aut
1338 2693 1486 2734 vidisse
1517 2708 1559 2736 se
1592 2693 1753 2748 aliquid

167 2762 280 2816 quod
312 2762 456 2804 videre
488 2762 569 2803 sibi
602 2775 684 2803 non
717 2760 863 2803 liceret
893 2761 1127 2816 profitetur.
1162 2761 1265 2813 Quis
1295 2777 1379 2805 non
1410 2765 1532 2806 novit
1563 2763 1672 2805 illud

468 2829 555 2874 Gur
586 2830 747 2885 aliquid
779 2831 891 2881 vidi,
927 2845 1001 2872 cur
1033 2833 1159 2873 noxia
1189 2831 1353 2874 lumina
1384 2833 1464 2876 feci

170 2900 391 2956 multaque
434 2901 517 2943 alia
556 2902 600 2942 in
643 2900 819 2942 eandem
863 2899 1146 2942 sententiam?
1181 2901 1291 2944 Hinc
1323 2909 1468 2945 autem
1501 2903 1634 2960 vulgo
1667 2905 1753 2947 viri

170 2970 282 3012 docti
324 2970 510 3013 efficiunt
551 2969 716 3026 aliquas
756 2974 894 3026 partes
927 2972 1064 3026 egisse
1097 2970 1301 3014 Ovidium
1331 2974 1375 3014 in
1407 2973 1542 3016 Iuliae
1575 2975 1753 3016 minoris
