2034 3334
977 383 1033 423 58

249 509 424 549 Thais.”
467 507 668 558 Egregie;
710 518 814 548 nam
855 507 919 548 sic
955 507 1117 558 optime
1149 499 1389 558 explicatur
1419 509 1464 548 et
1494 507 1623 558 quid
1654 509 1745 550 est
1771 509 1817 550 et

247 585 376 642 Q
401 595 527 625 suam
559 583 642 624 sibi
673 583 765 624 vim
796 583 973 624 obtinet.

309 661 466 702 Addito
498 662 645 701 autem
678 663 757 708 (vs.
791 661 916 707 749):

366 737 490 777 Hanc
515 737 593 777 tibi
610 737 720 777 dono
737 736 790 776 do
806 747 944 786 neque
960 737 1106 786 repeto
1122 745 1198 786 pro
1215 735 1290 776 illa
1305 735 1535 786 quicquam
1551 735 1630 776 abs
1643 737 1689 777 te
1704 736 1816 787 preti

248 813 379 853 Thais
421 823 571 853 securo
613 813 702 853 iam
743 812 1006 853 adolescenti
1047 812 1267 852 rusticano
1299 811 1505 865 exprimit
1534 811 1647 866 Qu
1677 811 1815 859 animi

248 889 577 930 confessionem.
1767 887 1779 899 “

304 951 307 954 ”
370 966 454 1015 „At
485 965 631 1005 enim”
665 964 742 1011 (ait
772 974 836 1005 vs.
881 965 964 1005 751
999 967 1078 1014 sq.)
1111 974 1228 1015 cave,
1262 974 1316 1004 ne
1347 963 1467 1014 prius
1492 974 1624 1013 quam
1738 974 1763 1006 c
1787 974 1816 1005 a

961 1042 1047 1088 [me
1079 1040 1266 1090 accipias
1297 1040 1489 1091 amittas,
1522 1039 1752 1081 Chremes:

364 1117 474 1157 Nam
507 1118 614 1157 haec
645 1119 752 1167 east,
786 1127 917 1166 quam
947 1116 1076 1157 miles
1107 1127 1134 1156 a
1158 1127 1230 1156 me
1256 1116 1300 1156 vi
1326 1127 1440 1157 nunc
1466 1118 1663 1167 ereptum
1678 1115 1812 1158 vemt.

246 1194 310 1234 Ex
365 1194 434 1233 his
486 1192 688 1233 conficias
734 1194 864 1233 antea
910 1192 968 1239 (in
1015 1203 1148 1233 coena
1193 1193 1304 1243 apud
1350 1192 1552 1239 militem)
1598 1192 1814 1233 nihildum

246 1269 464 1309 Chremeti
506 1269 670 1309 dixisse
711 1269 763 1309 de
805 1279 950 1322 sorore
992 1269 1170 1308 inventa
1206 1261 1427 1308 Thaidem.
1461 1268 1543 1308 Sed
1574 1267 1673 1309 vide
1702 1277 1814 1319 quae

245 1346 298 1386 ad
330 1356 394 1386 vs.
428 1347 515 1386 620
547 1355 610 1395 sq.
644 1345 964 1385 annotavimus.

304 1422 415 1462 Tum
442 1422 701 1471 Pythiadem
727 1421 846 1461 iubet
871 1421 1000 1461 domo
1027 1421 1178 1461 efferre
1204 1431 1275 1461 res
1299 1419 1399 1472 πρὸς
1424 1418 1493 1459 τὸν
1508 1417 1812 1473 &veyne-(namin

191 1536 194 1539 .
244 1498 525 1538 necessarias.
569 1498 815 1547 Sequuntur
844 1507 999 1537 versus
1030 1497 1112 1537 duo
1145 1497 1245 1544 (754
1278 1499 1356 1546 sq.)
1387 1496 1505 1536 vitae
1534 1493 1651 1546 pleni
1681 1496 1812 1546 atque

243 1574 437 1623 integrae
483 1584 638 1614 scenae
669 1573 844 1613 'instarz
892 1572 1099 1613 Chremes
1143 1572 1331 1613 militem
1372 1571 1636 1622 reformidat,
1678 1570 1812 1612 Thais

243 1649 402 1689 metuit
433 1660 487 1689 ne
518 1659 604 1689 non
631 1649 675 1689 in
701 1650 895 1699 tempore
922 1658 948 1688 a
968 1648 1179 1698 Pythiade
1206 1647 1424 1688 Chremeti
1450 1648 1677 1688 tradantur
1696 1657 1809 1696 „mo-

243 1726 495 1775 numenta‚”
538 1725 692 1774 quibus
733 1735 925 1765 sororem
966 1735 1093 1764 suam
1127 1734 1222 1764 esse
1253 1724 1518 1773 liberamque
1550 1733 1649 1764 eam
1679 1733 1812 1773 quam

243 1801 371 1840 miles
408 1801 594 1851 petitum
626 1801 747 1840 venit
777 1801 1058 1840 demonstret.
1095 1801 1269 1850 „Atat,''
1303 1800 1384 1839 hoc
1413 1799 1544 1839 verbo
1576 1809 1624 1839 se
1654 1798 1811 1839 timere
1855 1782 1888 1800 ’“

244 1877 450 1917 Chremes
481 1877 669 1917 indicare
702 1877 864 1927 incipit,
897 1887 1050 1916 verum
1081 1877 1250 1916 metum
1283 1875 1422 1916 celare
1452 1875 1611 1918 studet.
1642 1874 1811 1926 „Atque
1876 1912 1879 1921 J

243 1953 305 1992 ita
345 1963 452 2002 opus
493 1954 587 1993 est”
630 1953 762 1993 Thais
793 1953 855 1993 ait
887 1955 1077 2002 (nempez
1111 1953 1154 1992 te
1191 1951 1310 1991 omni
1341 1952 1463 1992 metu
1494 1953 1666 1998 carere).
1698 1949 1811 1992 Tum

243 2028 470 2070 Chremes:
503 2030 597 2079 „ah,
625 2031 773 2069 metuo
800 2029 972 2079 qualem
998 2030 1046 2068 tu
1077 2039 1149 2069 me
1171 2038 1267 2068 esse
1283 2028 1507 2068 hominem
1523 2026 1809 2070 existumeS.”

242 2105 295 2144 Et
326 2105 458 2144 Thais
491 2107 568 2151 (vs.
604 2106 727 2152 759):

361 2182 503 2221 Immo
530 2182 610 2221 hoc
637 2181 846 2231 cogitato:
877 2181 1051 2230 quicum
1078 2191 1148 2221 res
1173 2181 1308 2231 tibist,
1336 2179 1588 2230 peregrinus
1613 2181 1703 2220 est:

361 2257 501 2297 Minus
533 2251 686 2307 potens
717 2268 848 2306 quam
879 2258 940 2307 tu,
968 2256 1115 2296 minus
1141 2258 1282 2306 notus,
1310 2255 1458 2295 minus
1482 2255 1723 2296 amicorum
1738 2255 1810 2297 hic

1554 2331 1746 2379 [habens.

242 2408 361 2447 Haec
401 2409 561 2457 legenti
603 2419 687 2448 non
730 2409 929 2448 videntur
961 2409 1188 2448 cohaerere
1229 2418 1328 2447 cum
1363 2406 1729 2458 praecedentibus,
1761 2409 1808 2448 at

241 2484 466 2532 spectanti,
505 2486 553 2523 ut
594 2485 754 2534 opinor,
796 2484 893 2523 visa
933 2485 1048 2523 sunt.
1087 2484 1130 2523 Is
1162 2483 1278 2523 enim
1311 2482 1553 2523 Chremetis
1584 2484 1708 2524 actus
1737 2494 1806 2534 ge-

241 2560 419 2607 stusque
451 2560 532 2598 fuit
563 2560 635 2608 qui
667 2560 848 2599 minime
882 2559 1064 2599 fortibus
1095 2559 1189 2599 eius
1219 2558 1362 2598 verbis
1394 2559 1681 2609 responderet.

301 2636 464 2674 Mavult
496 2635 637 2674 rixam
671 2638 974 2684 certamenque
1006 2635 1144 2674 vitare
1175 2634 1404 2675 Chremes:
1444 2635 1457 2647 ‘

360 2711 454 2750 Scio
488 2711 599 2750 istuc
631 2711 707 2756 (ait
737 2722 801 2750 vs.
835 2711 918 2751 761
953 2714 1044 2760 sq.),
1078 2710 1153 2750 sed
1185 2711 1232 2750 tu
1264 2710 1375 2759 quod
1407 2720 1558 2749 cavere
1588 2709 1729 2758 possis

1283 2786 1482 2833 [stultum
1514 2785 1799 2825 admitterest.

241 2860 322 2898 Hic
364 2862 419 2899 tu
463 2860 674 2909 significat
709 2872 839 2909 quam
871 2862 1044 2911 sapiens
1075 2861 1210 2900 videri
1242 2861 1386 2910 cupiat
1416 2860 1488 2909 qui
1519 2859 1578 2899 sit
1608 2860 1800 2900 timidus.

299 2935 382 2974 Vix
440 2937 758 2976 adolescentem
815 2938 997 2977 abeundi
1049 2939 1302 2987 praetextus
1347 2937 1625 2987 quaerentem
1670 2934 1802 2976 Thais
