2034 3334
1043 382 1126 424 140

332 506 593 552 vertendi
622 510 664 551 et
690 507 957 551 verrendi
989 506 1130 551 verbis
1162 506 1353 551 confusis
1385 507 1485 551 vide
1515 507 1681 552 doctam
1711 506 1824 552 Bur-

332 585 479 627 manni
510 584 839 628 annotationem.

391 659 480 703 Lib.
511 659 576 702 IV
606 659 655 703 el.
690 659 744 701 21
778 659 845 703 his
876 660 1027 716 incipit
1058 658 1285 703 versibus:

509 784 714 842 Magnum
746 787 827 829 iter
857 785 911 829 ad
944 785 1088 829 doctas
1120 785 1333 842 proficisci
1363 798 1492 844 cogor
1517 787 1721 844 Athenas,

569 862 629 906 Ut
659 875 728 906 me
758 863 888 919 longa
918 863 1040 919 gravi
1071 862 1207 906 solvat
1238 876 1383 907 amore
1411 865 1493 907 via.

510 939 669 983 Crescit
700 941 813 983 enim
844 940 1015 984 assidue
1047 941 1255 996 spectanti
1288 953 1393 984 cura
1424 940 1617 997 puellae:

570 1015 668 1073 Ipse
698 1016 898 1060 alimenta
929 1015 1011 1060 sibi
1043 1017 1231 1060 maxima
1264 1015 1438 1073 praebet
1467 1029 1596 1060 amor.

394 1156 465 1200 Sic
504 1157 633 1214 vulgo
674 1157 889 1214 leguntur.
930 1157 1220 1201 Baehrensius
1260 1170 1338 1214 pro
1370 1158 1658 1214 spectanti
1699 1157 1832 1202 edidit

335 1234 642 1291 spectando
674 1238 803 1290 atque
833 1234 944 1277 illud
970 1246 993 1278 e
1019 1247 1149 1290 prava
1176 1234 1471 1278 emendatione
1496 1236 1645 1278 natum
1663 1236 1829 1278 censet:

336 1311 383 1353 in
427 1310 571 1354 codice
617 1311 730 1353 enim
771 1309 813 1352 N
847 1323 940 1354 esse
984 1310 1304 1367 spectandi,
1338 1310 1452 1367 quod
1485 1324 1618 1367 quum
1650 1310 1832 1367 intelligi

335 1399 423 1429 non
453 1390 596 1442 posset
624 1387 857 1429 coniecisse
890 1386 1080 1443 aliquem
1117 1388 1419 1443 spectanti.
1447 1386 1569 1430 Certe
1593 1387 1776 1430 lectione
1805 1399 1833 1430 a

336 1462 595 1505 Baehrensio
626 1462 801 1518 probata
832 1475 936 1505 sana
966 1466 1182 1505 structura
1212 1461 1407 1516 efficitur,
1439 1462 1513 1506 sed
1530 1475 1671 1519 neque
1686 1462 1831 1506 minus

337 1538 554 1596 probabile
595 1543 635 1582 et
665 1538 801 1581 multo
832 1539 1069 1595 elegantius
1102 1542 1166 1582 est
1198 1539 1314 1595 quod
1345 1539 1525 1582 coniecit
1553 1538 1832 1582 Burmannus

337 1616 625 1672 spectanti
672 1629 807 1658 cura
849 1615 1107 1672 puellam.
1155 1615 1224 1658 Sic
1273 1615 1447 1658 demum
1487 1627 1587 1658 vere
1630 1614 1758 1658 latine
1788 1618 1831 1659 et

341 1691 550 1735 Ovidiana
595 1692 956 1749 Propertianaque
1002 1693 1165 1735 ratione
1213 1691 1419 1734 vocabula
1460 1691 1759 1748 disponuntur,
1790 1694 1832 1735 et

340 1768 478 1812 solent
506 1771 654 1825 poetae
689 1768 948 1812 vocabulum
980 1782 1114 1829 Q}
1146 1769 1251 1823 (sive
1282 1770 1328 1811 in
1359 1769 1516 1825 plurali
1547 1769 1728 1824 curae)
1760 1768 1833 1824 Q·

341 1844 478 1895 solute
523 1858 599 1901 pro
641 1858 784 1903 angore
817 1844 1122 1907 dOIERinffluQ
1154 1858 1262 1901 quos
1293 1844 1515 1907 5¹1090ff01't
1545 1857 1714 1901 ponere,
1742 1858 1832 1888 non

341 1920 483 1963 addito
512 1922 700 1977 genitivo
734 1934 820 1978 quo
853 1934 963 1978 quae
993 1921 1153 1964 femina
1183 1925 1349 1964 ametur
1381 1920 1655 1978 significatur.
1688 1920 1834 1965 Pauca

342 1997 448 2040 dabo
481 2010 536 2041 ex
569 1996 720 2040 Ovidio
753 1998 961 2054 exempla.

401 2073 498 2116 Met.
530 2073 614 2130 111,
648 2074 744 2116 396.
786 2072 850 2117 De
879 2073 1017 2117 Echo:
1062 2073 1312 2116 Extenuant
1343 2073 1493 2130 vigiles
1523 2086 1676 2130 corpus
1708 2074 1834 2117 mise-

343 2150 476 2193 rabile
506 2164 643 2194 curae.

402 2226 478 2281 VI,
509 2228 608 2270 491.
640 2227 779 2271 Semel
812 2230 981 2283 aspecta
1012 2227 1247 2270 Philomela
1277 2226 1434 2269 Tereus

521 2353 724 2406 Aestuat3
758 2356 800 2396 et
831 2356 1025 2409 repetens
1056 2352 1204 2395 faciem
1236 2355 1466 2408 motusque
1499 2364 1737 2408 manusque

523 2428 674 2478 Qualia
704 2429 797 2471 vult
826 2429 949 2485 fingit
982 2442 1092 2485 quae
1123 2429 1316 2471 nondum
1348 2429 1454 2471 vidit
1484 2431 1526 2471 et
1555 2429 1677 2484 ignes

522 2504 620 2560 Ipse
652 2518 752 2547 suos
784 2507 930 2561 nutrit,
964 2519 1066 2548 cura
1097 2508 1341 2548 removente
1373 2517 1578 2561 soporem.

404 2644 522 2698 VIII,
540 2645 607 2687 81.
639 2644 737 2687 Nox
764 2646 940 2688 dicitur:
974 2645 1209 2700 „Curarum
1242 2646 1428 2688 maxima
1460 2644 1659 2688 nutrix'':
1692 2657 1835 2688 cres·-

346 2721 421 2762 cit
452 2734 550 2776 ergo
583 2725 704 2764 nocte
735 2735 887 2777 cura,
922 2726 968 2765 ut
1000 2726 1064 2765 est
1096 2723 1210 2778 apud
1242 2722 1523 2778 Propertium.

405 2796 484 2851 XI,
515 2797 612 2838 426.
655 2796 831 2853 Cognito
862 2798 1038 2854 longum
1070 2800 1151 2842 iter
1181 2798 1395 2841 facturum
1423 2798 1648 2860 coniugem
1681 2799 1723 2840 et
1753 2796 1835 2839 alia

349 2871 568 2925 Halcyone
599 2873 854 2915 lamentatur
884 2876 926 2916 et
955 2874 1079 2916 haec:
