2034 3334
1002 256 1089 301 102

309 379 368 425 99
431 378 511 423 Ille
541 378 618 423 diu
648 378 831 437 pavidus
862 380 1023 437 pariter
1052 393 1152 424 cum
1181 383 1309 428 mento
1337 373 1525 426 colorem

431 449 705 502 Perdiderat,
737 447 967 507 gelidoque
998 463 1144 495 comae
1175 454 1337 495 terrore
1367 439 1578 509 rigebant.

246 521 360 575 Quin
406 520 636 564 deteriores
682 520 847 565 codices
893 520 964 564 hic
1002 518 1149 565 Ovidii
1191 521 1334 578 ipsius
1376 520 1606 567 exhibeant
1649 498 1843 565 mentem

249 605 377 643 „cum
418 602 509 634 voce
550 590 765 635 colorem”
807 590 1058 648 praebentes
1088 605 1170 636 non
1202 590 1367 638 dubito.
1399 587 1723 650 Ingratissimae
1753 604 1846 636 ver-
1923 589 1926 593 ’

245 663 439 707 bositatis
469 666 535 705 est
570 661 781 719 „pavidus
812 666 1003 705 mentem
1035 661 1306 719 perdiderat''
1311 694 1322 706 .
1352 660 1412 706 Et
1436 663 1554 707 vocis
1578 662 1652 707 hie
1676 662 1842 706 mentio

245 734 391 776 omitti
419 747 502 776 non
532 736 685 789 potest.
720 730 785 777 cf.
818 731 1092 776 decantatum
1121 731 1282 777 illud?

428 802 666 860 Obstupui,
700 806 996 860 steteruntque
1026 817 1196 856 comae,
1226 817 1302 847 voa·
1331 803 1528 848 faucibus
1556 803 1709 849 haesit.

311 949 395 993 135
427 939 683 1008 Legendum
713 964 812 994 cum
845 949 1021 994 scholiis
1052 949 1240 995 Lucani:

1062 1019 1222 1065 ultima
1251 1034 1420 1079 semper

427 1090 703 1149 Expectando,
733 1091 824 1136 dies
855 1092 1057 1136 hominis.

246 1161 458 1215 Quoniam
501 1164 711 1207 sententia
753 1166 842 1206 est:
887 1164 1171 1220 „priusquam
1202 1163 1379 1207 beatum
1410 1161 1525 1207 dicas
1554 1161 1744 1220 aliquem
1773 1161 1848 1211 ho-
1891 1155 1921 1178 “

245 1234 433 1285 minem,
461 1234 549 1276 eius
573 1248 690 1278 mors
716 1234 798 1277 tibi
823 1237 889 1277 est
913 1234 1218 1291 expectanda‘’,
1241 1235 1357 1278 sive:
1388 1247 1467 1286 „ea
1481 1236 1547 1278 est
1559 1234 1846 1283 inconstanti·

246 1304 444 1347 humanae
475 1306 625 1358 sortis,
657 1309 709 1348 ut
738 1307 957 1349 neminem
989 1320 1026 1349 e.
1044 1319 1083 1363 q.
1101 1305 1150 1348 s.’
1157 1304 1256 1348 ’Et
1285 1306 1524 1348 rectissime
1555 1305 1772 1362 sequitur:

302 1368 310 1374 ’
1120 1375 1289 1433 dicique
1321 1376 1473 1419 beatus
1511 1393 1518 1398 ·

428 1447 540 1491 Ante
572 1447 740 1490 obitum
772 1461 898 1491 nemo
931 1461 1217 1504 supremaque
1247 1447 1398 1491 funera
1428 1446 1567 1490 debet.

243 1517 368 1560 Nunc
411 1519 528 1561 enim
571 1518 799 1575 utrobique
841 1532 1071 1562 monemur
1111 1532 1164 1562 ne
1204 1519 1320 1561 iusto
1362 1519 1490 1560 citius
1528 1516 1721 1560 iudicium
1751 1530 1846 1574 pro-

242 1589 510 1631 nunciemus.
538 1588 687 1646 Longe
714 1587 832 1631 aliud
859 1588 963 1645 quid
989 1587 1172 1646 vulgata
1197 1587 1325 1632 lectio
1349 1588 1501 1630 homini
1522 1589 1662 1631 menti
1675 1590 1844 1632 nostrae

246 1657 389 1701 offert:
425 1659 582 1709 „homo
613 1673 782 1715 semper
813 1663 964 1716 putare
997 1659 1124 1703 debet
1155 1673 1200 1702 se
1231 1659 1310 1702 hoc
1340 1660 1434 1715 ipso
1465 1658 1535 1703 die
1560 1659 1671 1702 mori
1697 1671 1820 1716 posse
1827 1672 1842 1711 3

243 1728 412 1771 homini
445 1743 613 1786 semper
644 1743 761 1773 mors
791 1729 916 1773 debet
947 1743 1038 1773 esse
1071 1734 1170 1774 ante
1201 1728 1390 1773 oculos’'.

308 1873 394 1916 152
429 1872 621 1918 Comites
638 1878 688 1917 ut
704 1876 896 1931 quietem
913 1877 1083 1932 capiant
1099 1875 1286 1918 Actaeon
1303 1878 1450 1918 monet
1464 1874 1545 1918 hoc
1559 1877 1840 1932 argumento:

1060 1945 1185 1989 Nunc
1215 1944 1415 1989 Phoebus
1444 1949 1627 2001 utraque

696 2015 839 2059 Distat
868 2015 985 2060 idem
1016 2020 1143 2060 terra.

241 2085 325 2127 Pro
366 2090 476 2127 terra
512 2085 749 2144 Bentleyus
782 2088 964 2130 coniecit
995 2092 1119 2138 meta3
1153 2090 1371 2144 praeterea
1399 2085 1632 2130 Ehwaldus
1660 2065 1838 2131 annotat
1907 2143 1909 2146 ι

244 2160 374 2206 „meta
405 2155 440 2198 L
474 2156 501 2198 4
534 2156 656 2214 vulg.
693 2157 819 2209 (nach
852 2171 914 2200 vs.
953 2157 1101 2210 145)”.
1133 2157 1192 2200 Et
1222 2172 1376 2201 verum
1407 2162 1472 2200 est
1504 2171 1568 2200 vs.
1605 2156 1690 2200 145
1720 2155 1834 2215 legi:

422 2226 479 2269 Et
510 2226 574 2269 sol
605 2241 657 2270 ex
688 2241 822 2284 aequo
853 2231 970 2272 meta
999 2228 1183 2271 distabat
1214 2232 1396 2285 utraque

239 2296 420 2353 ideoque
462 2297 587 2341 facile
631 2297 762 2341 alicui
803 2313 867 2342 vs.
905 2298 991 2342 152
1033 2304 1143 2341 terra
1184 2298 1350 2356 legenti
1390 2299 1676 2356 suspicionem
1717 2299 1836 2348 nasci

239 2369 429 2423 potuisse
461 2368 529 2411 hic
561 2382 729 2425 quoque
759 2373 862 2411 meta
892 2371 1066 2426 requiri.
1099 2369 1261 2413 Verum
1292 2383 1399 2412 num
1430 2383 1480 2412 ea
1510 2383 1638 2412 causa
1668 2372 1734 2412 est
1757 2382 1836 2413 our

240 2437 440 2494 Bentleyi
482 2440 727 2482 coniectura
767 2454 847 2482 non
876 2438 1136 2496 recipiatur?
1166 2440 1306 2483 Immo
1336 2453 1437 2482 cum
1469 2443 1633 2483 constet
1661 2438 1834 2483 nullum

241 2522 432 2563 unquam
475 2523 629 2551 sanum
672 2524 845 2553 sensum
882 2525 905 2553 e
934 2510 1115 2554 lectione
1147 2516 1256 2554 berra
1286 2514 1527 2554 extractum
1555 2511 1633 2562 iri,
1665 2522 1835 2567 sempor

242 2580 473 2634 unicuique
517 2579 595 2621 illa
638 2586 835 2623 nascetur
886 2583 1083 2638 suspicio.
1128 2582 1269 2638 Atque
1308 2581 1354 2624 id
1394 2581 1508 2637 quod
1547 2582 1659 2624 inter
1687 2594 1835 2624 omnes

243 2663 396 2692 verum
443 2664 533 2692 esse
581 2655 767 2703 constat,
816 2652 990 2695 tandem
1036 2651 1264 2709 aliquando
1313 2656 1535 2709 tamquam
1575 2665 1728 2696 verum
1768 2654 1835 2695 est

241 2720 570 2775 agnoscendum.

303 2855 389 2897 205
423 2855 471 2897 In
502 2870 676 2898 cervum
709 2871 939 2900 conversus
971 2860 1036 2900 est
1067 2857 1277 2900 Actaeon:

424 2926 534 2977 Quid
567 2926 719 2977 faciat,
752 2931 971 2983 repetatne
1004 2927 1183 2970 domum
1213 2931 1258 2970 et
1288 2926 1451 2985 regalia
1480 2930 1593 2970 tecta

424 2996 491 3037 An
523 2995 654 3038 lateat
686 2995 834 3039 silvis?
868 2997 1004 3053 pudor
1034 2997 1135 3049 hoc,
1168 2999 1300 3041 timor
1328 2997 1510 3054 impedit
1539 2996 1663 3040 illud.
