2034 3334
957 381 1039 419 159

218 507 370 547 Cetera
400 508 479 547 hoc
511 506 778 556 significant:
816 516 927 555 „non
958 505 1090 544 dixit:
1124 505 1249 543 facile
1281 505 1436 553 aliquis
1467 506 1510 544 te
1542 504 1692 553 probet
1722 506 1780 544 ut

217 583 552 632 Eunuchum,
588 583 663 622 sed
694 583 753 621 ut
783 591 878 631 pro
909 581 1171 619 Eunucho
1204 582 1443 628 (tamquam
1475 580 1663 628 aliquem
1689 591 1779 629 pro-

216 639 499 705 Eunuchum).
541 659 651 707 Ergo
693 658 773 696 hoc
813 658 857 696 in
898 657 991 695 tota
1031 655 1308 695 annotatione
1339 655 1594 704 primarium
1626 658 1693 695 est
1723 658 1782 695 ut

216 747 303 776 non
334 746 429 775 esse
461 734 556 775 ὥστε
587 735 662 774 sed
693 731 745 781 ὡς
776 733 845 772 vel
878 731 1017 785 ὥσπερ.

276 888 351 938 ΙΙΙ,
384 889 420 938 1,
453 888 518 927 12.
548 886 786 926 Credere
813 894 1027 924 ornnem
1054 884 1397 930 exercitum]
1431 885 1597 933 „magis
1623 884 1781 923 ridebis

217 964 255 1003 si
286 964 530 1003 consideres
560 962 748 1002 militem
779 963 932 1000 notum
964 971 1060 1000 esse
1091 960 1265 1008 qui‚..”
1298 959 1468 998 Excidit
1498 960 1651 999 scholii
1681 970 1781 1009 pars

215 1040 394 1087 ultima;
436 1040 658 1087 praeterea
692 1037 938 1076 militem
970 1038 1162 1075 notum
1195 1036 1443 1084 corruptum
1476 1037 1565 1083 est;
1599 1035 1706 1075 latet
1737 1036 1781 1074 in

217 1126 266 1155 eo
318 1115 490 1164 aliquid,
543 1125 626 1163 quo
678 1115 820 1153 certus
862 1112 1037 1161 quidam
1078 1111 1235 1160 gradus
1276 1111 1458 1150 militiae
1500 1110 1780 1160 significatur.

214 1191 321 1230 Vide
353 1201 538 1239 sequens
569 1189 784 1228 scholion:
823 1188 926 1237 „sub
954 1187 1133 1226 obtentu
1157 1186 1310 1225 militis
1338 1196 1389 1226 ea
1415 1186 1602 1225 stultitia
1627 1186 1779 1225 descri-

215 1266 302 1315 psit
332 1266 519 1305 breviter
551 1266 756 1304 comitem
788 1264 955 1312 regium
987 1264 1296 1311 acceptumque
1328 1262 1620 1311 imperatori.'’

279 1343 346 1381 19.
379 1342 549 1380 Immo
581 1341 865 1380 nullorum
897 1339 1148 1378 arbitror
1179 1338 1226 1376 si
1258 1339 1443 1376 tecum
1474 1338 1637 1384 vivit]
1676 1338 1782 1387 „hoc

217 1428 396 1457 aversus
423 1428 476 1456 ne
502 1417 630 1455 miles
657 1416 815 1455 audiat.
843 1415 993 1454 Potest
1017 1416 1167 1453 tamen
1189 1414 1232 1452 et
1248 1413 1373 1452 aliter
1388 1413 1572 1462 intelligi
1587 1414 1782 1453 maxime

217 1505 316 1534 cum
371 1493 554 1533 milite.”
613 1493 751 1531 Sensu
808 1501 932 1530 cassa
987 1491 1105 1529 haec.
1164 1489 1351 1529 Coniicio
1402 1490 1646 1529 maximo
1694 1492 1782 1538 (pro

215 1570 495 1615 maxime):
543 1570 712 1618 „tecum
745 1567 940 1606 maximo
972 1577 1071 1605 cum
1102 1566 1284 1605 milite.'’
1318 1565 1362 1604 Si
1392 1566 1520 1604 miles
1552 1565 1683 1604 verba
1712 1575 1781 1614 pa-

215 1645 339 1684 rasiti
380 1644 500 1684 audit
540 1644 601 1682 sic
645 1654 695 1682 ea
736 1643 926 1691 accipere
967 1642 1114 1681 debet:
1161 1642 1332 1691 „tecum
1364 1641 1559 1680 omnium
1591 1641 1783 1679 militum

217 1732 390 1761 summo
422 1721 568 1760 vivere
599 1720 721 1769 velle,
756 1719 798 1758 id
830 1720 897 1758 est
928 1719 1093 1757 ceteros
1125 1728 1276 1757 omnes
1307 1718 1516 1756 mortales
1548 1717 1780 1766 aspernari.

218 1797 321 1846 Quis
352 1796 469 1836 enim
499 1796 564 1835 tui
595 1795 753 1834 similis
764 1795 812 1834 ‘?'’

277 1871 475 1911 Scholion
517 1871 569 1910 ad
610 1881 674 1910 vs,
718 1871 772 1909 32
816 1871 860 1908 et
900 1869 1073 1908 initium
1115 1869 1267 1908 scholii
1309 1869 1361 1907 ad
1403 1879 1467 1908 vs.
1512 1870 1568 1908 34
1610 1869 1725 1907 recte
1758 1879 1783 1907 a

217 1947 518 1987 Westerhovio
550 1947 652 1984 sunt
683 1946 923 1994 emendata,
959 1945 1065 1984 item
1098 1945 1187 1983 sch.
1222 1945 1273 1983 ad
1305 1955 1370 1983 vs.
1405 1945 1474 1983 40.

276 2099 351 2148 III,
406 2099 444 2147 2,
498 2098 563 2136 10.
611 2098 756 2135 Bene
803 2096 1004 2134 fecisti
1051 2095 1193 2134 subito
1242 2097 1469 2144 conspecto
1516 2096 1783 2134 Parmenone

217 2174 348 2212 Thais
380 2173 494 2212 dicit.
533 2173 798 2211 Annotatur:
836 2171 962 2220 „quid
993 2170 1100 2210 bene
1131 2171 1266 2210 fecit?
1299 2181 1426 2210 ...an
1457 2171 1568 2219 quod
1599 2171 1784 2209 illuserit

219 2249 409 2288 convicio
421 2249 469 2287 ‘?”
513 2248 631 2286 Haec
671 2247 768 2295 quis
810 2246 1054 2294 intelligat?
1095 2246 1311 2295 Propono:
1346 2256 1410 2284 an
1441 2246 1581 2294 quod
1613 2246 1782 2284 distu-

217 2313 354 2363 lerit
392 2323 748 2363 convivium?
781 2323 807 2360 i.
828 2332 862 2361 e.
900 2332 981 2371 „an
1013 2321 1106 2360 ideo
1138 2321 1285 2360 laudat
1311 2321 1626 2360 Parmenonem
1652 2321 1783 2360 Thais

218 2400 330 2448 quod
366 2399 554 2438 adventu
585 2409 662 2437 suo
694 2408 840 2436 moras
871 2397 1020 2436 fecerit
1051 2397 1197 2436 odioso
1229 2396 1303 2435 isti
1335 2396 1531 2435 convivio
1563 2397 1674 2445 apud
1705 2396 1782 2435 mi-

218 2475 354 2524 litem,
398 2485 480 2523 quo
522 2474 610 2513 iam
652 2473 819 2512 abitura
861 2473 995 2512 erat.”
1029 2471 1089 2511 Of.
1123 2472 1234 2521 quod
1266 2472 1319 2511 ad
1350 2472 1514 2511 hodie
1545 2472 1590 2510 in
1621 2472 1783 2511 scholio

219 2550 416 2598 sequenti
473 2550 726 2588 annotatur:
788 2548 994 2597 „dulciter
1040 2548 1234 2587 additum
1281 2548 1466 2597 hodie,
1515 2548 1639 2596 quasi
1685 2558 1784 2587 cum

220 2626 483 2674 exceptione,
513 2635 596 2673 quo
623 2634 670 2663 se
697 2622 912 2672 significat
938 2634 1023 2663 non
1049 2625 1254 2673 perpetuo
1281 2624 1584 2662 obsecuturam
1610 2622 1783 2661 militi.'’

283 2702 349 2740 ΙΙ.
391 2700 542 2739 Dona
583 2700 788 2738 adsunt
818 2699 925 2738 tibi
957 2709 982 2738 a
1012 2699 1301 2738 Phaedria.
1337 2698 1514 2738 Sublata
1544 2698 1650 2737 haec
1679 2708 1784 2736 voce

219 2776 431 2815 Parmeno
457 2775 657 2823 loquitur.
686 2774 952 2813 Annotatur:
984 2784 1109 2823 „cum
1126 2774 1200 2813 illa
1216 2774 1295 2813 sub
1311 2774 1564 2823 pronomine
1582 2773 1785 2812 celaverit

143 2904 146 2907 Ι
220 2861 378 2890 nomen
419 2850 573 2888 militis
615 2860 670 2888 ex
712 2850 803 2888 arte
839 2849 1050 2888 Parmeno
1081 2850 1376 2898 pronuntiavit
1407 2859 1433 2888 a
1463 2848 1783 2887 Phaedria.''

220 2926 346 2965 Haud
387 2926 558 2974 illepida
599 2925 707 2964 mihi
747 2925 917 2964 videtur
952 2925 1059 2964 haec
1089 2925 1355 2964 emendatio:
1390 2926 1582 2973 aperte
1612 2933 1688 2972 pro
1720 2934 1785 2962 ex
