2034 3334
1030 390 1115 429 106

282 517 472 557 amicum
519 516 754 557 Charinum
801 517 922 557 metu
968 516 1123 565 solvit;
1170 516 1442 556 demonstrat
1483 515 1602 556 enim
1644 525 1732 557 non
1761 515 1854 558 fore

282 594 419 644 hodie,
468 593 509 633 id
556 593 668 643 quod
710 592 772 632 illi
814 592 985 633 dixerat
1015 594 1149 642 pater,
1184 592 1360 642 nuptias
1391 592 1490 633 illas
1521 592 1628 632 adeo
1658 592 1851 634 reformi—

282 670 428 718 datas;
472 679 558 710 non
599 679 695 709 esse
737 679 838 719 ergo
881 668 1065 709 Charino
1101 669 1417 719 desperandum
1448 668 1500 709 de
1532 668 1727 710 ducenda
1756 668 1852 711 Phi-

280 746 467 795 lumena,
516 755 647 794 quam
694 744 786 795 ipse
832 745 1032 784 ardenter
1078 755 1260 784 uxorem
1307 744 1437 795 cupit,
1482 744 1708 795 Pamphilo
1749 755 1853 788 vero

280 822 544 863 invitissimo
577 821 767 862 obtrudit
796 823 931 872 pater.
964 821 1246 862 Demonstrat
1276 823 1424 861 autem
1457 821 1705 862 narratione
1730 820 1854 876 quius

280 899 361 939 hoc
392 899 460 939 est
491 897 665 938 initium
698 900 776 945 (VS.
810 898 927 938 353-
929 898 1055 944 -:60)

355 975 517 1015 -Τιιυε
547 975 670 1024 pater
700 974 828 1014 modo
860 974 930 1014 hic
961 984 1033 1014 me
1063 973 1256 1024 prendit:
1289 974 1352 1014 ait
1376 973 1455 1014 tibi
1482 983 1666 1015 uxorem
1690 973 1794 1016 dare

398 1051 548 1101 Hodie,
587 1050 650 1091 ita
681 1051 766 1091 alia
797 1051 948 1102 multa,
981 1061 1091 1100 quae
1122 1061 1237 1091 nunc
1267 1061 1354 1092 non
1385 1053 1454 1092 est
1484 1052 1687 1093 narrandi
1716 1051 1851 1094 locus.

400 1127 611 1168 Continuo
643 1128 696 1167 ad
727 1129 772 1167 te
802 1137 1036 1178 properans
1067 1138 1268 1178 percurro
1300 1128 1353 1168 ad
1384 1128 1540 1179 forum,
1574 1130 1624 1169 ut
1653 1128 1798 1170 dicam

1606 1205 1701 1253 [tibi
1730 1205 1850 1247 haec.

398 1280 482 1321 Ubi
509 1282 552 1321 te
573 1291 659 1320 non
676 1280 862 1331 invenio,
882 1280 940 1319 ibi
957 1281 1141 1321 ascendo
1159 1281 1204 1320 in
1220 1281 1436 1330 quendam
1453 1281 1678 1322 excelsum
1691 1280 1850 1323 locum.

400 1356 720 1407 CircumspiciO,
754 1367 992 1406 nusquam:
1025 1357 1135 1397 forte
1168 1356 1226 1396 ibi
1257 1356 1386 1397 huius
1418 1357 1542 1398 video
1571 1357 1796 1408 Byrriam

398 1434 540 1483 Rogo:
572 1436 703 1482 negat
734 1433 909 1473 vidisse.
943 1433 1053 1473 mihi
1084 1433 1334 1474 molestum.
1368 1433 1469 1483 quid
1501 1440 1631 1484 agam
1656 1433 1810 1484 cogito.

399 1510 613 1550 Redeunti
644 1510 810 1550 interea
841 1520 896 1549 ex
928 1509 1023 1559 ipsa
1053 1520 1099 1549 re
1130 1509 1192 1549 mi
1224 1509 1375 1549 incidit
1404 1509 1615 1560 suspicio:
1652 1509 1793 1560 ,hem,

398 1586 628 1626 Paululum
661 1587 833 1626 obsoni:
867 1586 988 1636 ipsus
1018 1586 1181 1626 tristis:
1215 1587 1267 1626 de
1298 1586 1535 1636 improviso
1565 1585 1765 1636 nuptiae:

396 1662 491 1702 Non
524 1662 798 1703 cohaerent.”

277 1738 396 1778 Haec
443 1750 468 1778 a
515 1738 757 1779 Scholiasta
803 1740 1012 1779 annotata
1058 1739 1329 1780 invenimus:
1377 1740 1574 1790 „Roget
1617 1739 1730 1780 mira
1758 1739 1849 1780 bre-

277 1814 393 1853 vitas
434 1816 478 1854 et
524 1815 778 1865 imitanda,”
826 1817 892 1855 et:
944 1816 1135 1865 „Ipsus
1175 1816 1398 1867 tristis,
1442 1817 1504 1856 de
1535 1816 1850 1866 improviso

276 1891 533 1940 nuptiae:
582 1892 691 1931 mire
733 1893 777 1931 et
818 1891 1053 1938 moraliter.
1096 1892 1162 1932 Ex
1197 1892 1267 1932 his
1308 1892 1426 1932 enim
1467 1903 1577 1942 quae
1617 1892 1734 1933 facta
1762 1902 1850 1932 non

276 1968 391 2017 sunt,
420 1967 544 2007 docet
569 1968 681 2016 quod
707 1968 863 2008 fecisse
890 1967 1075 2008 deberet.
1104 1968 1235 2008 Etde
1267 1969 1582 2018 improviso
1612 1967 1902 2018 nuptiae..

275 2044 684 2092 pronuntiandum.”
727 2044 877 2084 Nonne
914 2044 1021 2084 haec
1053 2044 1146 2084 eius
1177 2046 1280 2085 sunt
1311 2044 1384 2094 qui
1415 2043 1614 2094 spectari,
1647 2053 1735 2084 non
1764 2043 1850 2094 legi

277 2120 372 2159 vult
403 2120 687 2160 Terentium?

336 2196 466 2235 Andr.
517 2197 615 2236 741.
664 2196 810 2247 Mysis,
860 2197 1045 2246 Glycerii
1093 2197 1260 2248 ancilla,
1311 2208 1337 2237 a
1383 2197 1503 2236 Davo
1545 2196 1676 2246 iussa,
1708 2195 1849 2238 filium

277 2283 404 2321 quem
448 2273 674 2322 Pamphilo
709 2273 875 2323 peperit
916 2273 1002 2324 illa,
1036 2276 1138 2314 ante
1170 2273 1334 2314 ostium
1366 2273 1581 2323 Pamphili
1611 2271 1750 2323 patris
1779 2272 1847 2313 de·

276 2349 430 2397 posuit,
461 2349 555 2398 ipsa
581 2350 803 2400 remansit,
832 2350 980 2390 Davus
1007 2350 1134 2399 abiit;
1163 2350 1579 2400 appropinquantem
1605 2348 1723 2389 enim
1738 2348 1849 2389 vidit

277 2424 565 2475 Chremetem,
610 2426 682 2474 qui
724 2426 926 2465 omnibus
942 2405 1108 2465 'modis
1150 2436 1203 2465 ne
1245 2425 1381 2465 filiam
1419 2426 1491 2465 det
1523 2424 1748 2474 Pamphilo
1779 2425 1849 2465 est

276 2500 566 2539 deterrendus,
601 2501 779 2540 Accedit
805 2502 953 2541 autem
981 2500 1188 2541 Chremes
1213 2501 1369 2550 lentus,
1400 2501 1461 2540 nil
1487 2499 1594 2539 mali
1619 2499 1847 2550 suspicans

276 2578 319 2614 et
350 2586 499 2614 secum
532 2577 723 2625 loquens.
757 2578 999 2617 Audiamus
1031 2578 1197 2627 ipsum:

454 2652 674 2701 Revortor,
709 2655 938 2702 postquam
971 2663 1079 2702 quae
1111 2663 1218 2702 opus
1249 2652 1367 2692 fuere
1399 2652 1452 2691 ad
1483 2651 1658 2701 nuptias

455 2728 619 2767 Gnatae
652 2729 812 2778 paravi,
847 2731 896 2768 ut
927 2729 1099 2768 iubeam
1131 2729 1304 2768 arcessi.
1339 2728 1421 2767 Sed
1453 2728 1554 2776 quid
1584 2727 1697 2767 hoc?

454 2803 563 2842 Puer
595 2804 793 2853 herclest,
828 2805 985 2844 mulier
1016 2806 1064 2844 tu
1096 2804 1305 2854 apposisti
1332 2804 1478 2843 hunc?

276 2878 467 2917 Annotat
495 2879 757 2919 Scholiasta:
780 2869 909 2929 „Sed
937 2881 1066 2928 quid
1093 2880 1225 2919 hoc?
1241 2879 1335 2919 Non
1351 2877 1657 2927 interrogantis
1673 2876 1749 2918 sed
1764 2876 1842 2916 mi-

275 2954 411 2992 rantis
424 2956 466 2992 et
478 2965 562 2993 non
575 2955 855 3004 intelligentis
867 2957 946 2995 est.
960 2955 1013 2995 Et
1024 2956 1202 3005 apparet
1213 2965 1314 2995 eum
1324 2965 1411 2995 non
1421 2953 1556 2994 oculis
1566 2953 1698 3004 priuS,
1710 2962 1843 3003 quam
