<?xml version="1.0" encoding="UTF-8"?>
<!DOCTYPE html PUBLIC "-//W3C//DTD XHTML 1.0 Transitional//EN"
    "http://www.w3.org/TR/xhtml1/DTD/xhtml1-transitional.dtd">
<html xmlns="http://www.w3.org/1999/xhtml" xml:lang="en" lang="en">
 <head>
  <title>
</title>
<meta http-equiv="Content-Type" content="text/html;charset=utf-8" />
  <meta name='ocr-system' content='tesseract 3.04.00' />
  <meta name='ocr-capabilities' content='ocr_page ocr_carea ocr_par ocr_line ocrx_word'/>
</head>
<body>
  <div class='ocr_page' id='page_1' title='image "./dehoratiopota00hartuoft_0472.png"; bbox 0 0 2034 3334; ppageno 0'>
   <div class='ocr_carea' id='block_1_1' title="bbox 1020 378 1076 417">
    <p class='ocr_par' dir='ltr' id='par_1_1' title="bbox 1020 378 1076 417">
     <span class='ocr_line' id='line_1_1' title="bbox 1020 378 1076 417; baseline 0 0"><span class='ocrx_word' id='word_1_1' title='bbox 1020 378 1076 417; x_wconf 89' lang='lat'>88</span> 
     </span>
    </p>
   </div>
   <div class='ocr_carea' id='block_1_2' title="bbox 1763 0 2034 554">
    <p class='ocr_par' dir='ltr' id='par_1_2' title="bbox 1763 0 2034 554">
     <span class='ocr_line' id='line_1_2' title="bbox 1763 0 2034 554; baseline 0 0"><span class='ocrx_word' id='word_1_2' title='bbox 1763 0 2034 554; x_wconf 95' lang='lat' dir='ltr'>  </span> 
     </span>
    </p>
   </div>
   <div class='ocr_carea' id='block_1_3' title="bbox 263 502 1837 1236">
    <p class='ocr_par' dir='ltr' id='par_1_3' title="bbox 263 502 1836 924">
     <span class='ocr_line' id='line_1_3' title="bbox 263 502 1831 554; baseline 0.001 -12"><span class='ocrx_word' id='word_1_3' title='bbox 263 503 543 543; x_wconf 83' lang='lat' dir='ltr'>Menandrum</span> <span class='ocrx_word' id='word_1_4' title='bbox 585 504 690 544; x_wconf 89' lang='lat' dir='ltr'>haec</span> <span class='ocrx_word' id='word_1_5' title='bbox 726 515 813 544; x_wconf 91' lang='lat' dir='ltr'>non</span> <span class='ocrx_word' id='word_1_6' title='bbox 844 505 974 544; x_wconf 88' lang='lat' dir='ltr'>sunt’&#39;</span> <span class='ocrx_word' id='word_1_7' title='bbox 1005 503 1077 544; x_wconf 87' lang='lat' dir='ltr'>vel</span> <span class='ocrx_word' id='word_1_8' title='bbox 1112 504 1295 553; x_wconf 56' lang='lat' dir='ltr'>,melius</span> <span class='ocrx_word' id='word_1_9' title='bbox 1325 504 1553 545; x_wconf 79' lang='lat' dir='ltr'>Terentius</span> <span class='ocrx_word' id='word_1_10' title='bbox 1583 513 1716 554; x_wconf 80' lang='lat' dir='ltr'>quam</span> <span class='ocrx_word' id='word_1_11' title='bbox 1748 502 1831 544; x_wconf 79' lang='lat' dir='ltr'>Me-</span> 
     </span>
     <span class='ocr_line' id='line_1_4' title="bbox 264 579 1835 630; baseline 0.002 -12"><span class='ocrx_word' id='word_1_12' title='bbox 264 579 468 629; x_wconf 88' lang='lat' dir='ltr'>nander,”</span> <span class='ocrx_word' id='word_1_13' title='bbox 501 580 674 629; x_wconf 89' lang='lat' dir='ltr'>saepius</span> <span class='ocrx_word' id='word_1_14' title='bbox 705 581 854 620; x_wconf 87' lang='lat' dir='ltr'>tamen</span> <span class='ocrx_word' id='word_1_15' title='bbox 885 580 1001 620; x_wconf 90' lang='lat' dir='ltr'>idem</span> <span class='ocrx_word' id='word_1_16' title='bbox 1032 579 1256 620; x_wconf 82' lang='lat' dir='ltr'>obscurius</span> <span class='ocrx_word' id='word_1_17' title='bbox 1286 579 1515 630; x_wconf 84' lang='lat' dir='ltr'>significat.</span> <span class='ocrx_word' id='word_1_18' title='bbox 1542 580 1597 620; x_wconf 83' lang='lat' dir='ltr'>Et</span> <span class='ocrx_word' id='word_1_19' title='bbox 1623 579 1835 621; x_wconf 79' lang='lat' dir='ltr'>miramur</span> 
     </span>
     <span class='ocr_line' id='line_1_5' title="bbox 265 655 1832 697; baseline 0.001 -3"><span class='ocrx_word' id='word_1_20' title='bbox 265 655 399 695; x_wconf 89' lang='lat' dir='ltr'>etiam</span> <span class='ocrx_word' id='word_1_21' title='bbox 440 666 515 695; x_wconf 91' lang='lat' dir='ltr'>cur</span> <span class='ocrx_word' id='word_1_22' title='bbox 555 666 688 695; x_wconf 91' lang='lat' dir='ltr'>unam</span> <span class='ocrx_word' id='word_1_23' title='bbox 724 655 917 696; x_wconf 88' lang='lat' dir='ltr'>fabulam</span> <span class='ocrx_word' id='word_1_24' title='bbox 949 656 1476 696; x_wconf 88' lang='lat' dir='ltr'>Heautontimorumenon</span> <span class='ocrx_word' id='word_1_25' title='bbox 1506 655 1626 697; x_wconf 82' lang='lat' dir='ltr'>nulla</span> <span class='ocrx_word' id='word_1_26' title='bbox 1656 656 1832 696; x_wconf 79' lang='lat' dir='ltr'>annota-</span> 
     </span>
     <span class='ocr_line' id='line_1_6' title="bbox 263 731 1834 785; baseline 0.001 -15"><span class='ocrx_word' id='word_1_27' title='bbox 263 732 380 771; x_wconf 81' lang='lat' dir='ltr'>tione</span> <span class='ocrx_word' id='word_1_28' title='bbox 407 731 583 785; x_wconf 82' lang='lat' dir='ltr'>dignam</span> <span class='ocrx_word' id='word_1_29' title='bbox 609 731 840 772; x_wconf 78' lang='lat' dir='ltr'>habuerit?</span> <span class='ocrx_word' id='word_1_30' title='bbox 866 732 990 772; x_wconf 90' lang='lat' dir='ltr'>Hanc</span> <span class='ocrx_word' id='word_1_31' title='bbox 1017 732 1135 772; x_wconf 88' lang='lat' dir='ltr'>enim</span> <span class='ocrx_word' id='word_1_32' title='bbox 1156 742 1236 782; x_wconf 86' lang='lat' dir='ltr'>„ex</span> <span class='ocrx_word' id='word_1_33' title='bbox 1254 732 1424 782; x_wconf 86' lang='lat' dir='ltr'>integra</span> <span class='ocrx_word' id='word_1_34' title='bbox 1439 731 1603 772; x_wconf 82' lang='lat' dir='ltr'>Graeca</span> <span class='ocrx_word' id='word_1_35' title='bbox 1618 732 1834 782; x_wconf 79' lang='lat' dir='ltr'>integram</span> 
     </span>
     <span class='ocr_line' id='line_1_7' title="bbox 265 807 1836 859; baseline 0.002 -13"><span class='ocrx_word' id='word_1_36' title='bbox 265 807 561 847; x_wconf 89' lang='lat' dir='ltr'>comoediam”</span> <span class='ocrx_word' id='word_1_37' title='bbox 608 808 780 857; x_wconf 81' lang='lat' dir='ltr'>scripsit</span> <span class='ocrx_word' id='word_1_38' title='bbox 822 808 1061 859; x_wconf 83' lang='lat' dir='ltr'>Terentius,</span> <span class='ocrx_word' id='word_1_39' title='bbox 1105 818 1322 858; x_wconf 83' lang='lat' dir='ltr'>nusquam</span> <span class='ocrx_word' id='word_1_40' title='bbox 1364 818 1464 858; x_wconf 89' lang='lat' dir='ltr'>ergo</span> <span class='ocrx_word' id='word_1_41' title='bbox 1505 808 1551 848; x_wconf 89' lang='lat' dir='ltr'>in</span> <span class='ocrx_word' id='word_1_42' title='bbox 1581 818 1634 849; x_wconf 82' lang='lat' dir='ltr'>ea</span> <span class='ocrx_word' id='word_1_43' title='bbox 1663 807 1836 859; x_wconf 81' lang='lat' dir='ltr'>propria</span> 
     </span>
     <span class='ocr_line' id='line_1_8' title="bbox 266 883 740 924; baseline 0.004 -2"><span class='ocrx_word' id='word_1_44' title='bbox 266 883 359 922; x_wconf 88' lang='lat' dir='ltr'>eius</span> <span class='ocrx_word' id='word_1_45' title='bbox 390 883 556 923; x_wconf 86' lang='lat' dir='ltr'>indoles</span> <span class='ocrx_word' id='word_1_46' title='bbox 588 884 740 924; x_wconf 88' lang='lat' dir='ltr'>elucet.</span> 
     </span>
    </p>

    <p class='ocr_par' dir='ltr' id='par_1_4' title="bbox 265 959 1837 1236">
     <span class='ocr_line' id='line_1_9' title="bbox 325 959 1836 1011; baseline 0.002 -13"><span class='ocrx_word' id='word_1_47' title='bbox 325 959 443 998; x_wconf 87' lang='lat' dir='ltr'>Artis</span> <span class='ocrx_word' id='word_1_48' title='bbox 484 960 679 1000; x_wconf 84' lang='lat' dir='ltr'>scenicae</span> <span class='ocrx_word' id='word_1_49' title='bbox 722 961 1078 1001; x_wconf 88' lang='lat' dir='ltr'>amantissimum</span> <span class='ocrx_word' id='word_1_50' title='bbox 1114 960 1514 1011; x_wconf 88' lang='lat' dir='ltr'>peritissimumque</span> <span class='ocrx_word' id='word_1_51' title='bbox 1547 959 1836 1001; x_wconf 78' lang='lat' dir='ltr'>Scholiastam</span> 
     </span>
     <span class='ocr_line' id='line_1_10' title="bbox 265 1034 1834 1087; baseline 0.001 -13"><span class='ocrx_word' id='word_1_52' title='bbox 265 1034 483 1075; x_wconf 87' lang='lat' dir='ltr'>dicebam:</span> <span class='ocrx_word' id='word_1_53' title='bbox 527 1037 580 1075; x_wconf 89' lang='lat' dir='ltr'>ad</span> <span class='ocrx_word' id='word_1_54' title='bbox 622 1037 733 1076; x_wconf 92' lang='lat' dir='ltr'>hanc</span> <span class='ocrx_word' id='word_1_55' title='bbox 775 1048 875 1087; x_wconf 88' lang='lat' dir='ltr'>ergo</span> <span class='ocrx_word' id='word_1_56' title='bbox 919 1047 1071 1077; x_wconf 90' lang='lat' dir='ltr'>omnes</span> <span class='ocrx_word' id='word_1_57' title='bbox 1104 1037 1197 1077; x_wconf 89' lang='lat' dir='ltr'>eius</span> <span class='ocrx_word' id='word_1_58' title='bbox 1229 1036 1532 1077; x_wconf 82' lang='lat' dir='ltr'>annotationes</span> <span class='ocrx_word' id='word_1_59' title='bbox 1562 1035 1712 1077; x_wconf 82' lang='lat' dir='ltr'>referri</span> <span class='ocrx_word' id='word_1_60' title='bbox 1741 1046 1834 1087; x_wconf 86' lang='lat' dir='ltr'>pos-</span> 
     </span>
     <span class='ocr_line' id='line_1_11' title="bbox 265 1111 1837 1162; baseline 0.001 -12"><span class='ocrx_word' id='word_1_61' title='bbox 265 1113 389 1150; x_wconf 88' lang='lat' dir='ltr'>sunt:</span> <span class='ocrx_word' id='word_1_62' title='bbox 433 1111 606 1152; x_wconf 89' lang='lat' dir='ltr'>illarum</span> <span class='ocrx_word' id='word_1_63' title='bbox 648 1114 796 1152; x_wconf 90' lang='lat' dir='ltr'>autem</span> <span class='ocrx_word' id='word_1_64' title='bbox 839 1114 1024 1162; x_wconf 83' lang='lat' dir='ltr'>quatuor</span> <span class='ocrx_word' id='word_1_65' title='bbox 1060 1113 1150 1153; x_wconf 89' lang='lat' dir='ltr'>fere</span> <span class='ocrx_word' id='word_1_66' title='bbox 1181 1113 1290 1153; x_wconf 90' lang='lat' dir='ltr'>mihi</span> <span class='ocrx_word' id='word_1_67' title='bbox 1322 1113 1552 1152; x_wconf 86' lang='lat' dir='ltr'>observare</span> <span class='ocrx_word' id='word_1_68' title='bbox 1582 1112 1706 1153; x_wconf 83' lang='lat' dir='ltr'>visus</span> <span class='ocrx_word' id='word_1_69' title='bbox 1735 1122 1837 1153; x_wconf 89' lang='lat' dir='ltr'>sum</span> 
     </span>
     <span class='ocr_line' id='line_1_12' title="bbox 265 1198 436 1236; baseline 0.012 -11"><span class='ocrx_word' id='word_1_70' title='bbox 265 1198 436 1236; x_wconf 86' lang='lat' dir='ltr'>genera.</span> 
     </span>
    </p>
   </div>
   <div class='ocr_carea' id='block_1_4' title="bbox 264 1257 1875 2984">
    <p class='ocr_par' dir='ltr' id='par_1_5' title="bbox 265 1257 1875 1760">
     <span class='ocr_line' id='line_1_13' title="bbox 325 1257 1838 1323; baseline 0 -17"><span class='ocrx_word' id='word_1_71' title='bbox 325 1263 366 1306; x_wconf 91' lang='lat' dir='ltr'>I.</span> <span class='ocrx_word' id='word_1_72' title='bbox 398 1264 574 1304; x_wconf 87' lang='lat' dir='ltr'>Efficere</span> <span class='ocrx_word' id='word_1_73' title='bbox 606 1267 786 1305; x_wconf 91' lang='lat' dir='ltr'>conatur</span> <span class='ocrx_word' id='word_1_74' title='bbox 818 1266 1060 1306; x_wconf 85' lang='lat' dir='ltr'>Scholiasta</span> <span class='ocrx_word' id='word_1_75' title='bbox 1090 1257 1146 1306; x_wconf 89' lang='lat' dir='ltr'>ut</span> <span class='ocrx_word' id='word_1_76' title='bbox 1170 1267 1251 1323; x_wconf 73' lang='lat' dir='ltr'>ipsi</span> <span class='ocrx_word' id='word_1_77' title='bbox 1283 1266 1435 1306; x_wconf 89' lang='lat' dir='ltr'>adesse</span> <span class='ocrx_word' id='word_1_78' title='bbox 1462 1265 1586 1306; x_wconf 87' lang='lat' dir='ltr'>nobis</span> <span class='ocrx_word' id='word_1_79' title='bbox 1610 1265 1838 1306; x_wconf 84' lang='lat' dir='ltr'>videamur</span> 
     </span>
     <span class='ocr_line' id='line_1_14' title="bbox 265 1338 1838 1396; baseline 0.001 -17"><span class='ocrx_word' id='word_1_80' title='bbox 265 1342 417 1394; x_wconf 80' lang='lat' dir='ltr'>poetae</span> <span class='ocrx_word' id='word_1_81' title='bbox 449 1341 665 1394; x_wconf 78' lang='lat' dir='ltr'>scribenti,</span> <span class='ocrx_word' id='word_1_82' title='bbox 701 1338 919 1396; x_wconf 61' lang='lat' dir='ltr'>cogitanti,</span> <span class='ocrx_word' id='word_1_83' title='bbox 948 1342 1154 1382; x_wconf 89' lang='lat' dir='ltr'>studenti.</span> <span class='ocrx_word' id='word_1_84' title='bbox 1183 1343 1232 1382; x_wconf 87' lang='lat' dir='ltr'>In</span> <span class='ocrx_word' id='word_1_85' title='bbox 1259 1342 1471 1392; x_wconf 82' lang='lat' dir='ltr'>poeticam</span> <span class='ocrx_word' id='word_1_86' title='bbox 1499 1352 1579 1382; x_wconf 91' lang='lat' dir='ltr'>nos</span> <span class='ocrx_word' id='word_1_87' title='bbox 1604 1341 1838 1388; x_wconf 72' lang='lat' dir='ltr'>introducit</span> 
     </span>
     <span class='ocr_line' id='line_1_15' title="bbox 266 1416 1875 1468; baseline 0.002 -13"><span class='ocrx_word' id='word_1_88' title='bbox 266 1416 374 1455; x_wconf 71' lang='lat' dir='ltr'>offic·</span> <span class='ocrx_word' id='word_1_89' title='bbox 436 1427 480 1455; x_wconf 91' lang='lat' dir='ltr'>m</span> <span class='ocrx_word' id='word_1_90' title='bbox 543 1417 615 1456; x_wconf 88' lang='lat' dir='ltr'>ubi</span> <span class='ocrx_word' id='word_1_91' title='bbox 656 1418 828 1467; x_wconf 90' lang='lat' dir='ltr'>singula</span> <span class='ocrx_word' id='word_1_92' title='bbox 867 1418 1182 1467; x_wconf 87' lang='lat' dir='ltr'>perlustremus</span> <span class='ocrx_word' id='word_1_93' title='bbox 1222 1419 1516 1458; x_wconf 85' lang='lat' dir='ltr'>instrumenta</span> <span class='ocrx_word' id='word_1_94' title='bbox 1556 1418 1601 1458; x_wconf 88' lang='lat' dir='ltr'>et</span> <span class='ocrx_word' id='word_1_95' title='bbox 1640 1417 1742 1468; x_wconf 77' lang='lat' dir='ltr'>quid</span> <span class='ocrx_word' id='word_1_96' title='bbox 1781 1416 1837 1458; x_wconf 85' lang='lat' dir='ltr'>iis</span> <span class='ocrx_word' id='word_1_97' title='bbox 1871 1444 1875 1447; x_wconf 90' lang='lat'>-</span> 
     </span>
     <span class='ocr_line' id='line_1_16' title="bbox 266 1427 1834 1544; baseline 0.002 -13"><span class='ocrx_word' id='word_1_98' title='bbox 266 1427 411 1541; x_wconf 50' lang='lat' dir='ltr'>perflffii</span> <span class='ocrx_word' id='word_1_99' title='bbox 442 1494 580 1542; x_wconf 87' lang='lat' dir='ltr'>possit</span> <span class='ocrx_word' id='word_1_100' title='bbox 611 1504 936 1543; x_wconf 88' lang='lat' dir='ltr'>cognoscamus.</span> <span class='ocrx_word' id='word_1_101' title='bbox 964 1494 1083 1534; x_wconf 89' lang='lat' dir='ltr'>Dabo</span> <span class='ocrx_word' id='word_1_102' title='bbox 1109 1505 1245 1534; x_wconf 92' lang='lat' dir='ltr'>unum</span> <span class='ocrx_word' id='word_1_103' title='bbox 1273 1494 1544 1543; x_wconf 89' lang='lat' dir='ltr'>alterumque</span> <span class='ocrx_word' id='word_1_104' title='bbox 1570 1492 1834 1544; x_wconf 78' lang='lat' dir='ltr'>exemplum.</span> 
     </span>
     <span class='ocr_line' id='line_1_17' title="bbox 267 1567 1836 1619; baseline 0.002 -13"><span class='ocrx_word' id='word_1_105' title='bbox 267 1567 319 1606; x_wconf 87' lang='lat' dir='ltr'>Et</span> <span class='ocrx_word' id='word_1_106' title='bbox 359 1569 548 1617; x_wconf 90' lang='lat' dir='ltr'>primum</span> <span class='ocrx_word' id='word_1_107' title='bbox 587 1570 658 1609; x_wconf 89' lang='lat' dir='ltr'>hic</span> <span class='ocrx_word' id='word_1_108' title='bbox 688 1571 883 1619; x_wconf 89' lang='lat' dir='ltr'>repetam</span> <span class='ocrx_word' id='word_1_109' title='bbox 915 1581 1024 1619; x_wconf 88' lang='lat' dir='ltr'>quae</span> <span class='ocrx_word' id='word_1_110' title='bbox 1057 1571 1110 1610; x_wconf 93' lang='lat' dir='ltr'>ad</span> <span class='ocrx_word' id='word_1_111' title='bbox 1141 1570 1247 1610; x_wconf 84' lang='lat' dir='ltr'>Eun.</span> <span class='ocrx_word' id='word_1_112' title='bbox 1281 1570 1364 1610; x_wconf 84' lang='lat'>941</span> <span class='ocrx_word' id='word_1_113' title='bbox 1399 1571 1443 1610; x_wconf 87' lang='lat' dir='ltr'>et</span> <span class='ocrx_word' id='word_1_114' title='bbox 1476 1569 1589 1609; x_wconf 86' lang='lat'>1004</span> <span class='ocrx_word' id='word_1_115' title='bbox 1620 1569 1836 1619; x_wconf 77' lang='lat' dir='ltr'>leguntur.</span> 
     </span>
     <span class='ocr_line' id='line_1_18' title="bbox 268 1635 1837 1695; baseline 0.003 -14"><span class='ocrx_word' id='word_1_116' title='bbox 268 1643 333 1682; x_wconf 94' lang='lat' dir='ltr'>Ad</span> <span class='ocrx_word' id='word_1_117' title='bbox 379 1644 510 1683; x_wconf 86' lang='lat' dir='ltr'>verba</span> <span class='ocrx_word' id='word_1_118' title='bbox 557 1655 657 1694; x_wconf 86' lang='lat' dir='ltr'>ergo</span> <span class='ocrx_word' id='word_1_119' title='bbox 703 1645 941 1695; x_wconf 86' lang='lat' dir='ltr'>Pythiadis‚</span> <span class='ocrx_word' id='word_1_120' title='bbox 990 1645 1144 1694; x_wconf 87' lang='lat' dir='ltr'>quibus</span> <span class='ocrx_word' id='word_1_121' title='bbox 1190 1635 1450 1686; x_wconf 64' lang='lat' dir='ltr'>Parmen&#39;oni</span> <span class='ocrx_word' id='word_1_122' title='bbox 1495 1655 1622 1685; x_wconf 86' lang='lat' dir='ltr'>servo</span> <span class='ocrx_word' id='word_1_123' title='bbox 1668 1645 1837 1685; x_wconf 80' lang='lat' dir='ltr'>certum</span> 
     </span>
     <span class='ocr_line' id='line_1_19' title="bbox 268 1719 733 1760; baseline 0.004 -3"><span class='ocrx_word' id='word_1_124' title='bbox 268 1719 496 1759; x_wconf 81' lang='lat' dir='ltr'>minitatur</span> <span class='ocrx_word' id='word_1_125' title='bbox 526 1721 733 1760; x_wconf 83' lang='lat' dir='ltr'>exitium:</span> 
     </span>
    </p>

    <p class='ocr_par' dir='ltr' id='par_1_6' title="bbox 507 1796 1596 1847">
     <span class='ocr_line' id='line_1_20' title="bbox 507 1796 1596 1847; baseline 0.001 -12"><span class='ocrx_word' id='word_1_126' title='bbox 507 1797 594 1845; x_wconf 91' lang='lat' dir='ltr'>Ego</span> <span class='ocrx_word' id='word_1_127' title='bbox 626 1797 695 1846; x_wconf 89' lang='lat' dir='ltr'>pol</span> <span class='ocrx_word' id='word_1_128' title='bbox 727 1798 770 1836; x_wconf 90' lang='lat' dir='ltr'>te</span> <span class='ocrx_word' id='word_1_129' title='bbox 802 1808 877 1846; x_wconf 92' lang='lat' dir='ltr'>pro</span> <span class='ocrx_word' id='word_1_130' title='bbox 910 1798 1008 1837; x_wconf 87' lang='lat' dir='ltr'>istis</span> <span class='ocrx_word' id='word_1_131' title='bbox 1041 1797 1167 1837; x_wconf 88' lang='lat' dir='ltr'>dictis</span> <span class='ocrx_word' id='word_1_132' title='bbox 1195 1798 1239 1837; x_wconf 89' lang='lat' dir='ltr'>et</span> <span class='ocrx_word' id='word_1_133' title='bbox 1268 1797 1409 1847; x_wconf 88' lang='lat' dir='ltr'>factis,</span> <span class='ocrx_word' id='word_1_134' title='bbox 1442 1796 1596 1847; x_wconf 88' lang='lat' dir='ltr'>scelus,</span> 
     </span>
    </p>

    <p class='ocr_par' dir='ltr' id='par_1_7' title="bbox 266 1872 1838 2530">
     <span class='ocr_line' id='line_1_21' title="bbox 505 1872 1494 1923; baseline 0 -11"><span class='ocrx_word' id='word_1_135' title='bbox 505 1872 711 1923; x_wconf 87' lang='lat' dir='ltr'>Ulciscar,</span> <span class='ocrx_word' id='word_1_136' title='bbox 745 1875 794 1912; x_wconf 90' lang='lat' dir='ltr'>ut</span> <span class='ocrx_word' id='word_1_137' title='bbox 826 1883 879 1912; x_wconf 93' lang='lat' dir='ltr'>ne</span> <span class='ocrx_word' id='word_1_138' title='bbox 912 1873 1088 1922; x_wconf 90' lang='lat' dir='ltr'>impune</span> <span class='ocrx_word' id='word_1_139' title='bbox 1120 1873 1164 1912; x_wconf 90' lang='lat' dir='ltr'>in</span> <span class='ocrx_word' id='word_1_140' title='bbox 1196 1883 1275 1912; x_wconf 91' lang='lat' dir='ltr'>nos</span> <span class='ocrx_word' id='word_1_141' title='bbox 1307 1872 1494 1912; x_wconf 88' lang='lat' dir='ltr'>illuseris</span> 
     </span>
     <span class='ocr_line' id='line_1_22' title="bbox 270 1948 1838 1999; baseline 0.002 -13"><span class='ocrx_word' id='word_1_142' title='bbox 270 1950 471 1987; x_wconf 90' lang='lat' dir='ltr'>annotat:</span> <span class='ocrx_word' id='word_1_143' title='bbox 519 1951 587 1998; x_wconf 83' lang='lat' dir='ltr'>„et</span> <span class='ocrx_word' id='word_1_144' title='bbox 630 1950 682 1988; x_wconf 89' lang='lat' dir='ltr'>ab</span> <span class='ocrx_word' id='word_1_145' title='bbox 725 1950 847 1989; x_wconf 87' lang='lat' dir='ltr'>initio</span> <span class='ocrx_word' id='word_1_146' title='bbox 888 1960 974 1988; x_wconf 91' lang='lat' dir='ltr'>non</span> <span class='ocrx_word' id='word_1_147' title='bbox 1014 1949 1209 1998; x_wconf 88' lang='lat' dir='ltr'>placatur</span> <span class='ocrx_word' id='word_1_148' title='bbox 1249 1949 1430 1999; x_wconf 84' lang='lat' dir='ltr'>Pythias</span> <span class='ocrx_word' id='word_1_149' title='bbox 1465 1959 1545 1989; x_wconf 88' lang='lat' dir='ltr'>nec</span> <span class='ocrx_word' id='word_1_150' title='bbox 1575 1949 1621 1989; x_wconf 92' lang='lat' dir='ltr'>in</span> <span class='ocrx_word' id='word_1_151' title='bbox 1649 1948 1838 1999; x_wconf 78' lang='lat' dir='ltr'>gratiam</span> 
     </span>
     <span class='ocr_line' id='line_1_23' title="bbox 271 2024 1838 2075; baseline 0.001 -12"><span class='ocrx_word' id='word_1_152' title='bbox 271 2024 380 2063; x_wconf 88' lang='lat' dir='ltr'>redit</span> <span class='ocrx_word' id='word_1_153' title='bbox 422 2024 650 2065; x_wconf 85' lang='lat' dir='ltr'>Chaereae.</span> <span class='ocrx_word' id='word_1_154' title='bbox 694 2025 748 2065; x_wconf 89' lang='lat' dir='ltr'>Et</span> <span class='ocrx_word' id='word_1_155' title='bbox 789 2026 963 2075; x_wconf 89' lang='lat' dir='ltr'>insuper</span> <span class='ocrx_word' id='word_1_156' title='bbox 1003 2036 1117 2064; x_wconf 90' lang='lat' dir='ltr'>nunc</span> <span class='ocrx_word' id='word_1_157' title='bbox 1147 2025 1257 2065; x_wconf 90' lang='lat' dir='ltr'>mire</span> <span class='ocrx_word' id='word_1_158' title='bbox 1289 2036 1314 2064; x_wconf 86' lang='lat' dir='ltr'>a</span> <span class='ocrx_word' id='word_1_159' title='bbox 1345 2026 1613 2065; x_wconf 84' lang='lat' dir='ltr'>Parmenone</span> <span class='ocrx_word' id='word_1_160' title='bbox 1643 2025 1838 2065; x_wconf 83' lang='lat' dir='ltr'>irritatur</span> 
     </span>
     <span class='ocr_line' id='line_1_24' title="bbox 269 2101 1837 2151; baseline 0.001 -13"><span class='ocrx_word' id='word_1_161' title='bbox 269 2101 422 2150; x_wconf 84' lang='lat' dir='ltr'>magis,</span> <span class='ocrx_word' id='word_1_162' title='bbox 452 2103 500 2140; x_wconf 89' lang='lat' dir='ltr'>ut</span> <span class='ocrx_word' id='word_1_163' title='bbox 526 2112 601 2150; x_wconf 87' lang='lat' dir='ltr'>per</span> <span class='ocrx_word' id='word_1_164' title='bbox 628 2112 725 2140; x_wconf 92' lang='lat' dir='ltr'>eam</span> <span class='ocrx_word' id='word_1_165' title='bbox 752 2101 964 2141; x_wconf 86' lang='lat' dir='ltr'>Parmeno</span> <span class='ocrx_word' id='word_1_166' title='bbox 990 2103 1215 2151; x_wconf 88' lang='lat' dir='ltr'>terreatur,</span> <span class='ocrx_word' id='word_1_167' title='bbox 1245 2102 1350 2142; x_wconf 91' lang='lat' dir='ltr'>adeo</span> <span class='ocrx_word' id='word_1_168' title='bbox 1366 2103 1415 2141; x_wconf 85' lang='lat' dir='ltr'>ut</span> <span class='ocrx_word' id='word_1_169' title='bbox 1431 2112 1506 2151; x_wconf 89' lang='lat' dir='ltr'>per</span> <span class='ocrx_word' id='word_1_170' title='bbox 1522 2101 1837 2141; x_wconf 84' lang='lat' dir='ltr'>Parmenonem</span> 
     </span>
     <span class='ocr_line' id='line_1_25' title="bbox 270 2176 1837 2227; baseline 0.002 -14"><span class='ocrx_word' id='word_1_171' title='bbox 270 2176 430 2224; x_wconf 85' lang='lat' dir='ltr'>ingredi</span> <span class='ocrx_word' id='word_1_172' title='bbox 479 2178 530 2215; x_wconf 92' lang='lat' dir='ltr'>ad</span> <span class='ocrx_word' id='word_1_173' title='bbox 578 2177 786 2216; x_wconf 89' lang='lat' dir='ltr'>Thaidem</span> <span class='ocrx_word' id='word_1_174' title='bbox 834 2179 1012 2226; x_wconf 87' lang='lat' dir='ltr'>cogatur</span> <span class='ocrx_word' id='word_1_175' title='bbox 1057 2187 1204 2227; x_wconf 87' lang='lat' dir='ltr'>senex,</span> <span class='ocrx_word' id='word_1_176' title='bbox 1253 2179 1297 2216; x_wconf 85' lang='lat' dir='ltr'>et</span> <span class='ocrx_word' id='word_1_177' title='bbox 1343 2178 1519 2216; x_wconf 91' lang='lat' dir='ltr'>demum</span> <span class='ocrx_word' id='word_1_178' title='bbox 1565 2186 1640 2226; x_wconf 89' lang='lat' dir='ltr'>per</span> <span class='ocrx_word' id='word_1_179' title='bbox 1684 2185 1837 2216; x_wconf 86' lang='lat' dir='ltr'>senem</span> 
     </span>
     <span class='ocr_line' id='line_1_26' title="bbox 267 2251 1838 2302; baseline 0.001 -12"><span class='ocrx_word' id='word_1_180' title='bbox 267 2253 441 2300; x_wconf 82' lang='lat' dir='ltr'>nuptiae</span> <span class='ocrx_word' id='word_1_181' title='bbox 484 2252 803 2292; x_wconf 87' lang='lat' dir='ltr'>confirmentur.</span> <span class='ocrx_word' id='word_1_182' title='bbox 843 2254 962 2292; x_wconf 90' lang='lat' dir='ltr'>Haec</span> <span class='ocrx_word' id='word_1_183' title='bbox 994 2263 1093 2302; x_wconf 89' lang='lat' dir='ltr'>ergo</span> <span class='ocrx_word' id='word_1_184' title='bbox 1126 2251 1363 2292; x_wconf 86' lang='lat' dir='ltr'>artificibus</span> <span class='ocrx_word' id='word_1_185' title='bbox 1394 2255 1438 2291; x_wconf 89' lang='lat' dir='ltr'>et</span> <span class='ocrx_word' id='word_1_186' title='bbox 1469 2252 1660 2302; x_wconf 89' lang='lat' dir='ltr'>eruditis,</span> <span class='ocrx_word' id='word_1_187' title='bbox 1693 2252 1838 2292; x_wconf 83' lang='lat' dir='ltr'>cetera</span> 
     </span>
     <span class='ocr_line' id='line_1_27' title="bbox 266 2328 1836 2378; baseline 0.002 -13"><span class='ocrx_word' id='word_1_188' title='bbox 266 2330 580 2376; x_wconf 80' lang='lat' dir='ltr'>spectatoribus</span> <span class='ocrx_word' id='word_1_189' title='bbox 621 2332 747 2378; x_wconf 82' lang='lat' dir='ltr'>poeta</span> <span class='ocrx_word' id='word_1_190' title='bbox 789 2330 1007 2368; x_wconf 82' lang='lat' dir='ltr'>exhibet.”</span> <span class='ocrx_word' id='word_1_191' title='bbox 1050 2329 1222 2368; x_wconf 82' lang='lat' dir='ltr'>Dixeris</span> <span class='ocrx_word' id='word_1_192' title='bbox 1266 2339 1292 2368; x_wconf 93' lang='lat' dir='ltr'>a</span> <span class='ocrx_word' id='word_1_193' title='bbox 1323 2329 1565 2368; x_wconf 84' lang='lat' dir='ltr'>Scholiasta</span> <span class='ocrx_word' id='word_1_194' title='bbox 1595 2328 1836 2378; x_wconf 85' lang='lat' dir='ltr'>inspectam</span> 
     </span>
     <span class='ocr_line' id='line_1_28' title="bbox 266 2403 1836 2456; baseline 0.001 -15"><span class='ocrx_word' id='word_1_195' title='bbox 266 2404 467 2451; x_wconf 77' lang='lat' dir='ltr'>paginam</span> <span class='ocrx_word' id='word_1_196' title='bbox 495 2406 853 2456; x_wconf 85' lang='lat' dir='ltr'>adversariorum,</span> <span class='ocrx_word' id='word_1_197' title='bbox 883 2406 927 2444; x_wconf 90' lang='lat' dir='ltr'>in</span> <span class='ocrx_word' id='word_1_198' title='bbox 950 2415 1034 2454; x_wconf 91' lang='lat' dir='ltr'>qua</span> <span class='ocrx_word' id='word_1_199' title='bbox 1050 2406 1189 2454; x_wconf 79' lang='lat' dir='ltr'>poeta,</span> <span class='ocrx_word' id='word_1_200' title='bbox 1208 2405 1464 2454; x_wconf 89' lang='lat' dir='ltr'>priusquam</span> <span class='ocrx_word' id='word_1_201' title='bbox 1480 2414 1634 2443; x_wconf 90' lang='lat' dir='ltr'>versus</span> <span class='ocrx_word' id='word_1_202' title='bbox 1650 2403 1836 2443; x_wconf 86' lang='lat' dir='ltr'>scribere</span> 
     </span>
     <span class='ocr_line' id='line_1_29' title="bbox 266 2479 1775 2530; baseline 0.002 -14"><span class='ocrx_word' id='word_1_203' title='bbox 266 2479 481 2530; x_wconf 81' lang='lat' dir='ltr'>inciperet,</span> <span class='ocrx_word' id='word_1_204' title='bbox 516 2482 651 2520; x_wconf 83' lang='lat' dir='ltr'>totius</span> <span class='ocrx_word' id='word_1_205' title='bbox 683 2483 806 2520; x_wconf 86' lang='lat' dir='ltr'>actus</span> <span class='ocrx_word' id='word_1_206' title='bbox 834 2482 1063 2520; x_wconf 90' lang='lat' dir='ltr'>decursum</span> <span class='ocrx_word' id='word_1_207' title='bbox 1095 2481 1244 2530; x_wconf 80' lang='lat' dir='ltr'>paucis</span> <span class='ocrx_word' id='word_1_208' title='bbox 1276 2480 1595 2529; x_wconf 84' lang='lat' dir='ltr'>consignaverit</span> <span class='ocrx_word' id='word_1_209' title='bbox 1623 2479 1775 2519; x_wconf 87' lang='lat' dir='ltr'>literis.</span> 
     </span>
    </p>

    <p class='ocr_par' dir='ltr' id='par_1_8' title="bbox 265 2550 1837 2833">
     <span class='ocr_line' id='line_1_30' title="bbox 325 2550 1837 2606; baseline 0.002 -14"><span class='ocrx_word' id='word_1_210' title='bbox 325 2555 401 2593; x_wconf 89' lang='lat' dir='ltr'>Ad.</span> <span class='ocrx_word' id='word_1_211' title='bbox 446 2567 508 2595; x_wconf 85' lang='lat' dir='ltr'>vs.</span> <span class='ocrx_word' id='word_1_212' title='bbox 558 2558 682 2606; x_wconf 75' lang='grc'>1004,</span> <span class='ocrx_word' id='word_1_213' title='bbox 727 2558 839 2596; x_wconf 90' lang='lat' dir='ltr'>unde</span> <span class='ocrx_word' id='word_1_214' title='bbox 883 2568 994 2596; x_wconf 85' lang='lat' dir='ltr'>nova</span> <span class='ocrx_word' id='word_1_215' title='bbox 1032 2557 1182 2606; x_wconf 90' lang='lat' dir='ltr'>incipit</span> <span class='ocrx_word' id='word_1_216' title='bbox 1213 2567 1344 2596; x_wconf 90' lang='lat' dir='ltr'>scena</span> <span class='ocrx_word' id='word_1_217' title='bbox 1376 2557 1420 2595; x_wconf 89' lang='lat' dir='ltr'>in</span> <span class='ocrx_word' id='word_1_218' title='bbox 1452 2567 1537 2605; x_wconf 89' lang='lat' dir='ltr'>qua</span> <span class='ocrx_word' id='word_1_219' title='bbox 1567 2556 1779 2595; x_wconf 91' lang='lat' dir='ltr'>Parmeno</span> <span class='ocrx_word' id='word_1_220' title='bbox 1810 2550 1837 2595; x_wconf 78' lang='lat' dir='ltr'>a</span> 
     </span>
     <span class='ocr_line' id='line_1_31' title="bbox 267 2613 1836 2682; baseline 0.002 -15"><span class='ocrx_word' id='word_1_221' title='bbox 267 2630 474 2677; x_wconf 83' lang='lat' dir='ltr'>Pythiade</span> <span class='ocrx_word' id='word_1_222' title='bbox 516 2633 697 2671; x_wconf 86' lang='lat' dir='ltr'>ludibrio</span> <span class='ocrx_word' id='word_1_223' title='bbox 741 2633 943 2671; x_wconf 88' lang='lat' dir='ltr'>habetur:</span> <span class='ocrx_word' id='word_1_224' title='bbox 993 2633 1199 2682; x_wconf 84' lang='lat' dir='ltr'>„Pythias</span> <span class='ocrx_word' id='word_1_225' title='bbox 1242 2632 1459 2681; x_wconf 87' lang='lat' dir='ltr'>egreditur</span> <span class='ocrx_word' id='word_1_226' title='bbox 1488 2631 1626 2670; x_wconf 86' lang='lat' dir='ltr'>veluti</span> <span class='ocrx_word' id='word_1_227' title='bbox 1658 2613 1836 2670; x_wconf 76' lang='lat' dir='ltr'>irrisura</span> 
     </span>
     <span class='ocr_line' id='line_1_32' title="bbox 266 2706 1836 2758; baseline 0.002 -15"><span class='ocrx_word' id='word_1_228' title='bbox 266 2706 590 2757; x_wconf 75' lang='lat' dir='ltr'>Parmenonem,</span> <span class='ocrx_word' id='word_1_229' title='bbox 626 2711 674 2747; x_wconf 86' lang='lat' dir='ltr'>ut</span> <span class='ocrx_word' id='word_1_230' title='bbox 706 2709 799 2757; x_wconf 87' lang='lat' dir='ltr'>ipsa</span> <span class='ocrx_word' id='word_1_231' title='bbox 831 2711 966 2757; x_wconf 88' lang='lat' dir='ltr'>putat.</span> <span class='ocrx_word' id='word_1_232' title='bbox 1002 2708 1154 2758; x_wconf 88' lang='lat' dir='ltr'>Egredi</span> <span class='ocrx_word' id='word_1_233' title='bbox 1187 2710 1336 2747; x_wconf 91' lang='lat' dir='ltr'>autem</span> <span class='ocrx_word' id='word_1_234' title='bbox 1368 2718 1393 2747; x_wconf 87' lang='lat' dir='ltr'>a</span> <span class='ocrx_word' id='word_1_235' title='bbox 1426 2709 1554 2757; x_wconf 80' lang='lat' dir='ltr'>poeta</span> <span class='ocrx_word' id='word_1_236' title='bbox 1581 2707 1758 2757; x_wconf 88' lang='lat' dir='ltr'>cogitur,</span> <span class='ocrx_word' id='word_1_237' title='bbox 1785 2708 1836 2746; x_wconf 87' lang='lat' dir='ltr'>ut</span> 
     </span>
     <span class='ocr_line' id='line_1_33' title="bbox 265 2766 1324 2833; baseline 0.004 -14"><span class='ocrx_word' id='word_1_238' title='bbox 265 2782 413 2820; x_wconf 80' lang='lat' dir='ltr'>doceat</span> <span class='ocrx_word' id='word_1_239' title='bbox 446 2766 662 2832; x_wconf 84' lang='lat' dir='ltr'>populum,</span> <span class='ocrx_word' id='word_1_240' title='bbox 697 2784 797 2832; x_wconf 81' lang='lat' dir='ltr'>quid</span> <span class='ocrx_word' id='word_1_241' title='bbox 830 2785 947 2823; x_wconf 87' lang='lat' dir='ltr'>intus</span> <span class='ocrx_word' id='word_1_242' title='bbox 980 2785 1117 2833; x_wconf 90' lang='lat' dir='ltr'>egerit</span> <span class='ocrx_word' id='word_1_243' title='bbox 1146 2785 1324 2823; x_wconf 82' lang='lat' dir='ltr'>senex.&#39;’</span> 
     </span>
    </p>

    <p class='ocr_par' dir='ltr' id='par_1_9' title="bbox 264 2846 1834 2984">
     <span class='ocr_line' id='line_1_34' title="bbox 325 2846 1834 2925; baseline 0.003 -32"><span class='ocrx_word' id='word_1_244' title='bbox 325 2857 452 2895; x_wconf 78' lang='lat' dir='ltr'>Andr.</span> <span class='ocrx_word' id='word_1_245' title='bbox 498 2846 596 2925; x_wconf 60' lang='lat'>6037.</span> <span class='ocrx_word' id='word_1_246' title='bbox 631 2859 894 2907; x_wconf 85' lang='lat' dir='ltr'>Pamphilus,</span> <span class='ocrx_word' id='word_1_247' title='bbox 931 2860 1001 2898; x_wconf 88' lang='lat' dir='ltr'>ubi</span> <span class='ocrx_word' id='word_1_248' title='bbox 1033 2860 1125 2898; x_wconf 89' lang='lat' dir='ltr'>suis</span> <span class='ocrx_word' id='word_1_249' title='bbox 1161 2859 1335 2898; x_wconf 88' lang='lat' dir='ltr'>auribus</span> <span class='ocrx_word' id='word_1_250' title='bbox 1367 2859 1533 2898; x_wconf 90' lang='lat' dir='ltr'>audivit</span> <span class='ocrx_word' id='word_1_251' title='bbox 1564 2869 1611 2897; x_wconf 89' lang='lat' dir='ltr'>se</span> <span class='ocrx_word' id='word_1_252' title='bbox 1642 2858 1751 2898; x_wconf 87' lang='lat' dir='ltr'>Davi</span> <span class='ocrx_word' id='word_1_253' title='bbox 1782 2858 1834 2898; x_wconf 95' lang='lat' dir='ltr'>de</span> 
     </span>
     <span class='ocr_line' id='line_1_35' title="bbox 264 2931 1834 2984; baseline 0.004 -16"><span class='ocrx_word' id='word_1_254' title='bbox 264 2931 518 2970; x_wconf 71' lang='lat' dir='ltr'>simulandis</span> <span class='ocrx_word' id='word_1_255' title='bbox 562 2934 722 2982; x_wconf 82' lang='lat' dir='ltr'>nuptiis</span> <span class='ocrx_word' id='word_1_256' title='bbox 765 2935 941 2973; x_wconf 79' lang='lat' dir='ltr'>consilio</span> <span class='ocrx_word' id='word_1_257' title='bbox 985 2935 1037 2972; x_wconf 86' lang='lat' dir='ltr'>ad</span> <span class='ocrx_word' id='word_1_258' title='bbox 1083 2945 1212 2975; x_wconf 84' lang='lat' dir='ltr'>veras</span> <span class='ocrx_word' id='word_1_259' title='bbox 1255 2934 1428 2984; x_wconf 87' lang='lat' dir='ltr'>nuptias</span> <span class='ocrx_word' id='word_1_260' title='bbox 1470 2934 1531 2973; x_wconf 90' lang='lat' dir='ltr'>ita</span> <span class='ocrx_word' id='word_1_261' title='bbox 1562 2934 1834 2984; x_wconf 84' lang='lat' dir='ltr'>compulsum</span> 
     </span>
    </p>
   </div>
   <div class='ocr_carea' id='block_1_5' title="bbox 2002 2100 2034 3334">
    <p class='ocr_par' dir='ltr' id='par_1_10' title="bbox 2002 2100 2034 3334">
     <span class='ocr_line' id='line_1_36' title="bbox 2002 2100 2034 3334; baseline 0 0"><span class='ocrx_word' id='word_1_262' title='bbox 2002 2100 2034 3334; x_wconf 95' lang='lat' dir='ltr'> </span> 
     </span>
    </p>
   </div>
  </div>
 </body>
</html>
