2034 3334
985 259 1068 301 115

203 386 271 436 (ut
318 396 429 426 novo
475 384 517 424 et
564 380 826 424 subridicule
872 384 970 423 utar
1014 380 1241 433 vocabulo)
1283 381 1477 423 coloribus
1520 381 1792 425 adnumerari

203 454 336 509 possit
375 466 512 509 neque
554 466 633 510 ego
676 452 824 495 dubito
856 465 991 508 neque
1023 451 1240 494 dubitavit
1271 451 1506 510 Bentleyus
1537 451 1648 506 (Ter.
1680 452 1791 495 Eun.

205 522 277 575 IV,
311 523 352 575 4,
371 523 461 575 22).

269 665 356 709 520
373 680 461 722 sqq.
495 664 632 709 Verba
664 669 764 709 sunt
797 665 962 710 Cereris
993 666 1043 709 de
1075 666 1163 709 filia
1193 669 1316 723 rapta
1347 669 1564 724 querentis
1595 667 1712 712 Iovi:

934 736 1061 789 Quod>
1084 741 1228 794 rapta,
1260 737 1472 789 feremus,

387 806 632 850 Dummodo
665 806 812 850 reddat
843 820 960 850 eam:
994 821 1130 863 neque
1161 809 1278 850 enim
1307 812 1475 865 raptore
1505 810 1661 852 marito

387 877 499 920 Filia
530 877 660 935 digna
691 880 765 920 tua
797 882 883 930 est,
916 880 953 920 si
983 879 1070 921 iam
1103 893 1198 921 mea
1229 878 1317 921 filia
1347 893 1430 922 non
1463 883 1539 922 est.

207 948 372 991 Ultima
411 950 457 991 in
494 948 710 991 codicibus
751 949 971 1000 omnibus,
1016 951 1100 991 nisi
1141 950 1254 1005 quod
1296 951 1343 992 in
1388 967 1407 993 ε
1449 951 1520 992 sed
1559 951 1652 1002 iam,
1686 950 1798 1007 quod

206 1019 333 1062 nihili
365 1023 449 1071 est,
482 1019 646 1077 legitur
677 1034 751 1076 pro
782 1020 819 1061 si
850 1020 944 1072 iam,
979 1021 1038 1063 sic
1071 1021 1242 1063 habent.
1276 1021 1417 1077 Atque
1444 1023 1503 1064 sic
1530 1035 1643 1064 nunc
1669 1021 1798 1064 edun-

206 1094 291 1133 tur.
318 1090 543 1147 Duplicem
566 1094 711 1133 autem
727 1090 963 1133 admittunt
978 1092 1387 1147 interpretationem.
1418 1091 1666 1149 significare
1683 1093 1797 1135 enim

206 1164 385 1218 possunt
429 1164 527 1204 aut:
578 1162 644 1213 „si
685 1161 937 1218 Proserpina
976 1163 1064 1205 iam
1107 1162 1232 1205 desiit
1273 1176 1362 1205 esse
1394 1161 1483 1205 filia
1513 1162 1653 1214 mea’',
1686 1162 1799 1218 quod

207 1246 361 1289 parum
403 1236 554 1289 aptum
594 1231 808 1288 loquenti,
852 1237 948 1284 aut,
992 1232 1036 1274 id
1078 1233 1190 1288 quod
1223 1232 1406 1276 editores
1439 1232 1551 1276 velle
1583 1234 1796 1289 suspicor:

213 1304 277 1354 „si
308 1317 403 1346 mea
434 1302 521 1345 filia
550 1305 639 1345 iam
670 1317 752 1346 non
786 1306 850 1346 est
882 1303 1012 1360 digna
1038 1294 1249 1359 praedone
1272 1306 1427 1346 marito
1454 1308 1628 1360 (quanto
1654 1306 1799 1347 minus

210 1373 347 1427 tua)’'.
388 1373 548 1416 Verum
589 1388 641 1416 ne
680 1373 725 1416 id
766 1373 936 1430 quidem
982 1372 1179 1417 Cererem
1212 1374 1353 1426 decet,
1387 1388 1494 1431 quae
1524 1375 1594 1417 hic
1625 1375 1744 1418 nobis
1776 1389 1800 1418 a

209 1448 333 1501 poeta
365 1444 625 1501 depingitur.
659 1442 997 1496 Contumeliam,
1032 1458 1114 1500 qua
1145 1444 1291 1487 affecta
1322 1449 1406 1496 est,
1440 1447 1633 1502 graviter
1664 1446 1800 1488 ferens

209 1516 443 1559 demissum
478 1515 655 1558 simulat
688 1517 903 1567 animum;
933 1518 1150 1559 contemni
1178 1517 1419 1573 despicique
1447 1531 1490 1560 se
1518 1516 1698 1567 clamat,
1727 1516 1800 1559 sed

211 1586 343 1630 simul
384 1601 427 1629 se
469 1600 564 1629 eam
596 1601 686 1629 esse
717 1586 867 1643 fingit,
901 1600 1008 1643 quae
1039 1588 1215 1643 impune
1248 1587 1360 1630 laedi
1391 1589 1547 1643 possit3
1582 1587 1667 1630 alia
1699 1601 1800 1644 ergo

209 1657 328 1701 affert
353 1662 608 1715 argumenta
634 1672 709 1701 cur
733 1657 907 1700 reddere
934 1658 1133 1714 praedam
1159 1672 1282 1700 suam
1310 1663 1454 1714 raptor
1480 1661 1536 1701 sit
1562 1658 1799 1715 cogendus:

850 1727 897 1770 Si
927 1727 1048 1771 nulla
1080 1733 1144 1771 est
1175 1730 1315 1785 gratia
1347 1731 1518 1781 matris,

392 1799 502 1842 Nata
532 1802 695 1855 patrem
730 1803 923 1851 moveat,
957 1813 1041 1842 neu
1073 1801 1129 1842 sit
1161 1800 1241 1842 tibi
1273 1813 1397 1851 cura,
1430 1814 1669 1856 precamur,

394 1868 530 1912 Vilior
560 1869 702 1922 illius,
736 1870 849 1926 quod
879 1875 1023 1913 nostro
1056 1874 1120 1913 est
1152 1870 1265 1913 edita
1297 1874 1437 1927 partu.

211 1939 433 1984 Praeclara
464 1940 566 1982 haec
598 1944 698 1982 sunt
729 1942 986 1997 egregieque
1017 1944 1206 1983 mentem
1238 1942 1427 1983 referunt
1458 1941 1716 1992 humanam,
1749 1941 1802 1983 ad

214 2025 343 2067 quam
394 2011 728 2067 cognoscendam
775 2012 907 2054 etiam
950 2012 1090 2054 Porcii
1131 2011 1327 2054 Latronis
1370 2013 1605 2067 praeceptis
1649 2011 1801 2054 adduci

213 2085 338 2138 poeta
378 2085 520 2124 noster
560 2083 714 2138 potuit.
762 2081 903 2123 Nimis
944 2095 1045 2138 ergo
1087 2084 1324 2138 arrogantis
1367 2086 1431 2125 est
1463 2084 1499 2124 si
1531 2080 1657 2125 Ceres
1689 2096 1802 2124 nunc

213 2156 436 2208 tamquam
478 2166 569 2194 rem
612 2153 897 2194 certissimam
937 2152 1019 2194 hoc
1060 2154 1208 2203 sumit,
1253 2153 1365 2208 quod
1408 2166 1484 2195 sua
1514 2152 1602 2195 filia
1635 2156 1802 2208 raptore

213 2224 368 2266 marito
395 2222 524 2278 digna
550 2237 633 2265 non
659 2226 723 2265 est
749 2226 876 2278 atque
901 2223 980 2265 1100
1007 2226 1261 2279 argument-o
1289 2237 1366 2265 usa
1385 2222 1647 2265 demonstrat
1662 2222 1802 2265 multo

215 2295 359 2336 minus
384 2293 499 2336 Iovis
523 2292 655 2335 filiam
684 2293 860 2350 dignam
888 2307 990 2336 esse.
1021 2293 1194 2336 Accedit
1221 2294 1299 2336 1100
1325 2293 1438 2349 quod
1462 2295 1537 2335 vix
1564 2293 1802 2350 significare

214 2378 335 2420 posse
378 2365 695 2406 coniunctiones
733 2364 771 2405 si
808 2363 888 2405 iam
919 2363 1120 2406 vident-ur
1150 2363 1311 2419 aliquid
1342 2363 1455 2419 quod
1487 2377 1511 2406 a
1543 2363 1727 2420 quoniam
1760 2367 1804 2406 et

217 2435 532 2491 quandoquidem
574 2449 656 2477 non
697 2433 824 2490 longe
867 2434 1019 2485 distat3
1065 2439 1108 2477 at
1149 2438 1263 2477 certo
1306 2436 1461 2476 certius
1505 2438 1569 2477 est
1609 2448 1678 2477 eas
1719 2448 1803 2477 non

215 2505 355 2548 solum
383 2504 623 2561 significare
650 2519 771 2560 posse
798 2504 869 2547 sed
897 2506 1026 2547 etiam
1054 2509 1224 2547 tantum
1251 2519 1334 2547 non
1358 2519 1524 2561 semper
1540 2504 1801 2561 significare:

219 2579 296 2628 „ut
327 2575 595 2618 concedam’'.
628 2575 744 2632 Ergo
776 2589 859 2617 non
890 2575 1038 2618 dubito
1071 2577 1175 2631 quin
1207 2574 1386 2618 Ovidius
1417 2577 1655 2632 scripserit:

821 2644 867 2687 Si
897 2646 985 2687 iam
1017 2658 1113 2687 mea
1144 2644 1231 2687 filia
1262 2645 1392 2701 digna
1423 2649 1501 2688 est.

222 2715 325 2768 Quis
367 2717 533 2772 primus
575 2715 682 2757 hanc
714 2717 1002 2757 coniecturam
1033 2715 1260 2772 protulerit
1291 2718 1454 2767 nescio,
1487 2715 1560 2758 sed
1591 2720 1806 2772 praestan-

217 2787 432 2829 tissimam
463 2799 557 2828 eam
589 2799 679 2828 esse
711 2785 820 2827 mihi
851 2799 928 2841 pro
961 2789 1072 2828 certo
1105 2789 1280 2828 constat.

281 2928 370 2970 540
397 2942 457 2984 sq.
506 2928 701 2985 Orphne,
749 2927 941 2984 nympha
989 2927 1212 2971 Avernalis
1285 2942 1467 2983 puerum
1515 2928 1804 2984 Ascalaphum

221 2998 379 3041 dicitur
