<?xml version="1.0" encoding="UTF-8"?>
<!DOCTYPE html PUBLIC "-//W3C//DTD XHTML 1.0 Transitional//EN"
    "http://www.w3.org/TR/xhtml1/DTD/xhtml1-transitional.dtd">
<html xmlns="http://www.w3.org/1999/xhtml" xml:lang="en" lang="en">
 <head>
  <title>
</title>
<meta http-equiv="Content-Type" content="text/html;charset=utf-8" />
  <meta name='ocr-system' content='tesseract 3.04.00' />
  <meta name='ocr-capabilities' content='ocr_page ocr_carea ocr_par ocr_line ocrx_word'/>
</head>
<body>
  <div class='ocr_page' id='page_1' title='image "./dehoratiopota00hartuoft_0516.png"; bbox 0 0 2034 3334; ppageno 0'>
   <div class='ocr_carea' id='block_1_1' title="bbox 1024 364 1107 406">
    <p class='ocr_par' dir='ltr' id='par_1_1' title="bbox 1024 364 1107 406">
     <span class='ocr_line' id='line_1_1' title="bbox 1024 364 1107 406; baseline 0.012 -1"><span class='ocrx_word' id='word_1_1' title='bbox 1024 364 1107 406; x_wconf 82' lang='lat'>132</span> 
     </span>
    </p>
   </div>
   <div class='ocr_carea' id='block_1_2' title="bbox 1806 0 2034 568">
    <p class='ocr_par' dir='ltr' id='par_1_2' title="bbox 1806 0 2034 568">
     <span class='ocr_line' id='line_1_2' title="bbox 1806 0 2034 568; baseline 0 0"><span class='ocrx_word' id='word_1_2' title='bbox 1806 0 2034 568; x_wconf 95' lang='lat' dir='ltr'>  </span> 
     </span>
    </p>
   </div>
   <div class='ocr_carea' id='block_1_3' title="bbox 267 490 1887 2143">
    <p class='ocr_par' dir='ltr' id='par_1_3' title="bbox 337 490 1848 761">
     <span class='ocr_line' id='line_1_3' title="bbox 337 490 1848 542; baseline 0.001 -11"><span class='ocrx_word' id='word_1_3' title='bbox 337 492 368 542; x_wconf 88' lang='grc' dir='ltr'>Ι,</span> <span class='ocrx_word' id='word_1_4' title='bbox 389 491 428 541; x_wconf 82' lang='lat'>2,</span> <span class='ocrx_word' id='word_1_5' title='bbox 449 491 487 531; x_wconf 84' lang='lat'>2.</span> <span class='ocrx_word' id='word_1_6' title='bbox 516 491 566 530; x_wconf 91' lang='lat' dir='ltr'>In</span> <span class='ocrx_word' id='word_1_7' title='bbox 591 501 723 531; x_wconf 83' lang='lat' dir='ltr'>scena</span> <span class='ocrx_word' id='word_1_8' title='bbox 743 490 862 531; x_wconf 91' lang='lat' dir='ltr'>solus</span> <span class='ocrx_word' id='word_1_9' title='bbox 879 491 1078 531; x_wconf 77' lang='lat' dir='ltr'>remanet</span> <span class='ocrx_word' id='word_1_10' title='bbox 1093 501 1229 531; x_wconf 82' lang='lat' dir='ltr'>senex</span> <span class='ocrx_word' id='word_1_11' title='bbox 1246 492 1375 540; x_wconf 88' lang='lat' dir='ltr'>atque</span> <span class='ocrx_word' id='word_1_12' title='bbox 1391 491 1454 532; x_wconf 81' lang='lat' dir='ltr'>ita</span> <span class='ocrx_word' id='word_1_13' title='bbox 1468 501 1619 532; x_wconf 88' lang='lat' dir='ltr'>secum</span> <span class='ocrx_word' id='word_1_14' title='bbox 1635 490 1848 542; x_wconf 79' lang='lat' dir='ltr'>loquitur:</span> 
     </span>
     <span class='ocr_line' id='line_1_4' title="bbox 542 566 1604 617; baseline 0.001 -10"><span class='ocrx_word' id='word_1_15' title='bbox 542 568 637 607; x_wconf 91' lang='lat' dir='ltr'>Non</span> <span class='ocrx_word' id='word_1_16' title='bbox 669 567 848 607; x_wconf 89' lang='lat' dir='ltr'>dubium</span> <span class='ocrx_word' id='word_1_17' title='bbox 880 568 948 607; x_wconf 91' lang='lat' dir='ltr'>est</span> <span class='ocrx_word' id='word_1_18' title='bbox 979 567 1083 617; x_wconf 85' lang='lat' dir='ltr'>quin</span> <span class='ocrx_word' id='word_1_19' title='bbox 1113 578 1296 607; x_wconf 84' lang='lat' dir='ltr'>uxorem</span> <span class='ocrx_word' id='word_1_20' title='bbox 1328 567 1437 608; x_wconf 90' lang='lat' dir='ltr'>nolit</span> <span class='ocrx_word' id='word_1_21' title='bbox 1465 566 1604 608; x_wconf 82' lang='lat' dir='ltr'>filius:</span> 
     </span>
     <span class='ocr_line' id='line_1_5' title="bbox 544 643 1635 694; baseline 0.002 -12"><span class='ocrx_word' id='word_1_22' title='bbox 544 643 611 683; x_wconf 88' lang='lat' dir='ltr'>Ita</span> <span class='ocrx_word' id='word_1_23' title='bbox 642 643 813 683; x_wconf 90' lang='lat' dir='ltr'>Davum</span> <span class='ocrx_word' id='word_1_24' title='bbox 844 643 972 682; x_wconf 90' lang='lat' dir='ltr'>modo</span> <span class='ocrx_word' id='word_1_25' title='bbox 1005 643 1160 683; x_wconf 88' lang='lat' dir='ltr'>timere</span> <span class='ocrx_word' id='word_1_26' title='bbox 1192 643 1322 694; x_wconf 88' lang='lat' dir='ltr'>sensi,</span> <span class='ocrx_word' id='word_1_27' title='bbox 1356 644 1429 683; x_wconf 92' lang='lat' dir='ltr'>ubi</span> <span class='ocrx_word' id='word_1_28' title='bbox 1460 644 1635 694; x_wconf 78' lang='lat' dir='ltr'><strong>nuptias</strong></span> 
     </span>
     <span class='ocr_line' id='line_1_6' title="bbox 544 718 1138 761; baseline 0.005 -3"><span class='ocrx_word' id='word_1_29' title='bbox 544 719 731 759; x_wconf 77' lang='lat' dir='ltr'>Futuras</span> <span class='ocrx_word' id='word_1_30' title='bbox 763 729 860 759; x_wconf 89' lang='lat' dir='ltr'>esse</span> <span class='ocrx_word' id='word_1_31' title='bbox 890 718 1012 758; x_wconf 86' lang='lat' dir='ltr'>vidit.</span> <span class='ocrx_word' id='word_1_32' title='bbox 1135 759 1138 761; x_wconf 74' lang='grc'><strong>,</strong></span> 
     </span>
    </p>

    <p class='ocr_par' dir='ltr' id='par_1_4' title="bbox 272 795 1887 1229">
     <span class='ocr_line' id='line_1_7' title="bbox 334 795 1848 847; baseline 0.001 -11"><span class='ocrx_word' id='word_1_33' title='bbox 334 796 401 837; x_wconf 87' lang='lat' dir='ltr'>Ad</span> <span class='ocrx_word' id='word_1_34' title='bbox 442 796 524 835; x_wconf 88' lang='lat' dir='ltr'>ita</span> <span class='ocrx_word' id='word_1_35' title='bbox 564 795 723 835; x_wconf 91' lang='lat' dir='ltr'>modo</span> <span class='ocrx_word' id='word_1_36' title='bbox 761 796 1018 835; x_wconf 89' lang='lat' dir='ltr'>annotatum</span> <span class='ocrx_word' id='word_1_37' title='bbox 1050 795 1321 836; x_wconf 83' lang='lat' dir='ltr'>invenimus:</span> <span class='ocrx_word' id='word_1_38' title='bbox 1358 797 1705 847; x_wconf 80' lang='lat' dir='ltr'>„Argumentum</span> <span class='ocrx_word' id='word_1_39' title='bbox 1734 796 1848 847; x_wconf 85' lang='lat' dir='ltr'>quod</span> 
     </span>
     <span class='ocr_line' id='line_1_8' title="bbox 274 871 1849 923; baseline 0.002 -11"><span class='ocrx_word' id='word_1_40' title='bbox 274 883 405 922; x_wconf 90' lang='lat' dir='ltr'>supra</span> <span class='ocrx_word' id='word_1_41' title='bbox 450 872 503 911; x_wconf 90' lang='lat' dir='ltr'>ab</span> <span class='ocrx_word' id='word_1_42' title='bbox 545 882 595 911; x_wconf 90' lang='lat' dir='ltr'>eo</span> <span class='ocrx_word' id='word_1_43' title='bbox 642 872 754 921; x_wconf 89' lang='lat' dir='ltr'>quod</span> <span class='ocrx_word' id='word_1_44' title='bbox 795 871 932 911; x_wconf 79' lang='lat' dir='ltr'>nostri</span> <span class='ocrx_word' id='word_1_45' title='bbox 974 871 1182 911; x_wconf 84' lang='lat' dir='ltr'>faciunt.’&#39;</span> <span class='ocrx_word' id='word_1_46' title='bbox 1215 871 1425 922; x_wconf 89' lang='lat' dir='ltr'>Corrupta</span> <span class='ocrx_word' id='word_1_47' title='bbox 1455 873 1583 922; x_wconf 89' lang='lat' dir='ltr'>haec;</span> <span class='ocrx_word' id='word_1_48' title='bbox 1616 873 1849 923; x_wconf 82' lang='lat' dir='ltr'>requiritur</span> 
     </span>
     <span class='ocr_line' id='line_1_9' title="bbox 273 948 1848 1001; baseline 0.001 -13"><span class='ocrx_word' id='word_1_49' title='bbox 273 950 384 989; x_wconf 88' lang='lat' dir='ltr'>fere:</span> <span class='ocrx_word' id='word_1_50' title='bbox 422 950 756 999; x_wconf 81' lang='lat' dir='ltr'>„argumentum</span> <span class='ocrx_word' id='word_1_51' title='bbox 788 948 1007 987; x_wconf 87' lang='lat' dir='ltr'>sumimus</span> <span class='ocrx_word' id='word_1_52' title='bbox 1038 948 1091 987; x_wconf 92' lang='lat' dir='ltr'>ab</span> <span class='ocrx_word' id='word_1_53' title='bbox 1123 958 1173 987; x_wconf 91' lang='lat' dir='ltr'>eo</span> <span class='ocrx_word' id='word_1_54' title='bbox 1204 949 1317 997; x_wconf 90' lang='lat' dir='ltr'>quod</span> <span class='ocrx_word' id='word_1_55' title='bbox 1348 948 1497 989; x_wconf 89' lang='lat' dir='ltr'>hostes</span> <span class='ocrx_word' id='word_1_56' title='bbox 1527 949 1736 1001; x_wconf 85' lang='lat' dir='ltr'>faciunt,”</span> <span class='ocrx_word' id='word_1_57' title='bbox 1765 949 1848 990; x_wconf 83' lang='lat' dir='ltr'>hoc</span> 
     </span>
     <span class='ocr_line' id='line_1_10' title="bbox 272 1024 1887 1077; baseline 0.001 -11"><span class='ocrx_word' id='word_1_58' title='bbox 272 1037 427 1066; x_wconf 90' lang='lat' dir='ltr'>sensu:</span> <span class='ocrx_word' id='word_1_59' title='bbox 465 1026 535 1076; x_wconf 86' lang='lat' dir='ltr'>„in</span> <span class='ocrx_word' id='word_1_60' title='bbox 567 1026 685 1066; x_wconf 87' lang='lat' dir='ltr'>omni</span> <span class='ocrx_word' id='word_1_61' title='bbox 718 1025 955 1065; x_wconf 85' lang='lat' dir='ltr'>certamine</span> <span class='ocrx_word' id='word_1_62' title='bbox 987 1025 1102 1064; x_wconf 90' lang='lat' dir='ltr'>idem</span> <span class='ocrx_word' id='word_1_63' title='bbox 1133 1024 1227 1064; x_wconf 88' lang='lat' dir='ltr'>fieri</span> <span class='ocrx_word' id='word_1_64' title='bbox 1258 1026 1371 1065; x_wconf 90' lang='lat' dir='ltr'>solet</span> <span class='ocrx_word' id='word_1_65' title='bbox 1402 1026 1514 1075; x_wconf 90' lang='lat' dir='ltr'>quod</span> <span class='ocrx_word' id='word_1_66' title='bbox 1546 1027 1591 1066; x_wconf 91' lang='lat' dir='ltr'>in</span> <span class='ocrx_word' id='word_1_67' title='bbox 1620 1026 1747 1077; x_wconf 90' lang='lat' dir='ltr'>bello,</span> <span class='ocrx_word' id='word_1_68' title='bbox 1773 1027 1848 1069; x_wconf 86' lang='lat' dir='ltr'>ubi</span> <span class='ocrx_word' id='word_1_69' title='bbox 1883 1048 1887 1052; x_wconf 83' lang='lat'><em>·</em></span> 
     </span>
     <span class='ocr_line' id='line_1_11' title="bbox 273 1090 1847 1152; baseline 0.001 -10"><span class='ocrx_word' id='word_1_70' title='bbox 273 1090 500 1152; x_wconf 79' lang='lat' dir='ltr'>diligenter</span> <span class='ocrx_word' id='word_1_71' title='bbox 546 1102 821 1152; x_wconf 82' lang='lat' dir='ltr'>speculamur</span> <span class='ocrx_word' id='word_1_72' title='bbox 867 1101 1072 1150; x_wconf 88' lang='lat' dir='ltr'>quidquid</span> <span class='ocrx_word' id='word_1_73' title='bbox 1113 1101 1278 1141; x_wconf 88' lang='lat' dir='ltr'>faciunt</span> <span class='ocrx_word' id='word_1_74' title='bbox 1318 1101 1479 1152; x_wconf 88' lang='lat' dir='ltr'>hostes,</span> <span class='ocrx_word' id='word_1_75' title='bbox 1512 1103 1563 1142; x_wconf 91' lang='lat' dir='ltr'>ut</span> <span class='ocrx_word' id='word_1_76' title='bbox 1593 1102 1691 1142; x_wconf 85' lang='lat' dir='ltr'>inde</span> <span class='ocrx_word' id='word_1_77' title='bbox 1722 1102 1847 1144; x_wconf 84' lang='lat' dir='ltr'>effici·</span> 
     </span>
     <span class='ocr_line' id='line_1_12' title="bbox 273 1178 1845 1229; baseline 0.001 -10"><span class='ocrx_word' id='word_1_78' title='bbox 273 1191 399 1220; x_wconf 89' lang='lat' dir='ltr'>amus</span> <span class='ocrx_word' id='word_1_79' title='bbox 425 1180 499 1229; x_wconf 88' lang='lat' dir='ltr'>qui</span> <span class='ocrx_word' id='word_1_80' title='bbox 525 1180 584 1219; x_wconf 89' lang='lat' dir='ltr'>sit</span> <span class='ocrx_word' id='word_1_81' title='bbox 610 1189 816 1229; x_wconf 86' lang='lat' dir='ltr'>praesens</span> <span class='ocrx_word' id='word_1_82' title='bbox 842 1189 988 1218; x_wconf 90' lang='lat' dir='ltr'>rerum</span> <span class='ocrx_word' id='word_1_83' title='bbox 1015 1179 1158 1217; x_wconf 88' lang='lat' dir='ltr'>status</span> <span class='ocrx_word' id='word_1_84' title='bbox 1185 1178 1371 1227; x_wconf 82' lang='lat' dir='ltr'>quidque</span> <span class='ocrx_word' id='word_1_85' title='bbox 1397 1178 1520 1218; x_wconf 89' lang='lat' dir='ltr'>nobis</span> <span class='ocrx_word' id='word_1_86' title='bbox 1541 1179 1601 1218; x_wconf 91' lang='lat' dir='ltr'>sit</span> <span class='ocrx_word' id='word_1_87' title='bbox 1616 1179 1845 1229; x_wconf 85' lang='lat' dir='ltr'>agendum.</span> 
     </span>
    </p>

    <p class='ocr_par' dir='ltr' id='par_1_5' title="bbox 267 1254 1846 1982">
     <span class='ocr_line' id='line_1_13' title="bbox 333 1254 1716 1304; baseline -0.001 -8"><span class='ocrx_word' id='word_1_88' title='bbox 333 1257 373 1296; x_wconf 88' lang='lat'>4.</span> <span class='ocrx_word' id='word_1_89' title='bbox 511 1256 616 1295; x_wconf 91' lang='lat' dir='ltr'>Heri</span> <span class='ocrx_word' id='word_1_90' title='bbox 648 1266 820 1304; x_wconf 86' lang='lat' dir='ltr'>semper</span> <span class='ocrx_word' id='word_1_91' title='bbox 851 1255 1009 1294; x_wconf 88' lang='lat' dir='ltr'>lenitas</span> <span class='ocrx_word' id='word_1_92' title='bbox 1042 1254 1221 1294; x_wconf 89' lang='lat' dir='ltr'>verebar</span> <span class='ocrx_word' id='word_1_93' title='bbox 1252 1265 1460 1304; x_wconf 91' lang='lat' dir='ltr'>quorsum</span> <span class='ocrx_word' id='word_1_94' title='bbox 1491 1255 1716 1304; x_wconf 83' lang='lat' dir='ltr'>evaderet;</span> 
     </span>
     <span class='ocr_line' id='line_1_14' title="bbox 271 1330 1845 1381; baseline 0.001 -9"><span class='ocrx_word' id='word_1_95' title='bbox 271 1332 418 1372; x_wconf 91' lang='lat' dir='ltr'>Davus</span> <span class='ocrx_word' id='word_1_96' title='bbox 449 1333 522 1372; x_wconf 89' lang='lat' dir='ltr'>ait.</span> <span class='ocrx_word' id='word_1_97' title='bbox 556 1333 824 1372; x_wconf 89' lang='lat' dir='ltr'>Annotatur:</span> <span class='ocrx_word' id='word_1_98' title='bbox 859 1331 1087 1380; x_wconf 86' lang='lat' dir='ltr'>Semper</span> <span class='ocrx_word' id='word_1_99' title='bbox 1117 1330 1359 1377; x_wconf 90' lang='lat' dir='ltr'>lenitas]</span> <span class='ocrx_word' id='word_1_100' title='bbox 1398 1341 1475 1381; x_wconf 86' lang='lat' dir='ltr'>„ac</span> <span class='ocrx_word' id='word_1_101' title='bbox 1505 1341 1581 1380; x_wconf 92' lang='lat' dir='ltr'>per</span> <span class='ocrx_word' id='word_1_102' title='bbox 1606 1331 1688 1372; x_wconf 85' lang='lat' dir='ltr'>hoc</span> <span class='ocrx_word' id='word_1_103' title='bbox 1713 1331 1845 1373; x_wconf 89' lang='lat' dir='ltr'>simu-</span> 
     </span>
     <span class='ocr_line' id='line_1_15' title="bbox 270 1407 1844 1458; baseline 0.001 -10"><span class='ocrx_word' id='word_1_104' title='bbox 270 1409 360 1449; x_wconf 90' lang='lat' dir='ltr'>lata</span> <span class='ocrx_word' id='word_1_105' title='bbox 391 1419 527 1458; x_wconf 90' lang='lat' dir='ltr'>usque</span> <span class='ocrx_word' id='word_1_106' title='bbox 559 1419 673 1448; x_wconf 91' lang='lat' dir='ltr'>nunc</span> <span class='ocrx_word' id='word_1_107' title='bbox 703 1408 905 1447; x_wconf 82' lang='lat' dir='ltr'>lenitaS.&#39;’</span> <span class='ocrx_word' id='word_1_108' title='bbox 935 1407 1110 1446; x_wconf 85' lang='lat' dir='ltr'>Sincera</span> <span class='ocrx_word' id='word_1_109' title='bbox 1136 1407 1242 1446; x_wconf 88' lang='lat' dir='ltr'>haec</span> <span class='ocrx_word' id='word_1_110' title='bbox 1270 1407 1470 1447; x_wconf 87' lang='lat' dir='ltr'>videntur</span> <span class='ocrx_word' id='word_1_111' title='bbox 1496 1409 1625 1457; x_wconf 86' lang='lat' dir='ltr'>atque</span> <span class='ocrx_word' id='word_1_112' title='bbox 1651 1408 1714 1448; x_wconf 86' lang='lat' dir='ltr'>ita</span> <span class='ocrx_word' id='word_1_113' title='bbox 1738 1409 1844 1449; x_wconf 84' lang='lat' dir='ltr'>acci-</span> 
     </span>
     <span class='ocr_line' id='line_1_16' title="bbox 270 1483 1844 1544; baseline 0 -19"><span class='ocrx_word' id='word_1_114' title='bbox 270 1485 425 1535; x_wconf 88' lang='lat' dir='ltr'>pienda</span> <span class='ocrx_word' id='word_1_115' title='bbox 455 1487 505 1524; x_wconf 84' lang='lat' dir='ltr'>ut</span> <span class='ocrx_word' id='word_1_116' title='bbox 536 1495 630 1534; x_wconf 90' lang='lat' dir='ltr'>per</span> <span class='ocrx_word' id='word_1_117' title='bbox 660 1485 761 1524; x_wconf 92' lang='lat' dir='ltr'>hoc</span> <span class='ocrx_word' id='word_1_118' title='bbox 792 1484 851 1523; x_wconf 90' lang='lat' dir='ltr'>sit</span> <span class='ocrx_word' id='word_1_119' title='bbox 882 1483 998 1522; x_wconf 90' lang='lat' dir='ltr'>idem</span> <span class='ocrx_word' id='word_1_120' title='bbox 1030 1483 1141 1532; x_wconf 89' lang='lat' dir='ltr'>quod</span> <span class='ocrx_word' id='word_1_121' title='bbox 1173 1485 1405 1533; x_wconf 82' lang='lat' dir='ltr'>propter</span> <span class='ocrx_word' id='word_1_122' title='bbox 1435 1483 1536 1544; x_wconf 92' lang='lat' dir='ltr'>hoc</span> <span class='ocrx_word' id='word_1_123' title='bbox 1567 1485 1844 1534; x_wconf 80' lang='lat' dir='ltr'>(propterea);</span> 
     </span>
     <span class='ocr_line' id='line_1_17' title="bbox 271 1560 1845 1609; baseline 0 -7"><span class='ocrx_word' id='word_1_124' title='bbox 271 1563 434 1602; x_wconf 89' lang='lat' dir='ltr'>etenim</span> <span class='ocrx_word' id='word_1_125' title='bbox 477 1562 603 1608; x_wconf 91' lang='lat' dir='ltr'>(mira</span> <span class='ocrx_word' id='word_1_126' title='bbox 643 1572 713 1601; x_wconf 90' lang='lat' dir='ltr'>res</span> <span class='ocrx_word' id='word_1_127' title='bbox 754 1561 830 1600; x_wconf 89' lang='lat' dir='ltr'>sed</span> <span class='ocrx_word' id='word_1_128' title='bbox 872 1563 988 1606; x_wconf 88' lang='lat' dir='ltr'>vera)</span> <span class='ocrx_word' id='word_1_129' title='bbox 1021 1570 1243 1609; x_wconf 90' lang='lat' dir='ltr'>semper</span> <span class='ocrx_word' id='word_1_130' title='bbox 1274 1560 1492 1600; x_wconf 88' lang='lat' dir='ltr'>lenitas</span> <span class='ocrx_word' id='word_1_131' title='bbox 1523 1561 1587 1600; x_wconf 90' lang='lat' dir='ltr'>sic</span> <span class='ocrx_word' id='word_1_132' title='bbox 1617 1561 1845 1602; x_wconf 83' lang='lat' dir='ltr'>cohaerere</span> 
     </span>
     <span class='ocr_line' id='line_1_18' title="bbox 271 1635 1846 1686; baseline -0.001 -8"><span class='ocrx_word' id='word_1_133' title='bbox 271 1639 506 1678; x_wconf 87' lang='lat' dir='ltr'>arbitratur</span> <span class='ocrx_word' id='word_1_134' title='bbox 547 1638 790 1678; x_wconf 84' lang='lat' dir='ltr'>Scholiasta</span> <span class='ocrx_word' id='word_1_135' title='bbox 830 1638 879 1675; x_wconf 90' lang='lat' dir='ltr'>ut</span> <span class='ocrx_word' id='word_1_136' title='bbox 910 1646 1131 1685; x_wconf 86' lang='lat' dir='ltr'>semper</span> <span class='ocrx_word' id='word_1_137' title='bbox 1161 1635 1250 1675; x_wconf 89' lang='lat' dir='ltr'>fere</span> <span class='ocrx_word' id='word_1_138' title='bbox 1283 1636 1484 1676; x_wconf 91' lang='lat' dir='ltr'>adiectivi</span> <span class='ocrx_word' id='word_1_139' title='bbox 1514 1637 1720 1686; x_wconf 81' lang='lat' dir='ltr'>fungatur</span> <span class='ocrx_word' id='word_1_140' title='bbox 1750 1637 1846 1677; x_wconf 85' lang='lat' dir='ltr'>vice</span> 
     </span>
     <span class='ocr_line' id='line_1_19' title="bbox 272 1709 1845 1766; baseline -0.001 -12"><span class='ocrx_word' id='word_1_141' title='bbox 272 1718 406 1761; x_wconf 87' lang='lat' dir='ltr'>(more</span> <span class='ocrx_word' id='word_1_142' title='bbox 449 1714 633 1754; x_wconf 85' lang='lat' dir='ltr'>Graeco:</span> <span class='ocrx_word' id='word_1_143' title='bbox 677 1711 748 1764; x_wconf 76' lang='grc' dir='ltr'>τὴν</span> <span class='ocrx_word' id='word_1_144' title='bbox 779 1718 848 1751; x_wconf 81' lang='grc' dir='ltr'>τοῦ</span> <span class='ocrx_word' id='word_1_145' title='bbox 882 1711 1074 1752; x_wconf 79' lang='grc' dir='ltr'><strong><em>δεσπότου</em></strong></span> <span class='ocrx_word' id='word_1_146' title='bbox 1106 1709 1167 1750; x_wconf 82' lang='grc' dir='ltr'>ἀεὶ</span> <span class='ocrx_word' id='word_1_147' title='bbox 1200 1709 1414 1766; x_wconf 78' lang='grc' dir='ltr'>πρᾳότητα)</span> <span class='ocrx_word' id='word_1_148' title='bbox 1446 1712 1845 1763; x_wconf 83' lang='lat' dir='ltr'>sempiternamque</span> 
     </span>
     <span class='ocr_line' id='line_1_20' title="bbox 269 1788 1842 1839; baseline -0.001 -9"><span class='ocrx_word' id='word_1_149' title='bbox 269 1791 495 1830; x_wconf 87' lang='lat' dir='ltr'>lenitatem</span> <span class='ocrx_word' id='word_1_150' title='bbox 527 1801 614 1829; x_wconf 92' lang='lat' dir='ltr'>non</span> <span class='ocrx_word' id='word_1_151' title='bbox 645 1799 771 1839; x_wconf 90' lang='lat' dir='ltr'>posse</span> <span class='ocrx_word' id='word_1_152' title='bbox 803 1799 888 1828; x_wconf 91' lang='lat' dir='ltr'>non</span> <span class='ocrx_word' id='word_1_153' title='bbox 921 1799 1017 1828; x_wconf 90' lang='lat' dir='ltr'>esse</span> <span class='ocrx_word' id='word_1_154' title='bbox 1043 1788 1297 1827; x_wconf 88' lang='lat' dir='ltr'>simulatam</span> <span class='ocrx_word' id='word_1_155' title='bbox 1329 1788 1453 1827; x_wconf 90' lang='lat' dir='ltr'>docet</span> <span class='ocrx_word' id='word_1_156' title='bbox 1484 1788 1538 1827; x_wconf 90' lang='lat' dir='ltr'>iis</span> <span class='ocrx_word' id='word_1_157' title='bbox 1564 1798 1675 1838; x_wconf 85' lang='lat' dir='ltr'>quae</span> <span class='ocrx_word' id='word_1_158' title='bbox 1700 1789 1842 1829; x_wconf 82' lang='lat' dir='ltr'>addit:</span> 
     </span>
     <span class='ocr_line' id='line_1_21' title="bbox 272 1864 1843 1917; baseline -0.001 -11"><span class='ocrx_word' id='word_1_159' title='bbox 272 1867 410 1917; x_wconf 84' lang='lat' dir='ltr'>„Nam</span> <span class='ocrx_word' id='word_1_160' title='bbox 457 1877 585 1906; x_wconf 88' lang='lat' dir='ltr'>nemo</span> <span class='ocrx_word' id='word_1_161' title='bbox 633 1866 677 1905; x_wconf 92' lang='lat' dir='ltr'>in</span> <span class='ocrx_word' id='word_1_162' title='bbox 724 1865 907 1904; x_wconf 87' lang='lat' dir='ltr'>diversis</span> <span class='ocrx_word' id='word_1_163' title='bbox 948 1864 1116 1904; x_wconf 89' lang='lat' dir='ltr'>actibus</span> <span class='ocrx_word' id='word_1_164' title='bbox 1158 1874 1331 1913; x_wconf 90' lang='lat' dir='ltr'>semper</span> <span class='ocrx_word' id='word_1_165' title='bbox 1361 1864 1471 1903; x_wconf 90' lang='lat' dir='ltr'>lenis</span> <span class='ocrx_word' id='word_1_166' title='bbox 1503 1866 1583 1915; x_wconf 88' lang='lat' dir='ltr'>est,</span> <span class='ocrx_word' id='word_1_167' title='bbox 1617 1864 1702 1904; x_wconf 87' lang='lat' dir='ltr'>nisi</span> <span class='ocrx_word' id='word_1_168' title='bbox 1732 1865 1843 1906; x_wconf 81' lang='lat' dir='ltr'>forte</span> 
     </span>
     <span class='ocr_line' id='line_1_22' title="bbox 267 1941 1037 1982; baseline -0.003 0"><span class='ocrx_word' id='word_1_169' title='bbox 267 1942 395 1982; x_wconf 89' lang='lat' dir='ltr'>fictus</span> <span class='ocrx_word' id='word_1_170' title='bbox 427 1943 707 1982; x_wconf 88' lang='lat' dir='ltr'>assimulator</span> <span class='ocrx_word' id='word_1_171' title='bbox 739 1943 782 1981; x_wconf 85' lang='lat' dir='ltr'>et</span> <span class='ocrx_word' id='word_1_172' title='bbox 814 1941 1037 1981; x_wconf 87' lang='lat' dir='ltr'>callidus.&#39;&#39;</span> 
     </span>
    </p>

    <p class='ocr_par' dir='ltr' id='par_1_6' title="bbox 267 2016 1844 2143">
     <span class='ocr_line' id='line_1_23' title="bbox 328 2016 1844 2067; baseline -0.001 -8"><span class='ocrx_word' id='word_1_173' title='bbox 328 2020 367 2059; x_wconf 87' lang='lat'>8.</span> <span class='ocrx_word' id='word_1_174' title='bbox 416 2019 635 2065; x_wconf 81' lang='lat' dir='ltr'>Faciet]</span> <span class='ocrx_word' id='word_1_175' title='bbox 688 2018 756 2067; x_wconf 90' lang='lat' dir='ltr'>„id</span> <span class='ocrx_word' id='word_1_176' title='bbox 798 2020 866 2057; x_wconf 88' lang='lat' dir='ltr'>est</span> <span class='ocrx_word' id='word_1_177' title='bbox 906 2018 1128 2067; x_wconf 87' lang='lat' dir='ltr'>irascetur,</span> <span class='ocrx_word' id='word_1_178' title='bbox 1173 2017 1454 2067; x_wconf 84' lang='lat' dir='ltr'>denuntiabit,</span> <span class='ocrx_word' id='word_1_179' title='bbox 1487 2017 1729 2066; x_wconf 49' lang='lat' dir='ltr'>loquetur?</span> <span class='ocrx_word' id='word_1_180' title='bbox 1760 2016 1844 2057; x_wconf 91' lang='lat' dir='ltr'>Hic</span> 
     </span>
     <span class='ocr_line' id='line_1_24' title="bbox 267 2093 1842 2143; baseline 0 -8"><span class='ocrx_word' id='word_1_181' title='bbox 267 2095 636 2135; x_wconf 91' lang='lat' dir='ltr'>denuntiabit</span> <span class='ocrx_word' id='word_1_182' title='bbox 674 2095 923 2143; x_wconf 89' lang='lat' dir='ltr'>corruptum</span> <span class='ocrx_word' id='word_1_183' title='bbox 955 2093 1116 2143; x_wconf 86' lang='lat' dir='ltr'>opinor,</span> <span class='ocrx_word' id='word_1_184' title='bbox 1150 2103 1288 2141; x_wconf 90' lang='lat' dir='ltr'>neque</span> <span class='ocrx_word' id='word_1_185' title='bbox 1322 2095 1471 2132; x_wconf 86' lang='lat' dir='ltr'>tamen</span> <span class='ocrx_word' id='word_1_186' title='bbox 1502 2093 1604 2142; x_wconf 90' lang='lat' dir='ltr'>quid</span> <span class='ocrx_word' id='word_1_187' title='bbox 1634 2103 1842 2143; x_wconf 79' lang='lat' dir='ltr'>reponam</span> 
     </span>
    </p>
   </div>
   <div class='ocr_carea' id='block_1_4' title="bbox 268 2182 1840 2296">
    <p class='ocr_par' dir='ltr' id='par_1_7' title="bbox 268 2182 1840 2296">
     <span class='ocr_line' id='line_1_25' title="bbox 268 2182 455 2212; baseline 0 -1"><span class='ocrx_word' id='word_1_188' title='bbox 268 2182 455 2212; x_wconf 91' lang='lat' dir='ltr'>1nven1o.</span> 
     </span>
     <span class='ocr_line' id='line_1_26' title="bbox 327 2244 1840 2296; baseline -0.001 -9"><span class='ocrx_word' id='word_1_189' title='bbox 327 2249 366 2287; x_wconf 85' lang='lat'>9.</span> <span class='ocrx_word' id='word_1_190' title='bbox 401 2248 566 2287; x_wconf 86' lang='lat' dir='ltr'>Falso</span> <span class='ocrx_word' id='word_1_191' title='bbox 598 2246 827 2296; x_wconf 86' lang='lat' dir='ltr'>gaudio]</span> <span class='ocrx_word' id='word_1_192' title='bbox 865 2246 1019 2295; x_wconf 85' lang='lat' dir='ltr'>„Velut</span> <span class='ocrx_word' id='word_1_193' title='bbox 1052 2256 1107 2285; x_wconf 81' lang='lat' dir='ltr'>ex</span> <span class='ocrx_word' id='word_1_194' title='bbox 1139 2245 1203 2284; x_wconf 91' lang='lat' dir='ltr'>ira</span> <span class='ocrx_word' id='word_1_195' title='bbox 1229 2247 1273 2284; x_wconf 87' lang='lat' dir='ltr'>et</span> <span class='ocrx_word' id='word_1_196' title='bbox 1298 2245 1415 2284; x_wconf 86' lang='lat' dir='ltr'>vitae</span> <span class='ocrx_word' id='word_1_197' title='bbox 1442 2244 1560 2284; x_wconf 89' lang='lat' dir='ltr'>senis</span> <span class='ocrx_word' id='word_1_198' title='bbox 1577 2245 1840 2286; x_wconf 78' lang='lat' dir='ltr'>iracundia.”</span> 
     </span>
    </p>
   </div>
   <div class='ocr_carea' id='block_1_5' title="bbox 263 2321 1841 2751">
    <p class='ocr_par' dir='ltr' id='par_1_8' title="bbox 265 2321 1841 2440">
     <span class='ocr_line' id='line_1_27' title="bbox 266 2321 1841 2373; baseline -0.002 -10"><span class='ocrx_word' id='word_1_199' title='bbox 266 2325 475 2373; x_wconf 87' lang='lat' dir='ltr'>Corrupta</span> <span class='ocrx_word' id='word_1_200' title='bbox 516 2324 620 2362; x_wconf 88' lang='lat' dir='ltr'>haec</span> <span class='ocrx_word' id='word_1_201' title='bbox 660 2333 756 2362; x_wconf 89' lang='lat' dir='ltr'>esse</span> <span class='ocrx_word' id='word_1_202' title='bbox 788 2332 916 2361; x_wconf 89' lang='lat' dir='ltr'>nemo</span> <span class='ocrx_word' id='word_1_203' title='bbox 948 2332 1034 2361; x_wconf 91' lang='lat' dir='ltr'>non</span> <span class='ocrx_word' id='word_1_204' title='bbox 1065 2321 1206 2369; x_wconf 88' lang='lat' dir='ltr'>videt;</span> <span class='ocrx_word' id='word_1_205' title='bbox 1240 2322 1349 2360; x_wconf 88' lang='lat' dir='ltr'>satis</span> <span class='ocrx_word' id='word_1_206' title='bbox 1381 2323 1529 2361; x_wconf 91' lang='lat' dir='ltr'>autem</span> <span class='ocrx_word' id='word_1_207' title='bbox 1560 2321 1670 2360; x_wconf 90' lang='lat' dir='ltr'>mihi</span> <span class='ocrx_word' id='word_1_208' title='bbox 1699 2321 1841 2371; x_wconf 89' lang='lat' dir='ltr'>placet</span> 
     </span>
     <span class='ocr_line' id='line_1_28' title="bbox 265 2398 1630 2440; baseline -0.001 -2"><span class='ocrx_word' id='word_1_209' title='bbox 265 2401 371 2440; x_wconf 86' lang='lat' dir='ltr'>haec</span> <span class='ocrx_word' id='word_1_210' title='bbox 403 2400 670 2439; x_wconf 87' lang='lat' dir='ltr'>emendatio:</span> <span class='ocrx_word' id='word_1_211' title='bbox 704 2399 825 2438; x_wconf 89' lang='lat' dir='ltr'>velut</span> <span class='ocrx_word' id='word_1_212' title='bbox 855 2398 963 2438; x_wconf 88' lang='lat' dir='ltr'>iam</span> <span class='ocrx_word' id='word_1_213' title='bbox 996 2398 1217 2437; x_wconf 89' lang='lat' dir='ltr'>evitata</span> <span class='ocrx_word' id='word_1_214' title='bbox 1247 2398 1365 2437; x_wconf 88' lang='lat' dir='ltr'>senis</span> <span class='ocrx_word' id='word_1_215' title='bbox 1397 2398 1630 2438; x_wconf 89' lang='lat' dir='ltr'>iracundia.</span> 
     </span>
    </p>

    <p class='ocr_par' dir='ltr' id='par_1_9' title="bbox 263 2474 1838 2751">
     <span class='ocr_line' id='line_1_29' title="bbox 329 2474 1838 2524; baseline -0.001 -9"><span class='ocrx_word' id='word_1_216' title='bbox 329 2477 394 2515; x_wconf 85' lang='lat'>10.</span> <span class='ocrx_word' id='word_1_217' title='bbox 438 2477 636 2515; x_wconf 86' lang='lat' dir='ltr'>Amoto</span> <span class='ocrx_word' id='word_1_218' title='bbox 678 2476 852 2521; x_wconf 90' lang='lat' dir='ltr'>metu]</span> <span class='ocrx_word' id='word_1_219' title='bbox 901 2475 1013 2524; x_wconf 84' lang='lat' dir='ltr'>„ista</span> <span class='ocrx_word' id='word_1_220' title='bbox 1043 2474 1215 2523; x_wconf 86' lang='lat' dir='ltr'>singula</span> <span class='ocrx_word' id='word_1_221' title='bbox 1245 2474 1390 2513; x_wconf 92' lang='lat' dir='ltr'>sunt.”</span> <span class='ocrx_word' id='word_1_222' title='bbox 1424 2474 1550 2513; x_wconf 89' lang='lat' dir='ltr'>Hunc</span> <span class='ocrx_word' id='word_1_223' title='bbox 1583 2484 1679 2513; x_wconf 90' lang='lat' dir='ltr'>esse</span> <span class='ocrx_word' id='word_1_224' title='bbox 1710 2483 1838 2514; x_wconf 86' lang='lat' dir='ltr'>anno-</span> 
     </span>
     <span class='ocr_line' id='line_1_30' title="bbox 264 2549 1837 2600; baseline 0 -10"><span class='ocrx_word' id='word_1_225' title='bbox 264 2553 442 2591; x_wconf 78' lang='lat' dir='ltr'>tationis</span> <span class='ocrx_word' id='word_1_226' title='bbox 474 2562 653 2590; x_wconf 86' lang='lat' dir='ltr'>sensum</span> <span class='ocrx_word' id='word_1_227' title='bbox 685 2551 856 2600; x_wconf 88' lang='lat' dir='ltr'>opinor:</span> <span class='ocrx_word' id='word_1_228' title='bbox 890 2560 975 2589; x_wconf 90' lang='lat' dir='ltr'>non</span> <span class='ocrx_word' id='word_1_229' title='bbox 1007 2552 1110 2589; x_wconf 90' lang='lat' dir='ltr'>sunt</span> <span class='ocrx_word' id='word_1_230' title='bbox 1142 2550 1248 2589; x_wconf 90' lang='lat' dir='ltr'>haec</span> <span class='ocrx_word' id='word_1_231' title='bbox 1275 2549 1387 2589; x_wconf 91' lang='lat' dir='ltr'>inter</span> <span class='ocrx_word' id='word_1_232' title='bbox 1413 2560 1459 2588; x_wconf 91' lang='lat' dir='ltr'>se</span> <span class='ocrx_word' id='word_1_233' title='bbox 1486 2550 1702 2599; x_wconf 88' lang='lat' dir='ltr'>iungenda</span> <span class='ocrx_word' id='word_1_234' title='bbox 1726 2559 1837 2600; x_wconf 85' lang='lat' dir='ltr'>spe—</span> 
     </span>
     <span class='ocr_line' id='line_1_31' title="bbox 264 2627 1838 2677; baseline -0.001 -10"><span class='ocrx_word' id='word_1_235' title='bbox 264 2640 283 2666; x_wconf 93' lang='grc'>1</span> <span class='ocrx_word' id='word_1_236' title='bbox 297 2630 460 2667; x_wconf 86' lang='lat' dir='ltr'>antes</span> <span class='ocrx_word' id='word_1_237' title='bbox 518 2630 703 2667; x_wconf 88' lang='lat' dir='ltr'>amoto</span> <span class='ocrx_word' id='word_1_238' title='bbox 750 2628 923 2677; x_wconf 91' lang='lat' dir='ltr'>metu,</span> <span class='ocrx_word' id='word_1_239' title='bbox 973 2637 1076 2665; x_wconf 91' lang='lat' dir='ltr'>nam</span> <span class='ocrx_word' id='word_1_240' title='bbox 1123 2627 1167 2665; x_wconf 90' lang='lat' dir='ltr'>et</span> <span class='ocrx_word' id='word_1_241' title='bbox 1213 2627 1516 2675; x_wconf 89' lang='lat' dir='ltr'>sperantes</span> <span class='ocrx_word' id='word_1_242' title='bbox 1563 2628 1607 2666; x_wconf 89' lang='lat' dir='ltr'>et</span> <span class='ocrx_word' id='word_1_243' title='bbox 1653 2627 1838 2666; x_wconf 86' lang='lat' dir='ltr'>amoto</span> 
     </span>
     <span class='ocr_line' id='line_1_32' title="bbox 263 2701 1837 2751; baseline 0 -9"><span class='ocrx_word' id='word_1_244' title='bbox 263 2706 412 2742; x_wconf 88' lang='lat' dir='ltr'>metu</span> <span class='ocrx_word' id='word_1_245' title='bbox 455 2704 697 2742; x_wconf 87' lang='lat' dir='ltr'>sententiae</span> <span class='ocrx_word' id='word_1_246' title='bbox 739 2704 842 2741; x_wconf 90' lang='lat' dir='ltr'>sunt</span> <span class='ocrx_word' id='word_1_247' title='bbox 878 2703 1076 2741; x_wconf 89' lang='lat' dir='ltr'>membra</span> <span class='ocrx_word' id='word_1_248' title='bbox 1106 2712 1192 2741; x_wconf 91' lang='lat' dir='ltr'>non</span> <span class='ocrx_word' id='word_1_249' title='bbox 1223 2703 1335 2741; x_wconf 90' lang='lat' dir='ltr'>inter</span> <span class='ocrx_word' id='word_1_250' title='bbox 1367 2712 1414 2741; x_wconf 92' lang='lat' dir='ltr'>se</span> <span class='ocrx_word' id='word_1_251' title='bbox 1446 2701 1730 2751; x_wconf 85' lang='lat' dir='ltr'>dependentia</span> <span class='ocrx_word' id='word_1_252' title='bbox 1760 2701 1837 2742; x_wconf 83' lang='lat' dir='ltr'>sed</span> 
     </span>
    </p>
   </div>
   <div class='ocr_carea' id='block_1_6' title="bbox 263 2779 1890 2904">
    <p class='ocr_par' dir='ltr' id='par_1_10' title="bbox 263 2779 1890 2904">
     <span class='ocr_line' id='line_1_33' title="bbox 263 2779 1040 2828; baseline -0.001 -10"><span class='ocrx_word' id='word_1_253' title='bbox 263 2780 383 2828; x_wconf 85' lang='lat' dir='ltr'>paria</span> <span class='ocrx_word' id='word_1_254' title='bbox 415 2781 543 2827; x_wconf 89' lang='lat' dir='ltr'>atque</span> <span class='ocrx_word' id='word_1_255' title='bbox 577 2779 770 2818; x_wconf 88' lang='lat' dir='ltr'>eiusdem</span> <span class='ocrx_word' id='word_1_256' title='bbox 803 2779 1040 2828; x_wconf 89' lang='lat' dir='ltr'>dignitatis</span> 
     </span>
     <span class='ocr_line' id='line_1_34' title="bbox 327 2853 1890 2904; baseline -0.001 -10"><span class='ocrx_word' id='word_1_257' title='bbox 327 2857 391 2894; x_wconf 81' lang='lat'>14.</span> <span class='ocrx_word' id='word_1_258' title='bbox 426 2856 649 2904; x_wconf 85' lang='lat' dir='ltr'>„Graviter</span> <span class='ocrx_word' id='word_1_259' title='bbox 677 2856 1009 2903; x_wconf 89' lang='lat' dir='ltr'>constanterque</span> <span class='ocrx_word' id='word_1_260' title='bbox 1037 2865 1172 2894; x_wconf 82' lang='lat' dir='ltr'>senex</span> <span class='ocrx_word' id='word_1_261' title='bbox 1199 2855 1390 2894; x_wconf 88' lang='lat' dir='ltr'>nondum</span> <span class='ocrx_word' id='word_1_262' title='bbox 1407 2864 1454 2893; x_wconf 90' lang='lat' dir='ltr'>se</span> <span class='ocrx_word' id='word_1_263' title='bbox 1471 2854 1632 2893; x_wconf 87' lang='lat' dir='ltr'>fatetur</span> <span class='ocrx_word' id='word_1_264' title='bbox 1649 2853 1833 2904; x_wconf 88' lang='lat' dir='ltr'>credere,</span> <span class='ocrx_word' id='word_1_265' title='bbox 1886 2855 1890 2859; x_wconf 86' lang='grc'><em>“</em></span> 
     </span>
    </p>
   </div>
   <div class='ocr_carea' id='block_1_7' title="bbox 264 2930 1834 2981">
    <p class='ocr_par' dir='ltr' id='par_1_11' title="bbox 264 2930 1834 2981">
     <span class='ocr_line' id='line_1_35' title="bbox 264 2930 1834 2981; baseline 0.001 -12"><span class='ocrx_word' id='word_1_266' title='bbox 264 2942 339 2969; x_wconf 82' lang='lat' dir='ltr'>nec</span> <span class='ocrx_word' id='word_1_267' title='bbox 389 2942 538 2969; x_wconf 80' lang='lat' dir='ltr'>verum</span> <span class='ocrx_word' id='word_1_268' title='bbox 587 2932 708 2980; x_wconf 82' lang='lat' dir='ltr'>scire,</span> <span class='ocrx_word' id='word_1_269' title='bbox 758 2943 811 2970; x_wconf 88' lang='lat' dir='ltr'>ne</span> <span class='ocrx_word' id='word_1_270' title='bbox 859 2932 1035 2970; x_wconf 85' lang='lat' dir='ltr'>amittat</span> <span class='ocrx_word' id='word_1_271' title='bbox 1083 2933 1172 2971; x_wconf 91' lang='lat' dir='ltr'>vim</span> <span class='ocrx_word' id='word_1_272' title='bbox 1213 2932 1484 2981; x_wconf 86' lang='lat' dir='ltr'>vindicaturi,</span> <span class='ocrx_word' id='word_1_273' title='bbox 1528 2931 1565 2969; x_wconf 91' lang='lat' dir='ltr'>si</span> <span class='ocrx_word' id='word_1_274' title='bbox 1597 2930 1834 2970; x_wconf 86' lang='lat' dir='ltr'>rescierit.”</span> 
     </span>
    </p>
   </div>
   <div class='ocr_carea' id='block_1_8' title="bbox 1975 1613 2034 3334">
    <p class='ocr_par' dir='ltr' id='par_1_12' title="bbox 1975 1613 2034 3334">
     <span class='ocr_line' id='line_1_36' title="bbox 1975 1613 2034 3334; baseline 0 0"><span class='ocrx_word' id='word_1_275' title='bbox 1975 1613 2034 3334; x_wconf 95' lang='lat' dir='ltr'> </span> 
     </span>
    </p>
   </div>
  </div>
 </body>
</html>
