2034 3334
977 397 1031 439 10

254 524 538 580 Peerlkampii
582 526 630 566 ut
674 524 720 565 in
768 521 898 565 verba
944 515 1097 565 iurem
1116 524 1282 565 tantum
1315 521 1435 565 abest
1465 524 1515 564 ut
1545 522 1671 564 etiam
1703 521 1756 564 de

253 601 366 644 binis
410 601 495 644 illis
541 601 660 656 locis,
705 613 814 655 quos
856 600 901 641 in
942 599 1122 641 introitu
1163 602 1378 654 tamquam
1411 599 1581 655 egregia
1610 597 1754 641 Peerl—

252 678 504 734 kampianae
545 677 648 719 artis
689 676 887 731 exempla
916 675 1051 726 attuli,
1083 674 1269 731 amplius
1300 674 1624 718 deliberandum
1655 686 1754 717 oen-

255 767 382 798 seam.

318 903 463 959 „Quae
489 917 589 960 ergo
615 905 697 946 ista
723 904 980 960 perversitas
997 906 1062 946 est
1074 902 1124 945 ?’'
1143 905 1320 959 quaerat
1338 903 1562 959 quispiam.
1583 901 1754 956 „Pauca

253 981 328 1023 illa
372 980 721 1037 Peerlkampiana
767 981 956 1034 inventa,
1004 992 1114 1036 quae
1156 980 1286 1022 ceteri
1321 978 1515 1035 probant,
1557 982 1607 1022 tu
1647 991 1753 1022 num

255 1069 356 1100 vera
401 1060 601 1113 certaque
641 1058 727 1100 sint
768 1055 938 1099 dubitas
980 1057 1106 1099 etiam
1139 1059 1181 1099 et
1211 1059 1355 1099 tamen
1386 1055 1482 1099 illos
1514 1055 1755 1112 iniquitatis

255 1135 413 1190 arguis,
454 1137 496 1176 te
536 1134 676 1190 ipsum
710 1146 896 1189 aequum
928 1145 1147 1176 censorem
1179 1132 1269 1175 fore
1299 1131 1510 1188 profiteris
1521 1131 1571 1174 ?''
1602 1129 1701 1174 Non
1731 1144 1756 1175 e

255 1222 435 1253 numero
492 1211 832 1254 coniecturarum
884 1222 995 1265 quae
1040 1210 1086 1251 in
1131 1212 1299 1252 textum
1347 1209 1607 1265 recipiantur
1651 1207 1757 1251 mihi

257 1287 450 1342 aequitas
479 1287 549 1330 vel
579 1287 786 1343 iniquitas
818 1288 864 1328 in
894 1286 1064 1329 illarum
1091 1289 1308 1329 auctorem
1335 1297 1538 1342 apparere
1563 1284 1754 1338 videtum
1829 1290 1832 1294 '

257 1362 367 1405 hanc
413 1363 528 1406 enim
574 1363 710 1406 multo
757 1363 893 1419 magis
934 1375 1118 1419 agnosco
1161 1365 1203 1405 et
1233 1362 1278 1404 in
1310 1362 1575 1418 malignitate
1600 1361 1674 1404 illa
1704 1360 1757 1404 de

258 1451 346 1494 qua
392 1438 518 1481 modo
559 1438 749 1482 dicebam
791 1442 833 1482 et
872 1439 917 1480 in
958 1439 1117 1481 iudicio
1149 1438 1267 1495 quod
1298 1437 1351 1480 de
1381 1438 1584 1480 universa
1613 1436 1756 1480 Peerl-

259 1515 421 1571 kampii
451 1515 616 1558 ratione
645 1514 746 1558 ferri
772 1515 889 1559 solet
915 1515 1118 1571 Plerique
1144 1516 1258 1558 enim
1286 1527 1310 1558 e
1325 1514 1608 1570 Peerlkampii
1623 1525 1755 1556 anno-

255 1590 493 1635 tationibus
535 1592 638 1635 haec
678 1591 808 1634 verba
845 1592 1099 1648 protrahunt
1129 1605 1153 1635 e
1185 1591 1343 1648 quibus
1374 1591 1679 1648 gravissimum
1708 1590 1755 1633 in

259 1681 356 1711 eum
389 1667 553 1724 fingant
584 1669 746 1711 crimen
778 1668 845 1720 (ad
872 1668 907 1723 Ι,
942 1669 1033 1722 16);

442 1776 677 1833 „Equidem
710 1777 938 1820 Horatium
971 1790 1057 1820 non
1090 1789 1274 1833 agnosco
1301 1777 1385 1819 nisi
1410 1777 1458 1818 in
1483 1775 1569 1819 illis
1594 1775 1758 1832 ingenii

378 1855 679 1909 monumentis,
725 1867 835 1910 quae
876 1858 962 1896 tam
1006 1857 1104 1910 apta
1136 1857 1177 1897 et
1207 1852 1393 1896 rotunda
1424 1855 1538 1907 sunt,
1569 1854 1619 1894 ut
1649 1851 1758 1894 nihil

380 1931 549 1974 demere
580 1931 730 1987 possis,
763 1931 869 1986 quin
900 1930 1150 1987 elegantiam
1186 1927 1400 1972 minuas.''

321 2047 571 2091 Absurdum
615 2051 759 2091 autem
796 2060 889 2091 esse
920 2047 1120 2091 nonnulli
1153 2047 1339 2090 clamant
1369 2045 1586 2102 praeclara
1616 2045 1760 2089 omnia

262 2124 314 2167 ab
364 2122 537 2167 Horatio
580 2124 814 2180 postulare3
858 2137 988 2180 pravo
1020 2124 1155 2180 abripi
1189 2123 1451 2179 praeiudicio
1484 2123 1560 2178 qui
1589 2121 1761 2165 credere

263 2201 370 2243 nolit
400 2204 567 2256 poetam
599 2200 814 2243 interdum
849 2213 898 2243 ea
926 2202 1148 2256 scripsisse
1177 2213 1287 2256 quae
1313 2200 1458 2255 aliquo
1476 2199 1603 2242 modo
1619 2210 1760 2255 repre-

264 2277 393 2320 hendi
432 2278 618 2332 possint3
661 2289 801 2319 errare
833 2277 1070 2319 humanum
1101 2289 1195 2319 esse
1226 2280 1268 2319 et
1299 2288 1528 2319 commune
1559 2273 1760 2318 omnibus

266 2354 400 2409 poetis
431 2357 515 2396 tam
548 2353 694 2407 lyricis
721 2367 850 2408 quam
877 2355 1019 2409 epicis.
1045 2343 1271 2396 Eiusmodi
1299 2355 1336 2396 si
1363 2354 1462 2409 quis
1477 2351 1762 2408 Peerlkampii

264 2430 635 2485 reprehensionem
669 2429 779 2485 legat
803 2430 1039 2485 imperitus,
1066 2429 1402 2472 Horatianorum
1419 2426 1761 2474 carminumduo

266 2509 430 2548 tantum
478 2519 570 2548 esse
611 2519 767 2562 genera
809 2506 972 2548 credat:
1015 2507 1099 2567 alia
1130 2507 1244 2550 enim
1275 2519 1423 2550 eorum
1456 2517 1549 2548 esse
1580 2504 1761 2560 egregia,

267 2581 360 2635 alia,
392 2594 525 2636 eaque
557 2595 642 2623 non
675 2595 822 2637 pauca,
855 2582 1092 2633 mediocria,
1123 2586 1164 2625 et
1196 2584 1300 2625 vitia
1327 2596 1352 2624 a
1378 2584 1502 2637 poeta
1528 2592 1622 2623 esse
1647 2592 1762 2622 com-

267 2640 398 2699 missa
429 2657 538 2699 levia
570 2657 743 2712 quidem
777 2658 851 2700 sed
882 2659 1103 2713 permulta.
1130 2659 1378 2701 Admodum
1405 2658 1520 2700 enim
1548 2654 1762 2699 credibilis

269 2746 337 2776 res
368 2736 452 2785 est3
486 2747 614 2787 quam
647 2735 683 2776 si
715 2747 802 2776 non
829 2735 1003 2790 agnovit
1029 2734 1362 2790 Peerlkampius‚
1381 2746 1515 2788 quum
1532 2743 1762 2788 agnoscere

269 2811 422 2864 posset,
483 2821 637 2863 „pravo
692 2809 836 2851 favore
892 2810 1040 2865 lapsus
1094 2809 1186 2853 est”
1234 2813 1278 2853 et
1326 2808 1456 2863 „dum
1502 2807 1763 2863 praeiudicio

271 2884 406 2928 stabat
452 2885 604 2927 erroris
650 2884 759 2939 sui,‘'
802 2885 906 2928 alios
948 2898 1122 2942 quoque
1162 2887 1206 2928 in
1240 2897 1426 2929 errorem
1460 2884 1643 2927 induxit.
1676 2883 1759 2927 Sed
