2034 3334
1036 373 1118 414 144

344 510 408 539 vs.
446 501 482 539 1.
546 499 844 539 huiuscemodi
875 501 965 539 est:

643 576 710 616 Ita
740 575 808 626 pol
841 575 1016 625 quidem
1048 586 1118 616 res
1149 578 1229 627 est,
1263 578 1311 616 ut
1343 577 1465 628 dixti,
1499 577 1667 619 Lesbia.

284 653 461 692 Praeter
492 652 626 692 citata
659 652 746 692 iam
778 652 884 692 haec
911 654 1196 693 annotantur:
1224 653 1307 693 ita
1337 654 1426 704 pol
1457 654 1707 704 quidem]
1739 664 1856 706 „pro-

283 729 427 768 ductio
453 729 527 768 est
558 729 779 768 narrativa
810 729 863 769 ad
890 728 1152 778 explendum
1183 729 1312 769 modo
1337 730 1481 780 potius
1513 731 1857 775 iusiurandum.”

284 805 392 855 Quid
423 806 505 845 sibi
537 805 674 846 velint
705 805 812 844 haec
838 804 1078 854 intelligere
1105 804 1215 844 mihi
1241 805 1400 846 videor.
1431 805 1500 846 Sic
1526 806 1644 847 enim
1670 807 1856 859 accipio:

287 882 455 930 „totum
499 881 614 921 istud
657 881 739 920 ita
779 891 869 920 res
911 882 999 920 est
1030 882 1089 920 ut
1120 881 1270 920 dixti
1301 881 1506 922 Lesbia
1536 882 1644 924 nihil
1674 884 1743 925 est
1772 884 1858 926 nisi

283 957 466 997 verbosa
511 957 725 1006 quaedam
772 959 815 997 et
861 957 1098 997 narrationi
1145 968 1171 997 a
1210 957 1392 998 muliere
1425 960 1602 1008 coeptae
1633 960 1736 1010 apta
1764 970 1857 1011 pro-

283 1034 426 1074 ductio
458 1034 735 1074 iurisiurandi
767 1033 899 1083 pol.”
928 1033 1010 1072 Sed
1037 1043 1174 1073 unum
1200 1033 1353 1074 scholii
1379 1034 1639 1076 vocabulum
1665 1036 1858 1086 potius

283 1111 533 1159 corruptum
550 1111 732 1160 videtur,
751 1120 826 1159 pro
843 1119 928 1159 quo
944 1110 1262 1150 restituendum
1278 1110 1388 1151 fere:
1405 1122 1433 1161 p
1445 1121 1466 1150 r
1477 1121 1502 1151 o
1513 1122 1542 1151 n
1553 1121 1582 1151 u
1593 1112 1785 1153 ntiatu
1796 1122 1856 1152 m.

344 1187 408 1226 Ad
440 1196 504 1226 vs.
539 1186 603 1227 2z.

506 1262 699 1302 Fidelem
731 1262 846 1302 haud
878 1262 1015 1302 ferme
1046 1262 1218 1302 muiieri
1251 1262 1450 1303 invenias
1480 1263 1624 1304 virum
1650 1282 1653 1285 ·

283 1340 537 1378 annotatur:
590 1338 850 1389 „fidelem
899 1338 1056 1379 maluit
1102 1349 1234 1388 quam
1275 1339 1453 1379 fidum
1485 1340 1648 1380 dicere:
1680 1339 1859 1381 fidum

282 1416 400 1454 enim
432 1415 657 1454 honestius
689 1415 916 1455 dixisset.”
951 1415 1100 1465 Inepte
1133 1415 1359 1456 enuntiata
1389 1416 1497 1456 haec
1523 1417 1649 1466 sunt;
1675 1415 1859 1457 obscura

281 1493 431 1531 tamen
463 1502 559 1531 esse
591 1502 677 1531 non
709 1493 892 1542 possunt
924 1492 964 1532 ei
995 1493 1068 1541 qui
1096 1492 1245 1532 sedulo
1271 1493 1437 1533 scholia
1462 1493 1736 1534 lectitaverit.
1755 1492 1856 1534 Sen-

281 1568 420 1607 tentia
464 1568 580 1607 enim
628 1570 717 1607 est:
767 1568 944 1607 fidum
987 1579 1071 1608 non
1114 1569 1225 1608 dixit
1256 1569 1332 1608 sed
1363 1568 1618 1620 fidelem,
1651 1566 1856 1619 quoniam'

282 1644 333 1684 de
366 1646 560 1684 amatore
592 1644 803 1693 loquitur;
838 1645 882 1683 in
915 1644 1039 1684 illum
1072 1646 1220 1684 autem
1251 1644 1514 1684 adiectivum
1540 1645 1745 1686 firmus
1770 1654 1857 1686 non

282 1721 505 1759 convenit:
549 1720 732 1759 nimiam
773 1720 904 1759 habet
946 1719 1049 1759 illud
1093 1719 1355 1769 gravitatem
1398 1721 1582 1766 (amicus
1618 1731 1720 1771 erga
1750 1721 1855 1761 ami-

282 1806 381 1835 cum
412 1794 524 1835 fidus
555 1796 722 1846 dicitur,
757 1806 842 1835 non
874 1796 1044 1835 amator
1075 1805 1178 1844 erga
1209 1796 1426 1842 amicam).

341 1874 380 1912 6.
419 1871 698 1921 „Pamphilus
731 1882 831 1920 ergo
862 1870 1055 1910 firmavit
1086 1869 1259 1921 fidem,”
1292 1871 1428 1921 Mysis
1460 1873 1609 1912 narrat

563 1948 674 1987 Nam
707 1948 818 1996 quod
849 1947 1088 1997 peperisset
1117 1947 1284 1994 (amica)
1319 1948 1448 1987 iussit
1478 1948 1584 1988 tolli.

280 2024 549 2064 Annotatur:
603 2024 747 2072 „Haec
794 2026 862 2063 est
908 2023 1014 2063 fides
1061 2023 1223 2073 suscipi
1269 2022 1381 2063 filios
1427 2024 1647 2074 legitimos
1690 2024 1857 2066 faciunt

281 2101 525 2149 parentes.’'
554 2101 815 2150 Legendum,
845 2101 895 2139 ut
922 2100 1083 2150 opinor,
1112 2100 1482 2150 suscipiendo
1513 2111 1589 2150 pro
1620 2101 1853 2152 suscipi.

282 2176 504 2225 Sequitur:
558 2177 777 2232 „Sublatio
824 2176 980 2216 matris
1027 2177 1106 2224 est,
1155 2176 1292 2225 patris
1338 2176 1532 2227 tollere‚”
1573 2187 1683 2226 quae
1722 2187 1857 2219 sensu

281 2263 406 2291 cassa
431 2254 546 2292 sunt.
576 2253 625 2291 In
652 2252 882 2291 Klotziana
908 2253 1050 2291 totum
1077 2251 1271 2291 scholion
1297 2252 1594 2292 huiuscemodi
1611 2255 1701 2294 est:
1722 2254 1855 2305 „haec

281 2330 348 2367 est
389 2327 507 2378 fides,
552 2329 726 2378 suscipi.
774 2328 906 2368 Filios
947 2327 1167 2377 legitimos
1208 2327 1372 2367 faciunt
1412 2330 1563 2377 partus
1594 2330 1639 2369 et
1668 2329 1854 2370 sublatio

282 2405 436 2443 matris
483 2407 526 2443 et
572 2405 751 2454 patris,'’
801 2404 912 2453 quod
961 2414 1038 2452 ego
1085 2404 1147 2442 sic
1188 2402 1420 2453 refingam:
1463 2404 1596 2453 „haec
1626 2406 1695 2445 est
1723 2403 1852 2446 fides:

280 2482 552 2529 suscipiendo
594 2480 706 2520 filios
738 2481 958 2529 legitimos
989 2480 1154 2519 faciunt
1185 2482 1408 2528 parentes;
1442 2482 1486 2519 et
1517 2482 1667 2530 partus
1697 2481 1854 2522 matris

281 2558 359 2606 est,
394 2557 580 2595 sublatio
614 2557 792 2606 patris.’'

344 2634 409 2671 12.
460 2633 578 2671 Simo
625 2643 761 2672 senex
803 2632 980 2672 tandem
1022 2632 1251 2681 aliquando
1283 2642 1342 2683 se,
1377 2633 1481 2672 dum
1511 2632 1595 2673 sibi
1625 2634 1708 2684 ipsi
1737 2633 1851 2674 vide·

280 2710 397 2747 retur
424 2710 609 2757 astutuS,
640 2709 867 2758 deceptum
897 2719 922 2748 a
948 2719 1073 2748 servo
1100 2707 1272 2756 filioque
1299 2708 1514 2758 intelligit.
1543 2709 1850 2760 semetipsum

279 2794 379 2831 ergo
412 2784 582 2822 incusat
614 2785 791 2823 dicendo

737 2862 811 2899 vix
843 2861 1020 2900 tandem
1053 2860 1170 2900 sensi
1202 2860 1398 2899 stolidus.

280 2935 473 2973 Sentio
487 2936 575 2973 ndi
606 2938 751 2974 autem
782 2937 910 2975 verbo
938 2937 1040 2975 dum
1068 2937 1215 2974 utatur
1241 2936 1292 2974 de
1319 2946 1366 2974 se
1394 2946 1493 2974 eum
1516 2947 1601 2975 non
1622 2939 1850 2986 tamquam
