2034 3334
1031 261 1090 310 76

263 387 484 445 Silenique
515 385 726 430 adulterio
757 390 801 430 et
832 386 935 431 huic
966 387 1144 431 facinori
1173 385 1318 444 aliquo
1343 385 1472 431 modo
1495 386 1667 431 favisse.
1698 351 1873 439 snum,

264 458 430 502 declaro
475 458 634 502 horum
678 471 749 501 me
795 457 1041 516 intelligere
1086 457 1210 501 nihil.
1257 457 1420 502 Lenam
1465 456 1588 502 illam
1635 457 1891 510 novimus..
1930 479 1931 482 =
1980 460 1988 498 ἐ

264 543 394 586 quam
437 527 669 587 diligenter
707 532 856 585 poetae
898 528 1083 580 Latini,'
1109 527 1497 572 Alexandrinorum
1539 527 1642 582 ἀράς
1674 527 1838 572 imitati
1847 556 1863 581 ,

262 602 470 643 exsecrari
512 598 670 651 solent,
713 603 756 643 et
795 613 1058 656 quamquam
1091 603 1257 643 constat
1287 613 1371 643 non
1401 613 1454 644 ex
1485 601 1581 657 ipsa
1610 600 1704 643 vita
1731 597 1807 643 sed
1837 610 1863 643 ο

263 670 408 714 schola
438 674 663 726 sumptum
696 669 806 712 illud
837 673 1174 728 argumentum,
1203 669 1516 727 quadamtenus
1541 674 1686 713 tamen
1714 681 1863 730 veram

264 741 406 785 lenam
443 746 588 784 mente
619 741 729 783 mihi
758 740 991 784 informare
1023 755 1211 797 possum.
1245 740 1358 794 Quid
1389 754 1489 784 vero
1518 739 1630 784 illud
1660 738 1719 783 sit
1748 737 1863 798 quod

264 813 330 856 vir
385 811 540 869 aliquis
596 811 764 855 dicatur
820 810 957 855 alieno
1014 811 1158 855 favere
1210 810 1443 864 adulterio,
1495 810 1565 855 vel
1619 812 1666 854 in
1721 809 1861 855 alieno

266 882 478 927 adulterio
525 881 636 925 ullas
682 896 809 940 agere
851 887 992 939 partes
1036 906 1090 914 —
1134 883 1218 925 nisi
1259 883 1296 925 si
1339 885 1416 925 aut
1454 882 1547 939 ipse
1587 882 1645 924 sit
1683 879 1878 925 Satanas

262 953 339 997 ille
381 967 404 996 e
439 952 590 996 Fausti
619 951 762 996 fabula
793 957 869 996 aut
900 952 1133 996 deversorii
1163 951 1346 996 alicuius
1375 953 1538 1010 impuri
1570 952 1771 996 dominus
1801 974 1861 984 —

265 1038 440 1082 prorsus
494 1037 564 1066 me
609 1022 736 1075 latet,
791 1037 928 1080 neque
974 1025 1236 1081 investigare
1281 1024 1418 1066 iuvat.
1464 1022 1529 1066 Ne
1573 1021 1642 1066 illi
1687 1020 1859 1080 quidem

265 1096 515 1151 scriptores,
562 1108 746 1150 quorum
788 1093 1034 1152 tragoediae
1075 1098 1118 1138 et
1158 1093 1328 1138 fabulae
1370 1093 1657 1137 Romanenses
1696 1091 1862 1137 adulte·
1936 1135 1939 1137 0

265 1167 430 1209 riorum
470 1169 512 1208 et
556 1165 846 1209 divort-iorum
889 1164 1038 1222 plenae
1083 1169 1205 1217 sunt,
1248 1165 1484 1222 quidquam
1514 1164 1719 1223 praebent
1747 1161 1864 1221 quod

265 1236 368 1279 huic
414 1237 653 1292 quaestioni
696 1235 837 1278 lucem
887 1235 1032 1279 afferat
1071 1235 1222 1279 ullam.
1263 1235 1346 1279 Sed
1387 1236 1467 1279 hoc
1509 1234 1689 1279 concedo
1728 1246 1863 1279 unam
1908 1262 1915 1269 -

266 1320 357 1350 esse
398 1320 513 1358 rem,
555 1320 664 1362 quae
704 1306 883 1350 alteram
925 1307 1034 1350 hanc
1075 1320 1248 1350 causam
1286 1306 1504 1363 aliquanto
1535 1305 1686 1350 reddat
1715 1304 1866 1363 probo-

267 1377 464 1421 biliorem
501 1391 630 1434 quam
667 1379 785 1434 prior
813 1377 890 1420 illa
922 1379 991 1420 sit.
1024 1377 1197 1421 Etenim
1229 1382 1401 1434 neptem
1434 1390 1558 1420 suam
1591 1377 1864 1428 „convictam

264 1447 466 1491 adulterii
514 1448 742 1505 Augustus
783 1447 1060 1491 damnaverat
1099 1449 1419 1504 proieceratque
1455 1449 1501 1490 in
1542 1446 1730 1491 insulam
1769 1444 1864 1490 'rri-

266 1518 481 1569 merum’',
508 1519 582 1561 ubi
613 1520 803 1575 „viginti
828 1520 949 1561 annis
977 1518 1157 1561 exilium
1185 1517 1416 1562 toleravit'’
1446 1517 1562 1572 (Tac.
1589 1517 1642 1561 A.
1667 1516 1741 1570 IV,
1761 1510 1839 1570 71)
1847 1529 1862 1570 ;

268 1603 367 1633 eum
404 1592 552 1632 autem
584 1603 621 1631 a.
655 1588 713 1632 28
745 1588 821 1632 illa
851 1589 1028 1641 obierit,
1061 1603 1096 1632 a.
1131 1589 1159 1632 8
1191 1588 1394 1632 adulterii
1425 1592 1490 1631 est
1520 1589 1714 1632 convicta
1743 1586 1863 1632 dam-

265 1664 448 1716 nataque
481 1684 537 1691 —
573 1659 722 1703 eodem
764 1674 873 1703 anno
914 1674 999 1716 quo
1041 1658 1224 1703 Ovidius
1264 1659 1491 1702 damnatus
1531 1663 1615 1711 est3
1658 1671 1784 1717 ergo,
1823 1659 1863 1702 si

266 1735 439 1787 propter
484 1729 746 1772 adulterium
793 1729 904 1773 illud
949 1731 1018 1773 hic
1065 1744 1234 1787 quoque
1281 1729 1509 1773 damnatus
1557 1734 1644 1781 est,
1686 1728 1862 1787 culpam

265 1814 399 1857 poena
441 1804 586 1843 secuta
627 1804 691 1842 est
733 1802 905 1852 statim,
947 1814 1030 1843 non
1073 1800 1218 1843 decem
1259 1802 1359 1842 anni
1399 1801 1743 1844 intercesserunt.
1775 1797 1862 1844 Sed

265 1872 480 1913 sumimus
511 1885 623 1913 nunc
653 1885 745 1914 rem
777 1884 885 1927 quae
916 1872 1097 1914 minime
1129 1875 1244 1914 certa
1275 1872 1345 1913 sit.
1379 1870 1484 1923 Quis
1509 1871 1624 1914 enim
1650 1869 1862 1914 affirmare

266 1943 422 1998 possit,
466 1955 565 1984 cum
607 1940 780 1984 Tacitus
819 1942 869 1984 de
901 1943 1063 1999 viginti
1094 1943 1218 1984 annis
1248 1941 1465 1998 loquatur,
1499 1941 1622 1984 nobis
1653 1954 1755 1984 eum
1785 1953 1864 1984 nu-

268 2026 438 2055 merum
479 2013 538 2054 sic
581 2026 670 2055 esse
712 2013 1009 2069 accipiendum
1050 2015 1100 2055 ut
1139 2016 1334 2055 accurate
1376 2011 1672 2070 significentur
1702 2007 1864 2070 viginti

267 2080 394 2125 anui?
437 2082 575 2125 Paulo
618 2084 763 2126 minus
805 2085 967 2140 viginti
1006 2098 1119 2127 unus
1160 2085 1258 2126 anni
1302 2082 1541 2134 „rotundo”
1574 2083 1655 2126 hoc
1685 2085 1755 2136 (ut
1784 2095 1861 2126 nos

267 2152 504 2209 loquimur)
549 2167 728 2196 numero
774 2153 955 2197 indicari
997 2157 1175 2211 possunt
1217 2157 1261 2197 et
1302 2167 1469 2211 semper
1511 2153 1563 2196 ab
1604 2165 1861 2211 unoquoquo

269 2227 369 2266 sunt
410 2223 610 2274 indicati,
654 2228 719 2276 et,
763 2225 876 2282 quod
916 2227 962 2268 in
1003 2226 1081 2268 hac
1123 2227 1368 2282 quaestione
1409 2224 1550 2268 multo
1591 2225 1766 2268 maioris
1795 2226 1864 2267 est

267 2295 497 2345 momenti,
542 2294 670 2350 paulo
712 2294 810 2351 plus
850 2295 1138 2353 undeviginti.
1185 2295 1301 2352 Ergo
1333 2309 1355 2338 e
1387 2294 1525 2337 Taciti
1557 2294 1698 2337 verbis
1726 2292 1861 2337 haud·

268 2379 481 2420 quaquam
513 2379 589 2421 pro
620 2370 734 2408 certo
766 2366 927 2409 efficere
957 2366 1061 2409 licet
1091 2368 1210 2423 prius
1242 2365 1439 2409 Silanum
1472 2364 1623 2408 deinde
1652 2363 1860 2408 Ovidium

267 2450 354 2477 esse
411 2435 754 2478 condemnatum.
811 2436 970 2489 Quodsi
1022 2439 1141 2493 prior
1186 2440 1251 2480 est
1298 2436 1605 2479 condemnatus
1653 2434 1857 2488 Ovidius,

267 2520 439 2560 prorsus
483 2506 535 2547 ad
568 2506 754 2548 nihilum
787 2507 1000 2563 redigitur
1031 2511 1124 2550 tota
1155 2506 1232 2549 illa
1263 2508 1528 2556 coniectura,
1556 2519 1669 2564 quae
1699 2503 1771 2548 vel
1800 2506 1862 2548 sic

267 2578 369 2616 satis
401 2576 569 2618 infirma
601 2582 687 2628 est,
720 2577 770 2620 de
804 2579 966 2620 ratione
998 2592 1105 2634 quae
1135 2579 1249 2620 inter
1281 2576 1424 2619 Ovidii
1450 2582 1494 2619 et
1520 2575 1656 2618 Silani
1681 2588 1861 2632 poenam

264 2646 562 2688 intercesserit.

330 2715 412 2756 Sed
454 2716 659 2758 faciamus
701 2722 844 2759 tamen
884 2720 1170 2761 intercessisse
1213 2717 1404 2773 aliquam
1444 2717 1671 2758 rationem.
1702 2715 1862 2757 Absur-

270 2785 491 2826 dissimum
525 2800 612 2828 esse
644 2789 933 2830 coniecturam
967 2788 1018 2830 de
1050 2787 1204 2830 Ovidio
1237 2786 1497 2830 adulterium
1523 2784 1659 2827 Iuliae
1685 2786 1862 2827 minoris

268 2855 497 2897 adiuvante
542 2871 758 2911 nunquam
803 2859 911 2899 mihi
953 2860 1171 2915 eripietur.
1204 2857 1295 2910 Quo
1327 2870 1430 2912 erg-o
1460 2870 1529 2898 me
1561 2852 1754 2897 vertam?
1784 2853 1860 2897 Nil

268 2940 483 2980 superesse
526 2927 649 2968 video
692 2942 821 2982 quam
855 2933 904 2970 ut
937 2930 1162 2970 coniiciam
1195 2927 1348 2970 Ovidio
1379 2929 1466 2969 iam
1499 2925 1664 2980 pridem
1695 2924 1860 2980 aliquid

268 2994 317 3036 de
359 2994 432 3036 illo
477 2996 657 3038 facinore
702 2997 964 3048 suboluisse,
1007 3011 1245 3053 poenasque
1286 3010 1387 3039 eum
1430 2995 1593 3037 dedisse
1625 2995 1737 3050 quod
1770 3008 1855 3037 non
