2034 3334
1019 366 1103 406 154

332 491 401 529 63.
436 490 511 529 Ad
543 490 825 539 virginem
858 491 1104 531 animum
1136 491 1375 538 adiecit]
1413 500 1515 541 „cur
1545 490 1628 531 hoc
1651 489 1842 533 inferat?

272 566 321 605 ut
366 565 434 605 vel
476 565 672 606 laedendi
714 566 869 606 militis
910 576 1042 606 causa
1082 567 1294 606 Phaedria
1334 566 1525 617 patiatur
1566 576 1669 607 eum
1708 576 1842 616 quam

272 642 391 680 amet
417 642 460 681 et
486 641 595 681 nolit
620 642 834 691 virginem
861 642 971 682 dono
998 643 1143 683 dare.”
1176 642 1385 693 Corrupta
1401 642 1507 683 haec
1523 653 1610 683 non
1625 642 1840 684 videntur.

272 716 433 756 Sensus
480 717 598 757 enim
639 719 728 757 est:
776 718 917 768 „haud
958 727 1085 768 aegre
1125 718 1236 758 feret
1266 718 1477 758 Phaedria
1507 728 1534 757 a
1564 717 1705 759 milite
1731 717 1842 759 dono

271 793 362 832 dari
398 793 612 843 virginem
644 805 777 843 quam
808 795 928 835 amet
958 796 1003 834 et
1034 797 1075 841 (a
1104 805 1152 835 se
1185 795 1405 843 dimittere
1437 797 1566 844 atque
1597 795 1708 835 dono
1739 795 1842 836 dare

271 869 358 915 alii)
399 869 550 909 nolit.”
594 870 676 910 Sed
712 870 823 911 satis
853 870 1040 911 absurda
1069 870 1305 922 annotatio,
1339 881 1533 920 quaeque
1564 871 1683 912 nullo
1712 871 1842 912 modo

271 945 488 985 conciliari
534 946 679 995 potest
724 956 823 986 cum
864 947 1065 996 prudenti
1106 947 1159 987 ad
1200 957 1264 987 VS.
1299 947 1355 987 62
1388 947 1690 988 annotatione:
1726 947 1844 998 „Scit

270 1022 480 1062 meretrix
511 1022 591 1062 hoc
623 1022 715 1063 solo
742 1024 961 1063 amatores
988 1023 1188 1064 inimicos
1215 1033 1323 1074 esse,
1352 1024 1464 1073 quod
1481 1023 1598 1064 idem
1613 1022 1840 1073 diligunt.”
1892 1047 1895 1049 >

330 1098 399 1138 83.
433 1098 566 1138 Num
598 1099 757 1139 solus
789 1099 892 1139 ille
923 1100 1065 1140 dona
1090 1100 1240 1147 dat?]
1274 1099 1389 1150 „iam
1416 1099 1540 1149 quasi
1566 1098 1843 1149 quaestiones

271 1174 534 1214 tractantur:
583 1175 659 1215 sed
705 1175 778 1215 ille
825 1185 986 1215 munus
1038 1176 1258 1216 advexit.”
1311 1176 1420 1216 Atra
1460 1176 1567 1216 haec
1606 1167 1733 1216 nocte
1773 1175 1842 1216 ob·

267 1250 472 1291 scuriora.

330 1326 400 1366 87.
434 1326 729 1377 Quaesivi]
767 1329 892 1378 „vide
922 1330 972 1368 u't
1003 1328 1206 1368 exhibeat
1237 1338 1470 1368 aerumnas
1495 1327 1578 1368 sibi
1603 1326 1843 1368 difficilium

270 1412 503 1442 munerum
560 1404 822 1454 imposuisse
873 1404 1193 1445 meretricem.”
1241 1405 1322 1444 Pro
1369 1404 1642 1444 exhibeat
1687 1402 1842 1443 Sabba-

270 1478 413 1518 dinius
455 1480 659 1520 coniecit:
703 1482 986 1530 exaugeat
1027 1481 1270 1530 aiatque.
1313 1480 1398 1519 Vix
1437 1479 1680 1519 mutatione
1710 1488 1842 1528 opus:

272 1565 357 1594 non
389 1555 506 1595 enim
537 1556 785 1596 incredibile
811 1557 982 1596 videtur
1009 1556 1316 1596 exhibendi
1342 1556 1524 1596 verbum
1550 1565 1576 1595 a
1602 1554 1845 1595 Scholiasta

270 1630 352 1670 hoc
392 1641 524 1671 sensu
559 1632 682 1681 poni:
720 1633 918 1682 „magnis
949 1633 1180 1672 verborum
1211 1631 1467 1681 ambagibus
1498 1632 1628 1680 atque
1657 1629 1844 1671 oratorie

269 1706 429 1755 aliquid
460 1707 816 1748 demonstrare.”-

331 1782 386 1821 88
419 1793 482 1831 sq.
795 1783 926 1823 Porro
957 1783 1214 1822 Eunuchum
1245 1782 1356 1822 dixti
1388 1782 1499 1822 velle
1530 1783 1586 1833 te,

532 1845 536 1850 ’
628 1858 736 1909 Quia
765 1859 883 1899 solae
914 1859 1096 1898 utuntur
1126 1858 1196 1897 his
1226 1859 1412 1908 reginae.

270 1935 538 1974 Annotatur:
581 1935 712 1984 quia
752 1935 909 1975 solae
945 1935 1186 1974 utuntur
1216 1934 1305 1974 his
1337 1935 1594 1984 reginae]
1631 1933 1843 1985 „oratorie

270 2011 340 2050 hic
380 2011 569 2050 subdidit
605 2012 717 2060 quod
758 2011 803 2050 in
834 2010 1038 2051 ancillula
1067 2010 1383 2060 praetermisit:
1416 2010 1518 2059 quia
1547 2010 1669 2050 nulla
1696 2008 1842 2050 Aethi-

270 2088 415 2137 opissa
445 2089 629 2128 honesta
655 2089 737 2128 dici
763 2089 946 2139 potuit.”
976 2089 1113 2128 Sensu
1141 2099 1266 2128 cassa
1292 2089 1412 2128 haec.
1440 2089 1689 2138 Legendum
1714 2089 1841 2138 puto:

274 2164 401 2213 „quia
446 2164 566 2203 nulla
611 2165 663 2204 de
709 2164 987 2214 Aethiopissa
1033 2165 1217 2204 honesta
1262 2165 1402 2204 dicere
1444 2164 1627 2214 potuit.”
1669 2163 1844 2211 (nulla

270 2240 514 2279 honesta
543 2250 619 2290 pro
651 2240 883 2280 honesti
914 2241 1091 2286 nihil).
1835 2229 1844 2236 ’

329 2391 381 2441 II,
420 2393 455 2441 1,
492 2393 530 2431 7.
565 2392 667 2432 Sed
699 2393 967 2441 numquid
999 2392 1153 2432 aliud
1185 2392 1457 2442 imperas]
1491 2392 1566 2442 „In
1593 2391 1662 2431 his
1687 2402 1842 2432 servus

269 2467 374 2505 nihil
418 2468 513 2507 vult
554 2468 638 2507 nisi
677 2469 851 2508 coactus
882 2468 1023 2507 facere
1054 2469 1227 2517 propter
1257 2468 1469 2508 maiorem
1500 2467 1738 2508 dominum.
1771 2467 1842 2508 Sic

270 2544 313 2581 et
339 2543 439 2582 alibi
472 2543 485 2581 i
498 2554 525 2582 u
537 2544 562 2582 b
576 2555 598 2583 e
610 2554 632 2582 s
644 2555 672 2583 n
685 2555 707 2583 e
734 2543 885 2594 inquit,
915 2544 1192 2594 responderet
1218 2543 1257 2583 ei
1284 2543 1474 2583 Chaerea
1506 2554 1528 2583 0
1540 2554 1564 2584 o
1576 2555 1604 2593 g
1615 2554 1640 2584 o
1671 2553 1698 2583 a
1707 2545 1727 2583 t
1738 2553 1765 2592 q
1776 2554 1806 2583 u
1816 2553 1840 2583 e

270 2619 281 2656 i
295 2629 339 2657 m
352 2630 377 2668 p
390 2630 412 2658 e
425 2630 445 2658 r
457 2620 523 2658 o.”
557 2619 816 2669 Corruptum
847 2620 991 2659 locum
1022 2619 1183 2669 opinor,
1212 2629 1350 2668 neque
1376 2620 1565 2659 multum
1592 2617 1841 2669 proficimus

268 2695 389 2733 varia
445 2695 628 2734 lectione
686 2696 1068 2745 respondente
1121 2699 1209 2745 (pro
1256 2695 1659 2745 responderet),
1707 2705 1839 2744 quam

270 2770 467 2808 Klotzius
505 2772 548 2809 et
581 2771 864 2810 Sabbadinius
890 2773 1155 2821 receperunt.
1185 2771 1432 2820 Legendum
1465 2771 1648 2810 arbitror
1672 2781 1702 2809 u
1712 2771 1732 2810 t
1756 2781 1779 2810 r
1789 2781 1814 2810 e
1825 2792 1838 2798 -

269 2845 587 2893 sponderet.
632 2846 969 2895 Significandum
1011 2847 1127 2886 enim
1165 2848 1233 2886 est
1264 2857 1365 2895 quo
1407 2846 1653 2886 consilio
1684 2855 1838 2902 servus

270 2921 281 2957 i
295 2931 321 2958 u
335 2920 359 2958 b
373 2931 395 2959 e
408 2931 429 2959 s
442 2932 469 2959 n
482 2932 504 2960 e
537 2922 764 2970 rogaverit.
