2034 3334
954 348 1036 386 123

209 473 434 514 collatione
476 484 680 524 apparere
715 474 848 514 aliam
877 473 1012 513 fuisse
1043 473 1273 512 lectionem
1305 483 1328 512 e
1360 482 1444 521 qua
1471 473 1670 521 corrupta
1700 471 1775 511 illa

207 550 479 590 vitiatum
522 561 707 590 amore
747 551 852 590 nata
891 550 960 600 sit,
1004 549 1120 588 illius
1160 550 1310 588 tamen
1351 548 1568 588 sententia
1603 547 1774 586 diversa

208 636 304 666 esse
345 636 431 666 non
470 627 612 676 potuit
653 627 704 666 ab
747 637 809 677 ea,
853 636 984 675 quam
1014 625 1271 674 Wielingius
1302 624 1506 664 restituit.
1539 623 1593 662 Et
1622 633 1773 662 veram

207 702 360 742 scholii
405 703 670 742 sententiam
717 713 816 742 cum
862 702 1085 751 habemus,
1129 701 1370 740 desiderare
1411 700 1500 739 iam
1540 709 1774 748 possumus

207 777 327 818 nihil.
370 778 464 817 Non
505 778 622 817 enim
664 788 733 817 res
775 778 898 817 nobis
939 778 1006 817 est
1047 787 1146 816 cum
1187 776 1366 815 Platone
1408 776 1549 824 aliquo
1580 775 1651 814 vel
1682 775 1772 814 Ari-

207 853 430 904 stophane,
465 854 587 893 cuius
618 854 794 903 singula
814 853 946 893 verba
970 853 1136 902 pondus
1162 853 1361 901 habeant,
1391 851 1466 890 sed
1493 861 1592 890 cum
1618 850 1774 890 Donati

208 929 499 979 compilatore,
534 930 682 969 sedulo
714 930 888 978 quidem
918 929 1094 968 homine
1125 929 1200 967 sed
1231 938 1385 977 parum
1417 927 1589 966 diserto.

266 1005 387 1045 Adel.
425 1006 496 1056 IV,
531 1007 569 1055 7,
604 1006 674 1045 33.
707 1005 830 1045 Micio
861 1006 1042 1044 fratrem
1073 1015 1275 1044 severum
1306 1004 1488 1043 ludibrio
1520 1003 1671 1042 habet:
1705 1002 1774 1041 hic

207 1082 324 1122 enim
355 1083 551 1122 omnium
583 1093 727 1121 rerum
759 1083 935 1131 ignarus
960 1081 1110 1131 filium,
1140 1092 1268 1130 quem
1295 1080 1465 1119 Micioni
1482 1079 1773 1128 adoptandum

206 1158 382 1208 dederit,
410 1169 496 1198 non
520 1169 703 1198 uxorem
729 1159 872 1197 solum
894 1158 1070 1197 duxisse
1087 1168 1218 1206 quam
1236 1157 1340 1196 olim
1356 1156 1554 1195 habuerit
1571 1156 1771 1205 amicam,

207 1235 283 1274 sed
323 1237 493 1284 praeter
534 1235 646 1274 hanc
687 1234 819 1274 etiam
860 1234 1086 1283 psaltriam
1118 1234 1335 1282 quandam
1366 1243 1441 1282 pro
1473 1243 1607 1271 uxore
1638 1232 1774 1280 patris

207 1311 397 1360 adoptivi
437 1310 553 1350 domi
594 1310 750 1349 habere
787 1310 942 1358 credit;
976 1310 1097 1348 illam
1130 1309 1307 1348 alterius
1339 1319 1434 1347 esse
1465 1307 1554 1358 filii,
1589 1318 1717 1356 quem
1748 1318 1774 1347 a

207 1396 254 1425 se
295 1386 473 1434 antiqua
514 1386 745 1425 severitate
787 1386 990 1425 eductum
1032 1385 1205 1434 gloriari
1246 1385 1395 1434 soleat,
1439 1395 1493 1423 ne
1530 1384 1775 1433 suspicatur

179 1462 392 1511 quidem.
434 1461 496 1501 De
537 1462 611 1501 illa
652 1463 799 1501 autem
840 1461 1020 1510 psaltria
1051 1460 1412 1500 iucundissimum
1444 1459 1524 1499 hoc
1555 1460 1666 1507 apud
1698 1459 1771 1498 Te·
1848 1461 1851 1462 ’

207 1538 396 1578 rentium
426 1538 612 1577 fratrum
643 1537 854 1576 habemus
887 1537 1160 1585 colloquium.
1193 1536 1277 1575 Ubi
1307 1536 1469 1575 Demea
1501 1535 1632 1574 dixit:

444 1613 600 1662 Aliquo
632 1613 869 1652 abiicienda
900 1614 978 1662 est,
1013 1613 1051 1651 si
1082 1623 1167 1651 non
1198 1612 1335 1661 pretio
1368 1613 1413 1651 at
1444 1612 1595 1660 gratiis

207 1689 332 1729 Micio

444 1766 590 1814 Neque
622 1768 700 1815 est,
734 1776 872 1814 neque
903 1765 1024 1804 illam
1055 1775 1160 1804 sane
1191 1765 1342 1804 studeo
1374 1765 1559 1804 vendere

208 1842 282 1881 ait.
324 1842 464 1890 Rogat
503 1841 686 1881 Demea:
734 1841 867 1890 „Quid
904 1842 1035 1890 igitur
1065 1841 1197 1880 facies
1209 1842 1257 1879 ?’'
1291 1842 1334 1880 et
1365 1841 1488 1879 Micio
1520 1825 1772 1889 respondet:

212 1918 363 1968 „Domi
394 1918 517 1957 erit”.
551 1917 632 1956 Hic
662 1917 825 1956 Demea
856 1917 1095 1956 exclamat:

959 1993 1040 2031 Pro
1073 1993 1202 2031 deum
1233 1992 1384 2031 fidem!

446 2070 649 2109 Meretrix
682 2072 725 2108 et
756 2069 1087 2108 materfamilias
1118 2079 1204 2107 una
1230 2069 1274 2107 in
1306 2069 1432 2108 domo

267 2147 323 2186 M.
356 2146 439 2186 Cur
465 2146 583 2185 non?
610 2145 660 2184 D.
691 2145 853 2184 Sanum
879 2146 922 2184 te
950 2145 1087 2184 credis
1115 2146 1242 2183 esse?
1268 2144 1324 2183 M.
1352 2145 1559 2192 Equidem
1577 2144 1771 2183 arbitror.

268 2221 319 2261 D.
358 2222 425 2261 Ita
454 2231 526 2260 me
556 2220 608 2259 Di
639 2222 799 2270 ament,
832 2221 882 2259 ut
912 2221 1036 2259 video
1068 2230 1145 2269 ego
1177 2221 1300 2258 tuam
1331 2220 1552 2268 ineptiam,

356 2298 590 2344 Facturum
622 2297 758 2346 credo,
792 2298 841 2335 ut
870 2296 1031 2335 habeas
1063 2297 1236 2344 quicum
1269 2295 1464 2335 cantites.

268 2373 324 2412 M.
357 2373 440 2413 Gur
465 2375 583 2412 non?
609 2373 660 2412 D.
689 2373 741 2411 Et
766 2383 879 2411 nova
904 2373 1038 2420 nupta
1055 2372 1207 2410 eadam
1224 2372 1328 2411 haec
1346 2371 1494 2411 discet.
1513 2371 1568 2410 M.
1589 2371 1771 2410 Scilicet.

269 2449 319 2488 D.
358 2449 422 2488 Tu
453 2449 565 2488 inter
597 2459 670 2488 eas
702 2449 854 2487 restim
886 2448 1067 2486 ductans
1099 2447 1290 2486 saltabis.
1324 2447 1378 2486 M.
1411 2447 1559 2486 Probe.

209 2525 275 2564 Ad
317 2526 370 2564 et
410 2535 552 2564 nova
582 2526 756 2573 nupta
787 2524 977 2563 eadem
1009 2523 1144 2562 haec
1175 2523 1359 2562 discet
1390 2523 1496 2561 haec
1527 2522 1774 2561 invenimus

211 2602 438 2640 annotata:
487 2600 635 2650 „Alius
677 2600 903 2639 subaudiet
938 2599 1146 2638 Dicere.
1182 2599 1275 2647 Sed,
1310 2609 1334 2637 o
1365 2609 1524 2647 magna
1555 2598 1600 2636 in
1630 2598 1773 2636 verbis

211 2676 443 2725 elegantia,
470 2676 566 2715 vide
599 2676 714 2714 enim
742 2685 872 2723 quam
899 2675 990 2713 vim
1017 2673 1230 2723 significet
1255 2674 1460 2713 Discet.
1489 2674 1542 2712 Et
1568 2673 1661 2712 ideo
1688 2684 1774 2712 non

210 2762 349 2790 uxor
380 2751 455 2790 sed
486 2761 627 2790 nova
658 2752 851 2800 nupta,
885 2761 1015 2798 quam
1048 2751 1099 2789 ad
1132 2750 1278 2789 omnia
1309 2750 1490 2789 docilem
1507 2759 1603 2788 esse
1629 2750 1773 2798 ipsum

211 2826 372 2865 indicat
402 2827 602 2866 nomen.”
635 2826 755 2865 Bona
786 2827 853 2865 est
884 2825 1104 2864 annotatio
1137 2826 1212 2864 sed
1244 2827 1372 2874 caput
1402 2825 1495 2864 eius
1521 2825 1679 2864 misere
1706 2826 1774 2864 est

211 2902 475 2953 mutilatum,
518 2902 588 2941 vel
627 2902 770 2952 potius
811 2912 886 2951 pro
929 2901 1067 2950 capite
1107 2901 1264 2940 vulnus
1295 2901 1517 2940 habemus.
1551 2901 1771 2949 Integrum
