<?xml version="1.0" encoding="UTF-8"?>
<!DOCTYPE html PUBLIC "-//W3C//DTD XHTML 1.0 Transitional//EN"
    "http://www.w3.org/TR/xhtml1/DTD/xhtml1-transitional.dtd">
<html xmlns="http://www.w3.org/1999/xhtml" xml:lang="en" lang="en">
 <head>
  <title>
</title>
<meta http-equiv="Content-Type" content="text/html;charset=utf-8" />
  <meta name='ocr-system' content='tesseract 3.04.00' />
  <meta name='ocr-capabilities' content='ocr_page ocr_carea ocr_par ocr_line ocrx_word'/>
</head>
<body>
  <div class='ocr_page' id='page_1' title='image "./dehoratiopota00hartuoft_0300.png"; bbox 0 0 2034 3334; ppageno 0'>
   <div class='ocr_carea' id='block_1_1' title="bbox 0 0 2034 487">
    <p class='ocr_par' dir='ltr' id='par_1_1' title="bbox 0 0 2034 487">
     <span class='ocr_line' id='line_1_1' title="bbox 0 0 2034 487; baseline 0 0"><span class='ocrx_word' id='word_1_1' title='bbox 0 0 2034 487; x_wconf 95' lang='lat' dir='ltr'><strong>   </strong></span> 
     </span>
    </p>
   </div>
   <div class='ocr_carea' id='block_1_2' title="bbox 266 406 1867 1246">
    <p class='ocr_par' dir='ltr' id='par_1_2' title="bbox 266 406 1867 1246">
     <span class='ocr_line' id='line_1_2' title="bbox 269 406 1864 460; baseline 0.001 -7"><span class='ocrx_word' id='word_1_2' title='bbox 269 409 430 454; x_wconf 82' lang='lat' dir='ltr'><strong>Utrum</strong></span> <span class='ocrx_word' id='word_1_3' title='bbox 472 413 617 454; x_wconf 86' lang='lat' dir='ltr'><strong>autem</strong></span> <span class='ocrx_word' id='word_1_4' title='bbox 659 409 751 453; x_wconf 91' lang='lat' dir='ltr'><strong>cod.</strong></span> <span class='ocrx_word' id='word_1_5' title='bbox 794 425 813 452; x_wconf 78' lang='grc' dir='ltr'><strong><em>ε</em></strong></span> <span class='ocrx_word' id='word_1_6' title='bbox 855 407 967 452; x_wconf 85' lang='lat' dir='ltr'><strong>illud</strong></span> <span class='ocrx_word' id='word_1_7' title='bbox 1008 409 1163 453; x_wconf 85' lang='lat' dir='ltr'><strong>habeat</strong></span> <span class='ocrx_word' id='word_1_8' title='bbox 1203 422 1229 453; x_wconf 88' lang='lat' dir='ltr'><strong>a</strong></span> <span class='ocrx_word' id='word_1_9' title='bbox 1258 422 1391 453; x_wconf 87' lang='lat' dir='ltr'><strong>manu</strong></span> <span class='ocrx_word' id='word_1_10' title='bbox 1421 407 1627 460; x_wconf 80' lang='lat' dir='ltr'><strong>secunda,</strong></span> <span class='ocrx_word' id='word_1_11' title='bbox 1660 421 1716 453; x_wconf 84' lang='lat' dir='ltr'><strong>an</strong></span> <span class='ocrx_word' id='word_1_12' title='bbox 1744 406 1864 454; x_wconf 77' lang='lat' dir='ltr'><strong>idem</strong></span> 
     </span>
     <span class='ocr_line' id='line_1_3' title="bbox 267 479 1867 538; baseline 0.001 -14"><span class='ocrx_word' id='word_1_13' title='bbox 267 479 470 524; x_wconf 87' lang='lat' dir='ltr'><strong>librarius</strong></span> <span class='ocrx_word' id='word_1_14' title='bbox 502 482 577 538; x_wconf 90' lang='lat' dir='ltr'><strong>qui</strong></span> <span class='ocrx_word' id='word_1_15' title='bbox 609 485 751 537; x_wconf 81' lang='lat' dir='ltr'><strong>totum</strong></span> <span class='ocrx_word' id='word_1_16' title='bbox 781 479 969 524; x_wconf 80' lang='lat' dir='ltr'><strong>codicem</strong></span> <span class='ocrx_word' id='word_1_17' title='bbox 1001 481 1176 537; x_wconf 77' lang='lat' dir='ltr'><strong>scripsit</strong></span> <span class='ocrx_word' id='word_1_18' title='bbox 1199 483 1421 538; x_wconf 82' lang='lat' dir='ltr'><strong>tamquam</strong></span> <span class='ocrx_word' id='word_1_19' title='bbox 1448 482 1612 524; x_wconf 83' lang='lat' dir='ltr'><strong>variam</strong></span> <span class='ocrx_word' id='word_1_20' title='bbox 1636 479 1867 525; x_wconf 75' lang='lat' dir='ltr'><strong>lectionem</strong></span> 
     </span>
     <span class='ocr_line' id='line_1_4' title="bbox 270 542 1866 608; baseline 0 -13"><span class='ocrx_word' id='word_1_21' title='bbox 270 551 542 608; x_wconf 81' lang='lat' dir='ltr'><strong>adscripserit</strong></span> <span class='ocrx_word' id='word_1_22' title='bbox 583 551 790 603; x_wconf 85' lang='lat' dir='ltr'><strong>(Kornius</strong></span> <span class='ocrx_word' id='word_1_23' title='bbox 832 552 947 595; x_wconf 87' lang='lat' dir='ltr'><strong>enim</strong></span> <span class='ocrx_word' id='word_1_24' title='bbox 987 542 1186 595; x_wconf 86' lang='lat' dir='ltr'><strong>annotat:</strong></span> <span class='ocrx_word' id='word_1_25' title='bbox 1227 550 1379 604; x_wconf 65' lang='lat' dir='ltr'><strong>„illast</strong></span> <span class='ocrx_word' id='word_1_26' title='bbox 1414 550 1490 596; x_wconf 90' lang='lat' dir='ltr'><strong>illa</strong></span> <span class='ocrx_word' id='word_1_27' title='bbox 1533 550 1597 603; x_wconf 75' lang='lat' dir='ltr'><strong>e’&#39;‚</strong></span> <span class='ocrx_word' id='word_1_28' title='bbox 1629 549 1866 595; x_wconf 73' lang='lat' dir='ltr'><strong>Ehwaldus</strong></span> 
     </span>
     <span class='ocr_line' id='line_1_5' title="bbox 269 620 1865 680; baseline 0 -15"><span class='ocrx_word' id='word_1_29' title='bbox 269 621 497 666; x_wconf 88' lang='lat' dir='ltr'><strong>lectionem</strong></span> <span class='ocrx_word' id='word_1_30' title='bbox 524 636 614 665; x_wconf 85' lang='lat' dir='ltr'><strong>esse</strong></span> <span class='ocrx_word' id='word_1_31' title='bbox 639 622 745 666; x_wconf 88' lang='lat' dir='ltr'><strong>dicit</strong></span> <span class='ocrx_word' id='word_1_32' title='bbox 770 622 924 665; x_wconf 85' lang='lat' dir='ltr'><strong>codicis</strong></span> <span class='ocrx_word' id='word_1_33' title='bbox 950 620 1007 675; x_wconf 67' lang='grc' dir='ltr'><strong>ε’)</strong></span> <span class='ocrx_word' id='word_1_34' title='bbox 1033 636 1170 679; x_wconf 87' lang='lat' dir='ltr'><strong>neque</strong></span> <span class='ocrx_word' id='word_1_35' title='bbox 1195 623 1282 666; x_wconf 90' lang='lat' dir='ltr'><strong>scio</strong></span> <span class='ocrx_word' id='word_1_36' title='bbox 1310 636 1445 680; x_wconf 89' lang='lat' dir='ltr'><strong>neque</strong></span> <span class='ocrx_word' id='word_1_37' title='bbox 1472 636 1573 666; x_wconf 89' lang='lat' dir='ltr'><strong>curo</strong></span> <span class='ocrx_word' id='word_1_38' title='bbox 1591 634 1865 680; x_wconf 77' lang='lat' dir='ltr'><strong>magnopere.</strong></span> 
     </span>
     <span class='ocr_line' id='line_1_6' title="bbox 270 691 1865 751; baseline 0.003 -16"><span class='ocrx_word' id='word_1_39' title='bbox 270 692 424 736; x_wconf 81' lang='lat' dir='ltr'><strong>Veram</strong></span> <span class='ocrx_word' id='word_1_40' title='bbox 456 695 572 736; x_wconf 87' lang='lat' dir='ltr'><strong>enim</strong></span> <span class='ocrx_word' id='word_1_41' title='bbox 599 692 828 736; x_wconf 86' lang='lat' dir='ltr'><strong>lectionem</strong></span> <span class='ocrx_word' id='word_1_42' title='bbox 859 693 967 736; x_wconf 89' lang='lat' dir='ltr'><strong>hanc</strong></span> <span class='ocrx_word' id='word_1_43' title='bbox 994 707 1084 737; x_wconf 89' lang='lat' dir='ltr'><strong>esse</strong></span> <span class='ocrx_word' id='word_1_44' title='bbox 1110 697 1288 737; x_wconf 88' lang='lat' dir='ltr'><strong>constat.</strong></span> <span class='ocrx_word' id='word_1_45' title='bbox 1315 691 1552 738; x_wconf 78' lang='lat' dir='ltr'><strong>Veramne?</strong></span> <span class='ocrx_word' id='word_1_46' title='bbox 1579 692 1720 738; x_wconf 87' lang='lat' dir='ltr'><strong>Immo</strong></span> <span class='ocrx_word' id='word_1_47' title='bbox 1739 691 1865 751; x_wconf 71' lang='lat' dir='ltr'><strong>plane</strong></span> 
     </span>
     <span class='ocr_line' id='line_1_7' title="bbox 268 763 1865 821; baseline 0.001 -14"><span class='ocrx_word' id='word_1_48' title='bbox 268 765 561 807; x_wconf 86' lang='lat' dir='ltr'><strong>necessariam.</strong></span> <span class='ocrx_word' id='word_1_49' title='bbox 604 764 671 806; x_wconf 90' lang='lat' dir='ltr'><strong>An</strong></span> <span class='ocrx_word' id='word_1_50' title='bbox 713 767 917 821; x_wconf 85' lang='lat' dir='ltr'><strong>putemus</strong></span> <span class='ocrx_word' id='word_1_51' title='bbox 949 763 1179 815; x_wconf 89' lang='lat' dir='ltr'><strong>Ovidium,</strong></span> <span class='ocrx_word' id='word_1_52' title='bbox 1212 778 1313 808; x_wconf 91' lang='lat' dir='ltr'><strong>cum</strong></span> <span class='ocrx_word' id='word_1_53' title='bbox 1345 763 1398 808; x_wconf 87' lang='lat' dir='ltr'><strong>ad</strong></span> <span class='ocrx_word' id='word_1_54' title='bbox 1428 778 1591 808; x_wconf 83' lang='lat' dir='ltr'><strong>novum</strong></span> <span class='ocrx_word' id='word_1_55' title='bbox 1621 765 1865 808; x_wconf 74' lang='lat' dir='ltr'><strong>carminum</strong></span> 
     </span>
     <span class='ocr_line' id='line_1_8' title="bbox 269 833 1865 893; baseline 0.001 -15"><span class='ocrx_word' id='word_1_56' title='bbox 269 849 407 893; x_wconf 82' lang='lat' dir='ltr'><strong>genus</strong></span> <span class='ocrx_word' id='word_1_57' title='bbox 446 835 684 886; x_wconf 78' lang='lat' dir='ltr'><strong>accederet,</strong></span> <span class='ocrx_word' id='word_1_58' title='bbox 727 849 780 878; x_wconf 91' lang='lat' dir='ltr'><strong>ne</strong></span> <span class='ocrx_word' id='word_1_59' title='bbox 822 849 908 879; x_wconf 88' lang='lat' dir='ltr'><strong>uno</strong></span> <span class='ocrx_word' id='word_1_60' title='bbox 949 835 1126 892; x_wconf 88' lang='lat' dir='ltr'><strong>quidam</strong></span> <span class='ocrx_word' id='word_1_61' title='bbox 1170 835 1300 879; x_wconf 82' lang='lat' dir='ltr'><strong>verbo</strong></span> <span class='ocrx_word' id='word_1_62' title='bbox 1341 836 1563 879; x_wconf 86' lang='lat' dir='ltr'><strong>monuisse</strong></span> <span class='ocrx_word' id='word_1_63' title='bbox 1602 849 1648 879; x_wconf 83' lang='lat' dir='ltr'><strong>se</strong></span> <span class='ocrx_word' id='word_1_64' title='bbox 1678 833 1865 879; x_wconf 81' lang='lat' dir='ltr'><strong>eundem</strong></span> 
     </span>
     <span class='ocr_line' id='line_1_9' title="bbox 266 903 1865 965; baseline 0.001 -16"><span class='ocrx_word' id='word_1_65' title='bbox 266 905 394 949; x_wconf 91' lang='lat' dir='ltr'><strong>illum</strong></span> <span class='ocrx_word' id='word_1_66' title='bbox 438 920 527 949; x_wconf 87' lang='lat' dir='ltr'><strong>esse</strong></span> <span class='ocrx_word' id='word_1_67' title='bbox 569 910 763 963; x_wconf 87' lang='lat' dir='ltr'><strong>poetam,</strong></span> <span class='ocrx_word' id='word_1_68' title='bbox 806 908 882 963; x_wconf 92' lang='lat' dir='ltr'><strong>qui</strong></span> <span class='ocrx_word' id='word_1_69' title='bbox 921 911 1046 950; x_wconf 86' lang='lat' dir='ltr'><strong>antea</strong></span> <span class='ocrx_word' id='word_1_70' title='bbox 1085 906 1216 965; x_wconf 83' lang='lat' dir='ltr'><strong>longe</strong></span> <span class='ocrx_word' id='word_1_71' title='bbox 1248 905 1334 961; x_wconf 68' lang='lat' dir='ltr'><strong>alia</strong></span> <span class='ocrx_word' id='word_1_72' title='bbox 1363 903 1591 950; x_wconf 78' lang='lat' dir='ltr'><strong>cecinerit?</strong></span> <span class='ocrx_word' id='word_1_73' title='bbox 1632 905 1704 959; x_wconf 80' lang='lat' dir='ltr'><strong>Sic</strong></span> <span class='ocrx_word' id='word_1_74' title='bbox 1734 910 1865 951; x_wconf 78' lang='lat' dir='ltr'><strong>notus</strong></span> 
     </span>
     <span class='ocr_line' id='line_1_10' title="bbox 269 974 1865 1035; baseline 0.001 -16"><span class='ocrx_word' id='word_1_75' title='bbox 269 974 474 1034; x_wconf 82' lang='lat' dir='ltr'><strong>Ulysses?</strong></span> <span class='ocrx_word' id='word_1_76' title='bbox 514 975 674 1020; x_wconf 87' lang='lat' dir='ltr'><strong>Nullus</strong></span> <span class='ocrx_word' id='word_1_77' title='bbox 705 977 792 1020; x_wconf 86' lang='lat' dir='ltr'><strong>fere</strong></span> <span class='ocrx_word' id='word_1_78' title='bbox 824 979 917 1020; x_wconf 91' lang='lat' dir='ltr'><strong>eius</strong></span> <span class='ocrx_word' id='word_1_79' title='bbox 949 976 1060 1020; x_wconf 91' lang='lat' dir='ltr'><strong>liber</strong></span> <span class='ocrx_word' id='word_1_80' title='bbox 1090 982 1155 1021; x_wconf 90' lang='lat' dir='ltr'><strong>est</strong></span> <span class='ocrx_word' id='word_1_81' title='bbox 1185 979 1230 1020; x_wconf 89' lang='lat' dir='ltr'><strong>in</strong></span> <span class='ocrx_word' id='word_1_82' title='bbox 1261 979 1385 1029; x_wconf 86' lang='lat' dir='ltr'><strong>cuius</strong></span> <span class='ocrx_word' id='word_1_83' title='bbox 1413 978 1542 1021; x_wconf 88' lang='lat' dir='ltr'><strong>initio</strong></span> <span class='ocrx_word' id='word_1_84' title='bbox 1573 991 1658 1021; x_wconf 86' lang='lat' dir='ltr'><strong>non</strong></span> <span class='ocrx_word' id='word_1_85' title='bbox 1689 975 1865 1035; x_wconf 75' lang='lat' dir='ltr'><strong>legatur</strong></span> 
     </span>
     <span class='ocr_line' id='line_1_11' title="bbox 267 1046 1865 1105; baseline 0.001 -15"><span class='ocrx_word' id='word_1_86' title='bbox 267 1046 431 1103; x_wconf 88' lang='lat' dir='ltr'><strong>aliquid</strong></span> <span class='ocrx_word' id='word_1_87' title='bbox 477 1047 590 1103; x_wconf 90' lang='lat' dir='ltr'><strong>quod</strong></span> <span class='ocrx_word' id='word_1_88' title='bbox 638 1049 684 1090; x_wconf 90' lang='lat' dir='ltr'><strong>in</strong></span> <span class='ocrx_word' id='word_1_89' title='bbox 729 1051 919 1091; x_wconf 86' lang='lat' dir='ltr'><strong>mentem</strong></span> <span class='ocrx_word' id='word_1_90' title='bbox 966 1048 1087 1091; x_wconf 90' lang='lat' dir='ltr'><strong>nobis</strong></span> <span class='ocrx_word' id='word_1_91' title='bbox 1133 1053 1302 1091; x_wconf 88' lang='lat' dir='ltr'><strong>revocet</strong></span> <span class='ocrx_word' id='word_1_92' title='bbox 1347 1049 1490 1105; x_wconf 87' lang='lat' dir='ltr'><strong>priora</strong></span> <span class='ocrx_word' id='word_1_93' title='bbox 1525 1049 1618 1091; x_wconf 86' lang='lat' dir='ltr'><strong>eius</strong></span> <span class='ocrx_word' id='word_1_94' title='bbox 1653 1046 1705 1091; x_wconf 83' lang='lat' dir='ltr'><strong>de</strong></span> <span class='ocrx_word' id='word_1_95' title='bbox 1746 1047 1865 1105; x_wconf 84' lang='lat' dir='ltr'><strong>poesi</strong></span> 
     </span>
     <span class='ocr_line' id='line_1_12' title="bbox 268 1117 1865 1176; baseline 0.001 -16"><span class='ocrx_word' id='word_1_96' title='bbox 268 1119 435 1161; x_wconf 88' lang='lat' dir='ltr'><strong>merita.</strong></span> <span class='ocrx_word' id='word_1_97' title='bbox 486 1117 687 1175; x_wconf 84' lang='lat' dir='ltr'><strong>„Goeptis</strong></span> <span class='ocrx_word' id='word_1_98' title='bbox 729 1120 836 1161; x_wconf 88' lang='lat' dir='ltr'><strong>meis</strong></span> <span class='ocrx_word' id='word_1_99' title='bbox 877 1133 902 1162; x_wconf 92' lang='lat' dir='ltr'><strong>o</strong></span> <span class='ocrx_word' id='word_1_100' title='bbox 944 1119 1005 1161; x_wconf 90' lang='lat' dir='ltr'><strong>dii</strong></span> <span class='ocrx_word' id='word_1_101' title='bbox 1044 1120 1254 1176; x_wconf 78' lang='lat' dir='ltr'><strong>aspirato,</strong></span> <span class='ocrx_word' id='word_1_102' title='bbox 1296 1132 1395 1162; x_wconf 87' lang='lat' dir='ltr'><strong>nam</strong></span> <span class='ocrx_word' id='word_1_103' title='bbox 1438 1132 1538 1171; x_wconf 85' lang='lat' dir='ltr'><strong>vos,</strong></span> <span class='ocrx_word' id='word_1_104' title='bbox 1580 1119 1656 1175; x_wconf 88' lang='lat' dir='ltr'><strong>qui</strong></span> <span class='ocrx_word' id='word_1_105' title='bbox 1687 1131 1865 1176; x_wconf 87' lang='lat' dir='ltr'><strong>corpora</strong></span> 
     </span>
     <span class='ocr_line' id='line_1_13' title="bbox 267 1186 1864 1246; baseline 0.001 -15"><span class='ocrx_word' id='word_1_106' title='bbox 267 1190 494 1240; x_wconf 81' lang='lat' dir='ltr'><strong>mutastis,</strong></span> <span class='ocrx_word' id='word_1_107' title='bbox 521 1188 573 1231; x_wconf 91' lang='lat' dir='ltr'><strong>de</strong></span> <span class='ocrx_word' id='word_1_108' title='bbox 599 1189 755 1245; x_wconf 89' lang='lat' dir='ltr'><strong>quibus</strong></span> <span class='ocrx_word' id='word_1_109' title='bbox 779 1193 1028 1232; x_wconf 81' lang='lat' dir='ltr'><strong>narraturus</strong></span> <span class='ocrx_word' id='word_1_110' title='bbox 1054 1204 1175 1240; x_wconf 89' lang='lat' dir='ltr'><strong>sum,</strong></span> <span class='ocrx_word' id='word_1_111' title='bbox 1203 1191 1334 1233; x_wconf 89' lang='lat' dir='ltr'><strong>etiam</strong></span> <span class='ocrx_word' id='word_1_112' title='bbox 1362 1190 1564 1232; x_wconf 84' lang='lat' dir='ltr'><strong>mutastis</strong></span> <span class='ocrx_word' id='word_1_113' title='bbox 1578 1192 1727 1246; x_wconf 87' lang='lat' dir='ltr'><strong>coepta</strong></span> <span class='ocrx_word' id='word_1_114' title='bbox 1740 1186 1864 1233; x_wconf 88' lang='lat' dir='ltr'><strong>illa”.</strong></span> 
     </span>
    </p>
   </div>
   <div class='ocr_carea' id='block_1_3' title="bbox 268 1234 2021 1317">
    <p class='ocr_par' dir='ltr' id='par_1_3' title="bbox 268 1234 2021 1317">
     <span class='ocr_line' id='line_1_14' title="bbox 268 1234 2021 1317; baseline -0.004 -15"><span class='ocrx_word' id='word_1_115' title='bbox 268 1258 361 1302; x_wconf 88' lang='lat' dir='ltr'><strong>Hoc</strong></span> <span class='ocrx_word' id='word_1_116' title='bbox 402 1261 613 1302; x_wconf 87' lang='lat' dir='ltr'><strong>acuminis</strong></span> <span class='ocrx_word' id='word_1_117' title='bbox 654 1264 720 1303; x_wconf 82' lang='lat' dir='ltr'><strong>sat</strong></span> <span class='ocrx_word' id='word_1_118' title='bbox 751 1259 943 1303; x_wconf 92' lang='lat' dir='ltr'><strong>multum</strong></span> <span class='ocrx_word' id='word_1_119' title='bbox 973 1260 1125 1312; x_wconf 89' lang='lat' dir='ltr'><strong>habet,</strong></span> <span class='ocrx_word' id='word_1_120' title='bbox 1157 1260 1238 1304; x_wconf 90' lang='lat' dir='ltr'><strong>hoc</strong></span> <span class='ocrx_word' id='word_1_121' title='bbox 1270 1262 1316 1303; x_wconf 92' lang='lat' dir='ltr'><strong>in</strong></span> <span class='ocrx_word' id='word_1_122' title='bbox 1349 1259 1459 1303; x_wconf 88' lang='lat' dir='ltr'><strong>solas</strong></span> <span class='ocrx_word' id='word_1_123' title='bbox 1489 1258 1860 1317; x_wconf 82' lang='lat' dir='ltr'><strong>Metamorphoses</strong></span> <span class='ocrx_word' id='word_1_124' title='bbox 1916 1262 1919 1266; x_wconf 89' lang='grc'><strong>’</strong></span> <span class='ocrx_word' id='word_1_125' title='bbox 1983 1234 2021 1270; x_wconf 55' lang='lat'><strong>³⁵³²</strong></span> 
     </span>
    </p>
   </div>
   <div class='ocr_carea' id='block_1_4' title="bbox 259 1327 1867 2432">
    <p class='ocr_par' dir='ltr' id='par_1_4' title="bbox 259 1327 1867 2432">
     <span class='ocr_line' id='line_1_15' title="bbox 268 1327 1867 1388; baseline 0.001 -15"><span class='ocrx_word' id='word_1_126' title='bbox 268 1331 492 1382; x_wconf 81' lang='lat' dir='ltr'><strong>convenit,</strong></span> <span class='ocrx_word' id='word_1_127' title='bbox 537 1330 606 1373; x_wconf 93' lang='lat' dir='ltr'><strong>hic</strong></span> <span class='ocrx_word' id='word_1_128' title='bbox 646 1332 793 1388; x_wconf 89' lang='lat' dir='ltr'><strong>ipsum</strong></span> <span class='ocrx_word' id='word_1_129' title='bbox 825 1327 1096 1388; x_wconf 80' lang='lat' dir='ltr'><strong>agnoscimus</strong></span> <span class='ocrx_word' id='word_1_130' title='bbox 1128 1330 1348 1374; x_wconf 91' lang='lat' dir='ltr'><strong>Ovidium.</strong></span> <span class='ocrx_word' id='word_1_131' title='bbox 1381 1331 1450 1374; x_wconf 90' lang='lat' dir='ltr'><strong>An</strong></span> <span class='ocrx_word' id='word_1_132' title='bbox 1480 1345 1564 1374; x_wconf 87' lang='lat' dir='ltr'><strong>non</strong></span> <span class='ocrx_word' id='word_1_133' title='bbox 1594 1331 1727 1374; x_wconf 82' lang='lat' dir='ltr'><strong>sentis</strong></span> <span class='ocrx_word' id='word_1_134' title='bbox 1756 1330 1867 1375; x_wconf 81' lang='lat' dir='ltr'><strong>eius-</strong></span> 
     </span>
     <span class='ocr_line' id='line_1_16' title="bbox 269 1399 598 1444; baseline 0.003 -1"><span class='ocrx_word' id='word_1_135' title='bbox 269 1399 366 1443; x_wconf 89' lang='lat' dir='ltr'><strong>dem</strong></span> <span class='ocrx_word' id='word_1_136' title='bbox 398 1415 487 1444; x_wconf 88' lang='lat' dir='ltr'><strong>esse</strong></span> <span class='ocrx_word' id='word_1_137' title='bbox 518 1401 598 1444; x_wconf 91' lang='lat' dir='ltr'><strong>hoc</strong></span> 
     </span>
     <span class='ocr_line' id='line_1_17' title="bbox 449 1471 1535 1516; baseline 0.001 -2"><span class='ocrx_word' id='word_1_138' title='bbox 449 1471 499 1514; x_wconf 91' lang='lat' dir='ltr'><strong>In</strong></span> <span class='ocrx_word' id='word_1_139' title='bbox 529 1486 640 1515; x_wconf 86' lang='lat' dir='ltr'><strong>nova</strong></span> <span class='ocrx_word' id='word_1_140' title='bbox 672 1472 755 1515; x_wconf 87' lang='lat' dir='ltr'><strong>fert</strong></span> <span class='ocrx_word' id='word_1_141' title='bbox 786 1474 955 1515; x_wconf 84' lang='lat' dir='ltr'><strong>animus</strong></span> <span class='ocrx_word' id='word_1_142' title='bbox 986 1476 1176 1515; x_wconf 88' lang='lat' dir='ltr'><strong>mutatas</strong></span> <span class='ocrx_word' id='word_1_143' title='bbox 1207 1471 1345 1516; x_wconf 90' lang='lat' dir='ltr'><strong>dicere</strong></span> <span class='ocrx_word' id='word_1_144' title='bbox 1376 1472 1535 1515; x_wconf 85' lang='lat' dir='ltr'><strong>formas</strong></span> 
     </span>
     <span class='ocr_line' id='line_1_18' title="bbox 449 1539 1651 1599; baseline 0 -13"><span class='ocrx_word' id='word_1_145' title='bbox 449 1541 659 1599; x_wconf 82' lang='lat' dir='ltr'><strong>Corpora,</strong></span> <span class='ocrx_word' id='word_1_146' title='bbox 693 1543 737 1585; x_wconf 88' lang='lat' dir='ltr'><strong>di</strong></span> <span class='ocrx_word' id='word_1_147' title='bbox 769 1545 931 1599; x_wconf 86' lang='lat' dir='ltr'><strong>coeptis</strong></span> <span class='ocrx_word' id='word_1_148' title='bbox 962 1547 1080 1597; x_wconf 91' lang='lat' dir='ltr'><strong>(nam</strong></span> <span class='ocrx_word' id='word_1_149' title='bbox 1112 1557 1188 1587; x_wconf 86' lang='lat' dir='ltr'><strong>vos</strong></span> <span class='ocrx_word' id='word_1_150' title='bbox 1218 1544 1420 1587; x_wconf 83' lang='lat' dir='ltr'><strong>mutastis</strong></span> <span class='ocrx_word' id='word_1_151' title='bbox 1451 1546 1495 1586; x_wconf 93' lang='lat' dir='ltr'><strong>et</strong></span> <span class='ocrx_word' id='word_1_152' title='bbox 1524 1541 1620 1595; x_wconf 81' lang='lat' dir='ltr'><strong>issa)</strong></span> <span class='ocrx_word' id='word_1_153' title='bbox 1648 1539 1651 1544; x_wconf 86' lang='grc'><strong>’</strong></span> 
     </span>
     <span class='ocr_line' id='line_1_19' title="bbox 452 1613 807 1669; baseline 0.003 -14"><span class='ocrx_word' id='word_1_154' title='bbox 452 1613 647 1669; x_wconf 88' lang='lat' dir='ltr'><strong>Aspirate</strong></span> <span class='ocrx_word' id='word_1_155' title='bbox 677 1615 807 1664; x_wconf 91' lang='lat' dir='ltr'><strong>meis,</strong></span> 
     </span>
     <span class='ocr_line' id='line_1_20' title="bbox 269 1681 1152 1741; baseline 0.003 -17"><span class='ocrx_word' id='word_1_156' title='bbox 269 1685 312 1725; x_wconf 91' lang='lat' dir='ltr'><strong>et</strong></span> <span class='ocrx_word' id='word_1_157' title='bbox 342 1681 452 1724; x_wconf 87' lang='lat' dir='ltr'><strong>illud</strong></span> <span class='ocrx_word' id='word_1_158' title='bbox 483 1684 528 1725; x_wconf 91' lang='lat' dir='ltr'><strong>in</strong></span> <span class='ocrx_word' id='word_1_159' title='bbox 560 1682 768 1726; x_wconf 81' lang='lat' dir='ltr'><strong>Tristium</strong></span> <span class='ocrx_word' id='word_1_160' title='bbox 800 1683 834 1735; x_wconf 88' lang='lat' dir='ltr'><strong>I,</strong></span> <span class='ocrx_word' id='word_1_161' title='bbox 872 1684 911 1735; x_wconf 89' lang='lat'><strong>1,</strong></span> <span class='ocrx_word' id='word_1_162' title='bbox 932 1683 1018 1727; x_wconf 87' lang='grc'><strong>117</strong></span> <span class='ocrx_word' id='word_1_163' title='bbox 1037 1697 1152 1741; x_wconf 86' lang='lat' dir='ltr'><strong>sqq.:</strong></span> 
     </span>
     <span class='ocr_line' id='line_1_21' title="bbox 445 1752 1796 1811; baseline 0.001 -15"><span class='ocrx_word' id='word_1_164' title='bbox 445 1752 555 1796; x_wconf 85' lang='lat' dir='ltr'><strong>Sunt</strong></span> <span class='ocrx_word' id='word_1_165' title='bbox 586 1768 754 1810; x_wconf 89' lang='lat' dir='ltr'><strong>quoque</strong></span> <span class='ocrx_word' id='word_1_166' title='bbox 785 1760 999 1806; x_wconf 86' lang='lat' dir='ltr'><strong>mutatae,</strong></span> <span class='ocrx_word' id='word_1_167' title='bbox 1035 1759 1099 1798; x_wconf 87' lang='lat' dir='ltr'><strong>ter</strong></span> <span class='ocrx_word' id='word_1_168' title='bbox 1128 1756 1318 1811; x_wconf 89' lang='lat' dir='ltr'><strong>quinque</strong></span> <span class='ocrx_word' id='word_1_169' title='bbox 1350 1754 1587 1806; x_wconf 80' lang='lat' dir='ltr'><strong>volumina,</strong></span> <span class='ocrx_word' id='word_1_170' title='bbox 1620 1754 1796 1806; x_wconf 81' lang='lat' dir='ltr'><strong>formae,</strong></span> 
     </span>
     <span class='ocr_line' id='line_1_22' title="bbox 504 1825 1506 1883; baseline 0.001 -16"><span class='ocrx_word' id='word_1_171' title='bbox 504 1825 652 1881; x_wconf 90' lang='lat' dir='ltr'><strong>Nuper</strong></span> <span class='ocrx_word' id='word_1_172' title='bbox 683 1825 735 1868; x_wconf 87' lang='lat' dir='ltr'><strong>ab</strong></span> <span class='ocrx_word' id='word_1_173' title='bbox 768 1827 980 1882; x_wconf 83' lang='lat' dir='ltr'><strong>exsequiis</strong></span> <span class='ocrx_word' id='word_1_174' title='bbox 1011 1828 1200 1869; x_wconf 87' lang='lat' dir='ltr'><strong>carmina</strong></span> <span class='ocrx_word' id='word_1_175' title='bbox 1230 1830 1353 1883; x_wconf 90' lang='lat' dir='ltr'><strong>rapta</strong></span> <span class='ocrx_word' id='word_1_176' title='bbox 1385 1827 1506 1869; x_wconf 89' lang='lat' dir='ltr'><strong>meis.</strong></span> 
     </span>
     <span class='ocr_line' id='line_1_23' title="bbox 445 1894 1408 1947; baseline 0.002 -10"><span class='ocrx_word' id='word_1_177' title='bbox 445 1894 528 1937; x_wconf 90' lang='lat' dir='ltr'><strong>His</strong></span> <span class='ocrx_word' id='word_1_178' title='bbox 559 1896 714 1938; x_wconf 87' lang='lat' dir='ltr'><strong>mando</strong></span> <span class='ocrx_word' id='word_1_179' title='bbox 746 1895 882 1947; x_wconf 85' lang='lat' dir='ltr'><strong>dicas,</strong></span> <span class='ocrx_word' id='word_1_180' title='bbox 916 1898 1028 1940; x_wconf 89' lang='lat' dir='ltr'><strong>inter</strong></span> <span class='ocrx_word' id='word_1_181' title='bbox 1059 1899 1228 1940; x_wconf 89' lang='lat' dir='ltr'><strong>mutata</strong></span> <span class='ocrx_word' id='word_1_182' title='bbox 1258 1897 1408 1940; x_wconf 86' lang='lat' dir='ltr'><strong>referri</strong></span> 
     </span>
     <span class='ocr_line' id='line_1_24' title="bbox 503 1965 1445 2024; baseline 0.002 -16"><span class='ocrx_word' id='word_1_183' title='bbox 503 1965 715 2009; x_wconf 87' lang='lat' dir='ltr'><strong>Fortunae</strong></span> <span class='ocrx_word' id='word_1_184' title='bbox 748 1966 923 2009; x_wconf 86' lang='lat' dir='ltr'><strong>vultum</strong></span> <span class='ocrx_word' id='word_1_185' title='bbox 950 1980 1126 2024; x_wconf 89' lang='lat' dir='ltr'><strong>corpora</strong></span> <span class='ocrx_word' id='word_1_186' title='bbox 1157 1981 1278 2023; x_wconf 90' lang='lat' dir='ltr'><strong>posse</strong></span> <span class='ocrx_word' id='word_1_187' title='bbox 1311 1981 1445 2010; x_wconf 88' lang='lat' dir='ltr'><strong>meae.</strong></span> 
     </span>
     <span class='ocr_line' id='line_1_25' title="bbox 262 2034 1852 2098; baseline 0.003 -21"><span class='ocrx_word' id='word_1_188' title='bbox 262 2034 345 2087; x_wconf 82' lang='lat' dir='ltr'><strong>Qui</strong></span> <span class='ocrx_word' id='word_1_189' title='bbox 371 2034 475 2078; x_wconf 91' lang='lat' dir='ltr'><strong>olim</strong></span> <span class='ocrx_word' id='word_1_190' title='bbox 508 2050 666 2094; x_wconf 83' lang='lat' dir='ltr'><strong>mag-no</strong></span> <span class='ocrx_word' id='word_1_191' title='bbox 694 2036 744 2079; x_wconf 90' lang='lat' dir='ltr'><strong>de</strong></span> <span class='ocrx_word' id='word_1_192' title='bbox 770 2038 1084 2080; x_wconf 85' lang='lat' dir='ltr'><strong>mutationibus</strong></span> <span class='ocrx_word' id='word_1_193' title='bbox 1106 2039 1223 2094; x_wconf 91' lang='lat' dir='ltr'><strong>operi</strong></span> <span class='ocrx_word' id='word_1_194' title='bbox 1249 2037 1412 2094; x_wconf 85' lang='lat' dir='ltr'><strong>aliquid</strong></span> <span class='ocrx_word' id='word_1_195' title='bbox 1439 2037 1491 2081; x_wconf 93' lang='lat' dir='ltr'><strong>de</strong></span> <span class='ocrx_word' id='word_1_196' title='bbox 1517 2051 1595 2081; x_wconf 85' lang='lat' dir='ltr'><strong>sua</strong></span> <span class='ocrx_word' id='word_1_197' title='bbox 1611 2038 1852 2098; x_wconf 81' lang='lat' dir='ltr'><strong>mutatione</strong></span> 
     </span>
     <span class='ocr_line' id='line_1_26' title="bbox 261 2107 1854 2167; baseline 0.003 -18"><span class='ocrx_word' id='word_1_198' title='bbox 261 2108 539 2162; x_wconf 87' lang='lat' dir='ltr'><strong>praemiserat</strong></span> <span class='ocrx_word' id='word_1_199' title='bbox 579 2107 690 2163; x_wconf 92' lang='lat' dir='ltr'><strong>quod</strong></span> <span class='ocrx_word' id='word_1_200' title='bbox 732 2108 886 2164; x_wconf 82' lang='lat' dir='ltr'><strong>grandi</strong></span> <span class='ocrx_word' id='word_1_201' title='bbox 925 2107 1001 2151; x_wconf 87' lang='lat' dir='ltr'><strong>illo</strong></span> <span class='ocrx_word' id='word_1_202' title='bbox 1044 2110 1263 2152; x_wconf 87' lang='lat' dir='ltr'><strong>conamine</strong></span> <span class='ocrx_word' id='word_1_203' title='bbox 1305 2108 1488 2166; x_wconf 82' lang='lat' dir='ltr'><strong>dignum</strong></span> <span class='ocrx_word' id='word_1_204' title='bbox 1529 2113 1663 2160; x_wconf 84' lang='lat' dir='ltr'><strong>esset,</strong></span> <span class='ocrx_word' id='word_1_205' title='bbox 1707 2115 1854 2167; x_wconf 79' lang='lat' dir='ltr'><strong>postea</strong></span> 
     </span>
     <span class='ocr_line' id='line_1_27' title="bbox 259 2176 1856 2234; baseline 0.002 -15"><span class='ocrx_word' id='word_1_206' title='bbox 259 2176 375 2219; x_wconf 89' lang='lat' dir='ltr'><strong>idem</strong></span> <span class='ocrx_word' id='word_1_207' title='bbox 407 2176 517 2220; x_wconf 88' lang='lat' dir='ltr'><strong>illud</strong></span> <span class='ocrx_word' id='word_1_208' title='bbox 549 2192 656 2234; x_wconf 89' lang='lat' dir='ltr'><strong>opus</strong></span> <span class='ocrx_word' id='word_1_209' title='bbox 687 2192 1023 2222; x_wconf 85' lang='lat' dir='ltr'><strong>commemorans</strong></span> <span class='ocrx_word' id='word_1_210' title='bbox 1053 2178 1104 2222; x_wconf 91' lang='lat' dir='ltr'><strong>de</strong></span> <span class='ocrx_word' id='word_1_211' title='bbox 1134 2193 1211 2222; x_wconf 85' lang='lat' dir='ltr'><strong>sua</strong></span> <span class='ocrx_word' id='word_1_212' title='bbox 1243 2181 1481 2222; x_wconf 88' lang='lat' dir='ltr'><strong>mutatione</strong></span> <span class='ocrx_word' id='word_1_213' title='bbox 1511 2181 1574 2222; x_wconf 86' lang='lat' dir='ltr'><strong>ita</strong></span> <span class='ocrx_word' id='word_1_214' title='bbox 1602 2180 1768 2223; x_wconf 84' lang='lat' dir='ltr'><strong>iocatur</strong></span> <span class='ocrx_word' id='word_1_215' title='bbox 1802 2181 1856 2222; x_wconf 85' lang='lat' dir='ltr'><strong>ut</strong></span> 
     </span>
     <span class='ocr_line' id='line_1_28' title="bbox 260 2247 1848 2307; baseline 0.003 -18"><span class='ocrx_word' id='word_1_216' title='bbox 260 2247 391 2289; x_wconf 87' lang='lat' dir='ltr'><strong>iocari</strong></span> <span class='ocrx_word' id='word_1_217' title='bbox 437 2247 575 2290; x_wconf 87' lang='lat' dir='ltr'><strong>solent</strong></span> <span class='ocrx_word' id='word_1_218' title='bbox 622 2263 727 2304; x_wconf 88' lang='lat' dir='ltr'><strong>quos</strong></span> <span class='ocrx_word' id='word_1_219' title='bbox 769 2248 969 2292; x_wconf 87' lang='lat' dir='ltr'><strong>ridiculos</strong></span> <span class='ocrx_word' id='word_1_220' title='bbox 1007 2249 1110 2292; x_wconf 83' lang='lat' dir='ltr'><strong>facit</strong></span> <span class='ocrx_word' id='word_1_221' title='bbox 1148 2251 1243 2307; x_wconf 87' lang='lat' dir='ltr'><strong>ipsa</strong></span> <span class='ocrx_word' id='word_1_222' title='bbox 1284 2251 1478 2293; x_wconf 85' lang='lat' dir='ltr'><strong>miseria:</strong></span> <span class='ocrx_word' id='word_1_223' title='bbox 1514 2249 1588 2293; x_wconf 89' lang='lat' dir='ltr'><strong>sed</strong></span> <span class='ocrx_word' id='word_1_224' title='bbox 1619 2249 1848 2307; x_wconf 72' lang='lat' dir='ltr'><strong>utrobique</strong></span> 
     </span>
     <span class='ocr_line' id='line_1_29' title="bbox 260 2317 1849 2378; baseline 0.003 -19"><span class='ocrx_word' id='word_1_225' title='bbox 260 2317 442 2360; x_wconf 90' lang='lat' dir='ltr'><strong>eundem</strong></span> <span class='ocrx_word' id='word_1_226' title='bbox 482 2318 656 2361; x_wconf 87' lang='lat' dir='ltr'><strong>illarum</strong></span> <span class='ocrx_word' id='word_1_227' title='bbox 696 2321 807 2363; x_wconf 87' lang='lat' dir='ltr'><strong>inter</strong></span> <span class='ocrx_word' id='word_1_228' title='bbox 849 2333 893 2362; x_wconf 87' lang='lat' dir='ltr'><strong>se</strong></span> <span class='ocrx_word' id='word_1_229' title='bbox 925 2321 1220 2376; x_wconf 88' lang='lat' dir='ltr'><strong>oppositarum</strong></span> <span class='ocrx_word' id='word_1_230' title='bbox 1252 2321 1542 2364; x_wconf 89' lang='lat' dir='ltr'><strong>mutationum</strong></span> <span class='ocrx_word' id='word_1_231' title='bbox 1575 2321 1849 2378; x_wconf 66' lang='lat' dir='ltr'><strong>agnoscimus</strong></span> 
     </span>
     <span class='ocr_line' id='line_1_30' title="bbox 262 2393 491 2432; baseline 0.009 -3"><span class='ocrx_word' id='word_1_232' title='bbox 262 2393 491 2432; x_wconf 83' lang='lat' dir='ltr'><strong>auctorem.</strong></span> 
     </span>
    </p>
   </div>
   <div class='ocr_carea' id='block_1_5' title="bbox 256 2574 1851 2979">
    <p class='ocr_par' dir='ltr' id='par_1_5' title="bbox 256 2574 1851 2979">
     <span class='ocr_line' id='line_1_31' title="bbox 307 2574 1746 2632; baseline 0.001 -16"><span class='ocrx_word' id='word_1_233' title='bbox 307 2574 412 2630; x_wconf 78' lang='lat' dir='ltr'><strong>Ssq.</strong></span> <span class='ocrx_word' id='word_1_234' title='bbox 446 2574 533 2617; x_wconf 91' lang='lat' dir='ltr'><strong>Nec</strong></span> <span class='ocrx_word' id='word_1_235' title='bbox 566 2576 795 2630; x_wconf 85' lang='lat' dir='ltr'><strong>quicquam</strong></span> <span class='ocrx_word' id='word_1_236' title='bbox 827 2576 909 2617; x_wconf 88' lang='lat' dir='ltr'><strong>nisi</strong></span> <span class='ocrx_word' id='word_1_237' title='bbox 941 2576 1105 2631; x_wconf 88' lang='lat' dir='ltr'><strong>pondus</strong></span> <span class='ocrx_word' id='word_1_238' title='bbox 1136 2577 1248 2618; x_wconf 90' lang='lat' dir='ltr'><strong>iners</strong></span> <span class='ocrx_word' id='word_1_239' title='bbox 1280 2579 1565 2632; x_wconf 83' lang='lat' dir='ltr'><strong>congestaque</strong></span> <span class='ocrx_word' id='word_1_240' title='bbox 1597 2574 1746 2618; x_wconf 90' lang='lat' dir='ltr'><strong>eodem</strong></span> 
     </span>
     <span class='ocr_line' id='line_1_32' title="bbox 442 2645 1571 2688; baseline 0.002 -2"><span class='ocrx_word' id='word_1_241' title='bbox 442 2645 534 2686; x_wconf 91' lang='lat' dir='ltr'><strong>Non</strong></span> <span class='ocrx_word' id='word_1_242' title='bbox 567 2645 671 2687; x_wconf 91' lang='lat' dir='ltr'><strong>bene</strong></span> <span class='ocrx_word' id='word_1_243' title='bbox 702 2647 947 2687; x_wconf 87' lang='lat' dir='ltr'><strong>iunctarum</strong></span> <span class='ocrx_word' id='word_1_244' title='bbox 981 2645 1189 2688; x_wconf 82' lang='lat' dir='ltr'><strong>discordia</strong></span> <span class='ocrx_word' id='word_1_245' title='bbox 1219 2647 1382 2688; x_wconf 88' lang='lat' dir='ltr'><strong>semina</strong></span> <span class='ocrx_word' id='word_1_246' title='bbox 1414 2659 1571 2688; x_wconf 83' lang='lat' dir='ltr'><strong>rerum.</strong></span> 
     </span>
     <span class='ocr_line' id='line_1_33' title="bbox 261 2712 1851 2772; baseline 0.003 -18"><span class='ocrx_word' id='word_1_247' title='bbox 261 2712 325 2755; x_wconf 93' lang='lat' dir='ltr'><strong>Ne</strong></span> <span class='ocrx_word' id='word_1_248' title='bbox 366 2714 435 2755; x_wconf 87' lang='lat' dir='ltr'><strong>hic</strong></span> <span class='ocrx_word' id='word_1_249' title='bbox 477 2714 650 2769; x_wconf 87' lang='lat' dir='ltr'><strong>quidem</strong></span> <span class='ocrx_word' id='word_1_250' title='bbox 687 2715 818 2757; x_wconf 83' lang='lat' dir='ltr'><strong>codex</strong></span> <span class='ocrx_word' id='word_1_251' title='bbox 850 2732 869 2757; x_wconf 87' lang='grc' dir='ltr'><strong><em>ε</em></strong></span> <span class='ocrx_word' id='word_1_252' title='bbox 901 2715 1160 2771; x_wconf 88' lang='lat' dir='ltr'><strong>spernendus</strong></span> <span class='ocrx_word' id='word_1_253' title='bbox 1191 2716 1302 2758; x_wconf 87' lang='lat' dir='ltr'><strong>mihi</strong></span> <span class='ocrx_word' id='word_1_254' title='bbox 1334 2715 1517 2767; x_wconf 85' lang='lat' dir='ltr'><strong>videtur,</strong></span> <span class='ocrx_word' id='word_1_255' title='bbox 1551 2717 1624 2771; x_wconf 90' lang='lat' dir='ltr'><strong>qui</strong></span> <span class='ocrx_word' id='word_1_256' title='bbox 1655 2729 1732 2772; x_wconf 87' lang='lat' dir='ltr'><strong>pro</strong></span> <span class='ocrx_word' id='word_1_257' title='bbox 1763 2729 1851 2758; x_wconf 77' lang='lat' dir='ltr'><strong>con-</strong></span> 
     </span>
     <span class='ocr_line' id='line_1_34' title="bbox 256 2784 1851 2842; baseline 0.003 -18"><span class='ocrx_word' id='word_1_258' title='bbox 256 2789 442 2838; x_wconf 70' lang='lat' dir='ltr'><strong>qestaque</strong></span> <span class='ocrx_word' id='word_1_259' title='bbox 472 2784 599 2826; x_wconf 87' lang='lat' dir='ltr'><strong>habet</strong></span> <span class='ocrx_word' id='word_1_260' title='bbox 631 2785 893 2841; x_wconf 71' lang='lat' dir='ltr'><strong>coniecta-que.</strong></span> <span class='ocrx_word' id='word_1_261' title='bbox 925 2786 1038 2828; x_wconf 89' lang='lat' dir='ltr'><strong>Nam</strong></span> <span class='ocrx_word' id='word_1_262' title='bbox 1069 2791 1230 2829; x_wconf 83' lang='lat' dir='ltr'><strong>temere</strong></span> <span class='ocrx_word' id='word_1_263' title='bbox 1260 2800 1328 2829; x_wconf 82' lang='lat' dir='ltr'><strong>res</strong></span> <span class='ocrx_word' id='word_1_264' title='bbox 1359 2785 1639 2835; x_wconf 77' lang='lat' dir='ltr'><strong>coniiciuntur,</strong></span> <span class='ocrx_word' id='word_1_265' title='bbox 1673 2784 1746 2827; x_wconf 85' lang='lat' dir='ltr'><strong>sed</strong></span> <span class='ocrx_word' id='word_1_266' title='bbox 1774 2786 1851 2842; x_wconf 85' lang='lat' dir='ltr'><strong>qui</strong></span> 
     </span>
     <span class='ocr_line' id='line_1_35' title="bbox 262 2854 1848 2912; baseline 0.003 -18"><span class='ocrx_word' id='word_1_267' title='bbox 262 2854 435 2907; x_wconf 74' lang='lat' dir='ltr'><strong>conyerit</strong></span> <span class='ocrx_word' id='word_1_268' title='bbox 473 2855 664 2897; x_wconf 88' lang='lat' dir='ltr'><strong>consulto</strong></span> <span class='ocrx_word' id='word_1_269' title='bbox 705 2857 796 2912; x_wconf 81' lang='lat' dir='ltr'><strong>agit</strong></span> <span class='ocrx_word' id='word_1_270' title='bbox 838 2860 880 2898; x_wconf 88' lang='lat' dir='ltr'><strong>et</strong></span> <span class='ocrx_word' id='word_1_271' title='bbox 920 2855 971 2898; x_wconf 90' lang='lat' dir='ltr'><strong>de</strong></span> <span class='ocrx_word' id='word_1_272' title='bbox 1011 2856 1237 2899; x_wconf 88' lang='lat' dir='ltr'><strong>industria.</strong></span> <span class='ocrx_word' id='word_1_273' title='bbox 1281 2856 1398 2908; x_wconf 83' lang='lat' dir='ltr'><strong>Quae</strong></span> <span class='ocrx_word' id='word_1_274' title='bbox 1428 2859 1528 2898; x_wconf 89' lang='lat' dir='ltr'><strong>sunt</strong></span> <span class='ocrx_word' id='word_1_275' title='bbox 1560 2859 1742 2908; x_wconf 59' lang='lat' dir='ltr'><strong>comesta</strong></span> <span class='ocrx_word' id='word_1_276' title='bbox 1772 2856 1848 2898; x_wconf 85' lang='lat' dir='ltr'><strong>vix</strong></span> 
     </span>
     <span class='ocr_line' id='line_1_36' title="bbox 261 2923 972 2979; baseline 0.003 -14"><span class='ocrx_word' id='word_1_277' title='bbox 261 2923 343 2966; x_wconf 90' lang='lat' dir='ltr'><strong>dici</strong></span> <span class='ocrx_word' id='word_1_278' title='bbox 376 2929 551 2979; x_wconf 87' lang='lat' dir='ltr'><strong>possunt</strong></span> <span class='ocrx_word' id='word_1_279' title='bbox 585 2939 667 2967; x_wconf 89' lang='lat' dir='ltr'><strong>non</strong></span> <span class='ocrx_word' id='word_1_280' title='bbox 700 2939 788 2967; x_wconf 85' lang='lat' dir='ltr'><strong>esse</strong></span> <span class='ocrx_word' id='word_1_281' title='bbox 822 2925 972 2968; x_wconf 74' lang='lat' dir='ltr'><strong>iuncta.</strong></span> 
     </span>
    </p>
   </div>
   <div class='ocr_carea' id='block_1_6' title="bbox 1972 487 2034 3332">
    <p class='ocr_par' dir='ltr' id='par_1_6' title="bbox 1972 487 2034 3332">
     <span class='ocr_line' id='line_1_37' title="bbox 1972 487 2034 3332; baseline 0 0"><span class='ocrx_word' id='word_1_282' title='bbox 1972 487 2034 3332; x_wconf 95' lang='lat' dir='ltr'><strong> </strong></span> 
     </span>
    </p>
   </div>
  </div>
 </body>
</html>
