2034 3334
986 248 1015 294 4

275 374 308 426 I,
343 373 431 417 550
477 374 530 416 In
550 374 748 430 frondem
779 372 910 416 crines
940 373 984 416 in
1017 388 1147 417 ramae
1177 374 1366 418 bracchia
1398 380 1592 419 croscum.

348 444 436 489 570
484 444 655 487 Effusus
686 443 825 487 Pindo
856 445 1071 502 spumosis
1100 443 1295 489 volvitur
1323 445 1465 490 undis.

254 516 309 568 11,
343 515 432 559 264
479 515 684 558 Existunt
715 519 881 558 montes
911 519 956 559 et
986 529 1152 573 sparsas
1184 514 1392 575 Cyclades
1421 520 1597 575 augent.

349 586 438 629 810
485 586 623 639 Quam
656 600 756 629 cum
787 587 970 643 spinosis
999 587 1116 644 ignis
1146 588 1403 644 supponitur
1432 587 1591 631 herbis.

236 656 312 709 III,
347 656 435 701 628
482 657 710 699 Haesiseem
741 657 920 714 quamvis
950 672 1084 700 amem
1114 657 1158 700 in
1181 658 1295 714 fune
1324 662 1514 702 retentus.

345 727 432 772 662
479 728 581 770 Illi
613 728 927 771 admirantes
958 743 1192 771 remorum
1224 729 1278 772 in
1309 729 1510 772 verbere
1531 733 1788 785 perstant.

235 797 306 850 IV,
370 798 426 842 33
474 799 784 856 Intempestive.
818 799 1038 843 turbantes
1068 799 1178 843 festa
1209 799 1422 844 Minerva.

236 895 292 902 —
343 869 431 913 560
484 871 568 924 Quo
598 885 774 927 quaeque
804 870 849 912 in
874 874 990 924 qesta
1021 871 1215 925 deprensa
1246 874 1304 912 eet
1334 870 1466 914 haesit
1495 870 1540 914 m
1569 870 1659 916 «Ἰὼ.

343 941 431 984 622
478 942 600 984 Nunc
629 942 717 991 huc,
750 956 856 984 nunc
885 941 987 983 ilbuc
1018 941 1195 997 eremplo
1226 941 1342 984 nubis
1372 957 1557 999 aquosae.

339 1010 427 1056 776
474 1012 522 1055 Id
553 1027 598 1056 se
629 1011 795 1056 sollerti
827 1013 1002 1064 furtim,
1035 1012 1138 1055 dum
1173 1012 1373 1065 traditur,
1405 1016 1516 1057 astu.

255 1082 304 1136 V,
343 1083 428 1127 108
473 1083 689 1136 Invictus,
722 1085 839 1128 vinci
871 1085 907 1127 si
939 1088 1112 1141 possent
1142 1084 1356 1128 caestibus
1387 1098 1518 1128 enses.

342 1154 427 1198 139
474 1153 651 1198 Cervice
680 1158 829 1198 exacta
859 1162 926 1199 est
955 1157 1001 1198 in
1032 1159 1259 1213 partesque
1290 1157 1448 1199 emicat
1478 1155 1639 1200 ambas.

340 1224 423 1269 171
473 1226 567 1268 Non
597 1226 888 1281 circumspectis
921 1231 1098 1269 exactum
1129 1226 1282 1269 viribus
1313 1241 1455 1270 ensem.

337 1295 426 1338 340
474 1298 614 1353 Atque
648 1297 751 1340 haec
781 1299 991 1354 percussis
1023 1298 1250 1355 subiungit
1281 1299 1470 1341 carmina
1501 1299 1659 1342 nervis.

338 1366 425 1409 556
473 1366 612 1419 Quam
643 1371 871 1424 postquam
903 1371 993 1411 toto
1022 1368 1182 1411 frustra
1212 1369 1440 1425 quaesistis
1471 1369 1516 1411 in
1549 1368 1662 1412 orbe.

228 1435 299 1488 VI,
364 1436 421 1480 68
469 1437 570 1480 Illic
601 1442 639 1480 et
671 1438 818 1480 lentum
838 1438 935 1493 filie
965 1438 1187 1481 inmittitur
1217 1454 1370 1481 aurum.
1582 1479 1586 1481 .
2018 1436 2034 1510 j

335 1506 422 1550 365
472 1509 565 1550 Huc
594 1508 695 1550 illuc
725 1509 860 1551 limum
892 1509 1002 1551 saltu
1032 1524 1183 1552 movere
1213 1509 1402 1565 mabiqno.
2018 1515 2034 1574 ξ

334 1577 422 1620 456
469 1578 607 1631 Quam
639 1580 774 1635 siquis
806 1581 921 1622 canis
951 1581 1101 1637 ignem
1133 1585 1345 1637 supponat
1376 1581 1534 1623 aristis.
2024 1574 2034 1591 ²

334 1647 420 1692 637
468 1648 718 1692 Lactentem
751 1650 890 1693 fetum
921 1664 997 1707 per
1027 1650 1159 1694 silvas
1190 1653 1318 1708 tigris
1350 1664 1513 1708 opacas.
2022 1663 2034 1720 ξ

334 1718 421 1762 703
467 1719 668 1762 Excussit
700 1734 858 1776 pennas
869 1735 879 1772 ;
915 1735 1097 1777 quarum
1128 1723 1358 1765 iactatibus
1389 1723 1541 1765 omnis.

206 1788 298 1839 VII,
334 1789 420 1832 140
468 1792 504 1831 A
534 1806 575 1832 se
606 1791 812 1845 depulsum
844 1791 1019 1833 Martem
1051 1793 1243 1834 convertit
1272 1792 1316 1834 in
1348 1793 1468 1847 ipsos.

335 1859 420 1903 152
467 1861 582 1903 Haec
604 1866 814 1918 postquam
843 1862 998 1917 sparsit
1027 1863 1198 1905 Lethaei
1223 1863 1405 1916 qramine
1434 1864 1534 1906 suci.

333 1930 418 1973 189
465 1930 547 1974 Ter
579 1946 623 1974 se
654 1935 884 1984 convertit,
918 1938 984 1976 ter
1015 1936 1202 1990 sumptis
1232 1934 1409 1978 flumine
1442 1937 1619 1978 crinem.

330 2001 417 2044 225
466 2001 712 2060 Othrysque
744 2003 991 2061 Pindusque
1022 2009 1066 2048 et
1098 2006 1235 2048 Pindo
1266 2007 1403 2049 maior
1433 2004 1662 2064 Olympus.

328 2071 417 2115 258
464 2073 739 2115 Bacchantum
768 2074 854 2116 ritu
873 2076 1102 2130 flaqrantes
1133 2076 1278 2118 circuit
1312 2091 1420 2119 ara-3.

325 2142 412 2186 277
461 2144 611 2186 Arenti
643 2159 760 2188 ramo
792 2147 879 2188 iam
911 2147 1077 2202 pridem
1109 2149 1230 2190 mitis
1262 2146 1414 2191 olivae.

323 2213 411 2255 442
460 2216 537 2256 Ad
567 2220 761 2258 terram
793 2216 906 2259 late
935 2233 1228 2272 sparsuras
1259 2234 1484 2274 corpora
1506 2218 1687 2273 pinne.

171 2283 282 2335 VIII,
318 2284 402 2326 525
451 2285 660 2327 Paulatim
690 2303 792 2329 cana
814 2303 991 2342 prunam
1019 2289 1175 2331 velante
1198 2290 1376 2345 favilla.

323 2355 409 2398 532
456 2356 614 2413 Exegit
645 2372 799 2414 poenas
830 2364 924 2402 acto
957 2374 1033 2416 per
1064 2363 1228 2404 viscera
1259 2361 1380 2405 ferro.

323 2425 409 2469 760
457 2426 641 2484 Coepere
671 2443 718 2472 ac
749 2429 868 2487 longi
899 2430 1108 2487 pallorem
1142 2432 1293 2475 ducere
1324 2434 1449 2476 rami.

210 2496 285 2547 IX,
323 2496 407 2539 169
458 2501 552 2539 Aut
583 2500 754 2541 haeret
785 2502 1007 2544 membris
1031 2503 1246 2560 frustra
1277 2507 1519 2557 temptata
1550 2501 1758 2546 revelli.

319 2567 402 2608 241
454 2567 715 2625 Securosque
748 2575 866 2614 artus
897 2577 1320 2630 contemptoremque
1351 2575 1537 2630 petebat.

320 2636 406 2678 362
454 2637 722 2682 Crescentem
754 2645 956 2684 truncum
989 2657 1214 2700 ramosque
1247 2643 1444 2700 amplexa
1475 2648 1681 2687 moratur.

320 2706 406 2748 388
455 2707 570 2750 Dum
603 2713 723 2766 tangi
755 2726 929 2766 possum
959 2727 1229 2770 parvumque
1261 2713 1448 2757 attollite
1478 2718 1644 2757 natum.

211 2777 286 2826 XI,
350 2777 406 2819 29
454 2778 545 2821 Hae
578 2780 772 2836 glaebae,
806 2783 908 2826 illae
941 2784 1128 2841 direptos
1160 2786 1311 2828 arbore
1341 2799 1496 2828 ramos.

319 2847 406 2888 238
454 2849 547 2890 Illic
580 2855 621 2892 te
655 2851 830 2903 Peleus,
864 2859 915 2896 ut
946 2855 1103 2898 Somno
1136 2857 1280 2898 vincta
1309 2856 1488 2898 iacebas.

189 2917 285 2964 XII,
324 2917 405 2958 139
465 2919 520 2958 Π
554 2921 705 2961 multa
741 2925 893 2965 vertit
924 2930 1188 2981 terraeque
1218 2925 1448 2981 adflixit
1480 2926 1721 2970 Achillea.

322 2987 405 3027 142
453 2988 628 3031 Elidunt
660 2991 800 3034 fauces
830 2999 872 3035 et
903 2996 1161 3050 respiramen
1191 2997 1369 3051 iterque·
