2034 3334
945 343 1027 382 139

202 467 292 507 An:
339 478 464 518 „cum
505 469 692 518 aliquem
733 469 894 518 laudes,
930 468 1122 519 primum
1153 468 1296 516 aliqua
1326 467 1505 507 infamia
1536 477 1637 506 eum
1668 477 1764 506 esse

201 544 529 593 purgandum?’'
582 545 783 584 Mendum
829 545 1006 584 subesse
1052 528 1257 593 suspicor,
1306 544 1434 592 atque
1479 554 1554 592 pro
1601 543 1764 581 laude

201 620 411 670 scripturn
452 621 586 660 fuisse
628 621 960 661 narratione
1001 621 1070 660 vel
1111 620 1254 659 simile
1296 619 1477 668 aliquid:
1516 629 1616 658 cum
1648 618 1764 657 enim

201 696 376 735 tandem
429 697 655 745 aliquando
703 708 751 737 eo
797 696 994 746 pervenit
1038 696 1184 735 Davus
1230 697 1280 735 ut
1325 705 1394 734 res
1440 694 1522 734 sibi
1569 694 1764 743 eognitas

202 772 411 823 denarret,
456 773 508 812 ab
550 773 635 812 illis
676 774 780 813 facit
820 773 994 812 initium
1035 783 1143 821 quae
1180 773 1348 811 metum
1380 772 1551 810 demere
1583 770 1762 819 possint.

203 847 291 898 Quo
327 848 441 888 facto
473 850 626 898 sponte
657 850 811 899 gaudio
843 849 1077 898 implentur
1108 848 1298 898 iuvenes,
1332 848 1381 886 ut
1411 847 1494 896 ipsi
1525 846 1644 886 Davo
1676 846 1764 885 iam

201 924 309 964 nihil
339 924 398 964 sit
427 925 682 965 addendum.

259 1000 443 1040 Narrare
474 1011 574 1049 ergo
604 1000 751 1040 Davus
782 1001 845 1040 sic
876 1000 1025 1050 incipit
1056 1002 1134 1047 (VS.
1172 1001 1224 1040 16
1257 1002 1359 1049 sq.):

380 1076 497 1115 Tuus
513 1077 636 1125 pater
651 1077 779 1116 modo
795 1087 867 1116 me
884 1076 1132 1126 prehendit:
1152 1075 1213 1115 ait
1229 1072 1307 1115 tibi
1323 1086 1505 1115 uxorem
1522 1076 1623 1115 dare
1639 1085 1735 1114 sese

378 1152 528 1192 Hodie.

201 1229 468 1269 Annotatur:
522 1230 603 1268 ait
648 1229 756 1268 tibi
802 1240 1032 1269 uxorem
1079 1230 1208 1268 dare
1255 1230 1394 1274 sese]
1448 1226 1765 1277 „coniecturam

201 1305 306 1344 facit
346 1316 372 1344 a
412 1305 541 1344 malis
578 1316 686 1354 quae
717 1306 1086 1354 praecesserunt?
1119 1305 1233 1343 Num
1264 1305 1345 1343 hoc
1374 1304 1469 1343 vult
1501 1303 1764 1343 Scholiasta:

206 1392 382 1431 „revera
407 1392 494 1421 non
519 1382 625 1431 ipsis
653 1382 795 1421 verbis
821 1382 932 1421 dixit
957 1392 1092 1421 senex
1118 1392 1300 1421 uxorem
1327 1382 1427 1420 dare
1449 1391 1508 1430 se,
1528 1380 1604 1419 sed
1619 1379 1766 1419 Davus

185 1458 243 1508 *id
290 1458 592 1497 tantummodo
634 1458 910 1498 coniectando
953 1458 1095 1497 effecit
1136 1468 1158 1496 e
1199 1457 1331 1496 minis
1373 1467 1398 1496 a
1438 1456 1592 1505 quibus
1631 1465 1766 1494 senex

202 1544 326 1573 orsus
367 1535 434 1573 est
445 1535 494 1573 ?'’
536 1534 668 1582 Atqui
706 1534 787 1573 hoc
818 1534 862 1572 et
893 1544 992 1573 cum
1024 1533 1118 1582 ipsa
1147 1533 1331 1572 veritate
1364 1534 1407 1571 et
1439 1542 1537 1571 cum
1569 1531 1766 1580 sequenti

202 1610 387 1649 scholio:
439 1610 568 1659 „dicit
610 1620 685 1649 cur
725 1610 863 1659 primo
907 1610 1132 1649 crediderit
1171 1619 1310 1659 veras,
1354 1609 1546 1648 dicturus
1587 1607 1766 1646 subinde

204 1696 278 1725 cur
323 1686 484 1725 falsas'’
533 1687 682 1735 aperta
726 1686 866 1726 fronte
912 1687 1086 1735 pugnat.
1136 1686 1337 1734 Suspicor
1379 1685 1766 1724 coniecturam

202 1761 345 1800 facit
386 1772 408 1801 e
450 1761 617 1801 malis
658 1763 906 1811 corruptum
949 1772 1055 1812 esse,
1100 1772 1233 1810 eoque
1269 1761 1360 1800 1000
1393 1760 1602 1809 scriptum
1633 1759 1767 1798 fuisse

203 1837 362 1885 aliquid
395 1838 439 1877 in
470 1838 581 1877 hanc
607 1838 892 1877 sententiam:
925 1837 1127 1887 „omittit‚
1156 1847 1242 1876 non
1269 1837 1582 1876 commemorat
1607 1835 1766 1874 mala.’'

203 1913 363 1962 Ecquid
404 1914 682 1952 iacturam
724 1914 868 1952 facit
909 1914 1216 1952 malorum?
1247 1913 1341 1952 Non
1374 1912 1489 1951 enirn
1522 1910 1767 1950 incredibile

203 2000 278 2039 pro
325 1990 607 2029 iacturam
648 1990 816 2029 dedisse
853 1989 1041 2038 aliquem
1074 1990 1218 2029 notius
1250 1989 1332 2028 sibi
1362 1989 1621 2027 vocabulum
1653 1998 1766 2026 con-

203 2066 506 2115 iecturam,
561 2076 643 2114 quo
694 2065 807 2104 facto
860 2066 993 2104 etiam
1044 2065 1319 2104 malorum
1359 2064 1619 2103 mutandum
1661 2063 1765 2102 erat.

204 2141 264 2182 Of.
299 2143 352 2182 ad
383 2153 447 2181 vs.
485 2142 551 2182 17.

382 2218 494 2258 Item
527 2218 613 2257 alia
643 2218 794 2267 multa,
828 2227 937 2266 quae
969 2227 1082 2256 nunc
1113 2227 1198 2256 non
1229 2218 1297 2256 est
1327 2216 1528 2255 narrandi
1558 2216 1691 2254 locus.

264 2295 404 2334 Item
447 2294 560 2333 alia
595 2294 788 2339 multa]
831 2293 1084 2342 „commoda
1114 2293 1302 2331 narratio
1335 2302 1360 2330 a
1390 2291 1646 2330 necessariis
1677 2292 1767 2330 tan-

204 2372 312 2410 tum.
366 2370 504 2409 Minas
550 2370 698 2408 autem
745 2369 861 2408 senis
909 2367 1328 2417 praetermisit,
1377 2378 1431 2406 ne
1477 2367 1769 2415 corrumperet

204 2446 327 2496 bona,
361 2456 470 2494 quae
501 2445 770 2484 nuntiabat.”

265 2521 330 2559 Ad
372 2521 581 2560 vocabula
621 2530 759 2569 quae
800 2530 943 2558 nunc
979 2520 1086 2558 haec
1117 2519 1399 2558 annotantur:
1437 2519 1768 2567 „argumentum

207 2597 274 2636 est
315 2606 518 2645 quaerere
554 2596 747 2644 potuisse
779 2606 879 2634 eum
911 2596 983 2643 qui
1014 2595 1072 2634 sit
1102 2595 1291 2644 territus,
1325 2604 1428 2633 narn
1459 2594 1590 2633 timor
1621 2604 1768 2632 curam

205 2672 360 2721 parit.''
394 2671 482 2710 Aut
514 2672 712 2719 corrupta
743 2671 849 2709 haec
880 2671 982 2709 sunt
1014 2671 1089 2709 aut
1120 2670 1182 2709 sic
1213 2670 1480 2718 accipienda:
1512 2679 1669 2719 „causa
1696 2679 1770 2708 cur

206 2747 321 2786 istud
363 2757 500 2795 quae
533 2756 675 2785 nunc
706 2756 811 2785 non
843 2747 929 2784 est
960 2745 1227 2784 narrandi
1259 2745 1416 2784 locus
1449 2745 1577 2784 addat
1608 2744 1766 2794 Davus,

206 2822 313 2861 haec
370 2823 437 2861 est
492 2821 603 2869 quod
655 2821 812 2869 alioqui
857 2821 982 2860 facile
1028 2820 1120 2859 fieri
1166 2820 1378 2869 potuisset
1423 2821 1472 2858 ut
1517 2820 1769 2869 Pamphilus

209 2897 389 2938 diceret:
447 2898 533 2938 ista
588 2907 753 2947 quoque
811 2897 896 2936 alia
950 2896 1090 2936 multa
1145 2906 1272 2935 narra
1327 2895 1478 2934 mihi.''
1527 2895 1606 2945 Qui
1653 2896 1769 2935 enim
