2034 3334
936 355 992 397 59

220 486 425 529 stinctum
466 483 628 526 bellum
672 485 737 526 est
769 484 818 525 ut
848 481 982 525 libere
1016 482 1269 525 sententiam
1300 480 1352 523 de
1379 493 1428 524 eo
1454 480 1593 523 dicere
1617 490 1714 534 pos-

220 561 320 605 sis.’'
351 560 434 603 Sed
461 560 671 604 eiusmodi
703 558 940 615 periculum
973 559 1011 601 si
1042 558 1246 600 Horatius
1276 557 1467 600 indicare
1497 556 1714 610 voluisset,

219 638 329 681 hanc
375 637 606 680 addidisset
652 636 1008 678 admonitionem:
1062 634 1184 689 „Noli
1227 633 1335 676 illud
1374 636 1548 689 tangere
1588 646 1715 688 argu-

220 717 434 767 mentum3
486 713 589 769 quin
636 713 779 769 potius
825 710 1064 767 tragoedias
1112 710 1297 753 scribere
1329 722 1478 765 perge:
1511 709 1609 751 illae
1639 707 1717 750 tibi

220 791 512 834 molestiarum
558 790 620 832 nil
670 802 818 846 parere
864 787 1086 845 possunt.''
1134 786 1263 830 Nunc
1308 799 1408 829 vero
1455 786 1716 828 contrarium

222 869 346 924 sequi
390 867 581 919 videtur-3
629 866 811 921 videtur,
857 866 937 920 aio,
976 878 1076 907 nam
1119 867 1267 920 poetae
1314 876 1401 905 non
1448 863 1625 918 contigit
1669 864 1718 904 ut

221 944 352 988 verba
392 944 615 998 inveniret,
648 955 759 999 quae
792 941 921 985 simul
951 943 1085 984 metro
1114 943 1211 996 apta
1242 943 1284 983 et
1308 940 1533 996 perspicua
1564 941 1716 981 essent.

280 1020 356 1063 Vs.
390 1021 427 1063 9.
473 1019 708 1062 Paulum
757 1030 989 1062 severae
1030 1017 1185 1060 Musa
1215 1016 1544 1073 tragoediae
1571 1015 1719 1058 desit

222 1098 480 1141 theatris.
527 1095 573 1139 Si
617 1108 716 1152 ergo
759 1094 898 1138 Pollio
940 1093 1202 1150 tragoediam
1244 1093 1461 1150 paulisper
1493 1092 1650 1134 omittit
1681 1093 1723 1134 et

222 1175 385 1217 interea
430 1173 651 1215 historiam
693 1169 851 1226 scribit,
883 1182 959 1226 per
988 1170 1098 1213 illud
1129 1173 1299 1226 tempus
1329 1172 1474 1212 totane
1503 1167 1721 1224 tragoedia

224 1250 379 1293 vacat?
434 1249 622 1292 Planene
667 1250 760 1290 tum
807 1246 1046 1303 tragoediae
1092 1245 1218 1289 Musa
1263 1245 1414 1288 abest?
1460 1244 1635 1287 Urbana
1681 1246 1722 1286 et

223 1329 408 1369 venusta
453 1339 503 1368 ea
549 1324 768 1367 nonnullis
814 1323 987 1366 videtur
1027 1323 1199 1374 locutio,
1246 1323 1352 1364 mihi
1401 1321 1720 1364 absurdissima.

223 1403 345 1446 Idem
376 1406 418 1446 et
447 1401 741 1463 Peerlkampio
773 1401 928 1456 visum,
961 1401 1049 1456 qui,
1077 1412 1132 1442 ne
1157 1403 1281 1456 poe'ta
1296 1400 1510 1455 ineptiret,
1526 1411 1575 1442 ea
1591 1397 1722 1441 verba

227 1481 289 1523 sic
332 1492 425 1522 esse
469 1463 787 1534 inffirpretanda
833 1478 1077 1533 suspicatus
1124 1479 1189 1519 est
1234 1479 1283 1519 ut
1331 1488 1470 1518 sermo
1518 1477 1630 1517 esset
1671 1475 1723 1517 de

226 1556 445 1616 Histpriae
488 1554 636 1608 Musa:
684 1553 796 1596 bella
843 1554 957 1596 enim
1006 1553 1150 1595 civilia
1195 1553 1399 1609 tragicam
1437 1565 1527 1595 rem
1559 1564 1653 1594 esse
1683 1554 1725 1594 et

227 1632 466 1675 Pollionem
513 1630 679 1674 tumido
721 1643 851 1672 usum
893 1641 986 1672 esse
1017 1628 1231 1671 scribendi
1261 1641 1427 1684 genere,
1458 1628 1606 1671 eodem
1639 1641 1724 1684 quo

227 1709 560 1764 Theopompum,
607 1706 659 1749 de
706 1719 791 1762 quo
837 1705 1118 1748 Plutarchus:
1161 1706 1212 1752 ὡς
1253 1703 1399 1758 γράφει
1432 1702 1501 1746 καὶ
1532 1703 1730 1758 τραγῳδεῖ

230 1785 474 1837 Θεόπομπος.
524 1783 788 1834 Acutissimi‚
829 1782 984 1839 hercle,
1026 1783 1108 1824 viri
1139 1782 1339 1838 suspicio,
1370 1782 1546 1824 minime
1573 1784 1727 1836 tamen,

230 1866 280 1906 ut
310 1863 471 1918 opinor,
501 1859 745 1917 probabilis.

289 1937 396 1981 Ubi
435 1936 696 1994 publicas
737 1948 826 1978 res
868 1935 1167 1978 ordinaris.
1212 1934 1310 1977 Non
1340 1936 1480 1990 potest
1511 1934 1621 1976 alius
1653 1933 1728 1975 ho-

231 2029 327 2059 rum
368 2027 461 2058 esse
506 2013 735 2056 verborum
767 2025 921 2055 sensus
952 2025 1080 2068 quam
1113 2011 1204 2054 hic:
1239 2011 1314 2054 ubi
1342 2011 1542 2053 historiae
1572 2010 1729 2066 Populi

232 2091 414 2134 Romani
454 2093 618 2146 partem
659 2088 806 2131 ordine
834 2088 1168 2143 pertractaveris.
1199 2087 1259 2129 At
1291 2088 1388 2143 quis
1419 2100 1626 2142 unquam,
1657 2088 1729 2129 cui

233 2180 322 2210 non
355 2166 479 2209 metri
511 2164 740 2207 difficultas
771 2163 879 2207 bene
905 2163 1111 2219 loquendi
1137 2163 1380 2206 facultatem
1410 2163 1650 2218 ademisset,
1667 2165 1729 2206 sic

235 2248 299 2288 est
344 2242 549 2287 locutus?
595 2242 805 2295 (Alterum
852 2241 993 2283 locum
1036 2241 1112 2283 ubi
1146 2241 1199 2283 ad
1229 2241 1347 2283 istud
1378 2239 1558 2283 verbum
1590 2240 1730 2282 ordi-

236 2321 406 2364 nandi
438 2319 668 2375 confugere
699 2319 866 2374 cogitur
896 2317 1103 2360 Horatius
1135 2331 1266 2373 supra
1298 2317 1450 2371 attuli.)

295 2430 371 2473 Vs.
406 2430 472 2471 13.
591 2427 768 2484 Insigne
798 2429 971 2470 maestis
1001 2427 1259 2483 praesidium
1291 2427 1376 2469 reis

592 2503 648 2546 Et
678 2503 921 2546 consulenti
950 2503 1088 2546 Pollio
1117 2504 1273 2558 curiae,

623 2565 625 2567 ¹
655 2579 735 2622 Cui
764 2579 915 2622 laurus
947 2582 1140 2622 aeternos
1171 2579 1352 2621 honores

711 2653 947 2698 Delmatico
979 2656 1141 2711 peperit
1171 2654 1397 2710 triumpho.

302 2774 460 2818 Omnes
492 2774 572 2817 hae
601 2773 808 2816 Pollionis
838 2772 986 2815 laudes
1017 2774 1130 2815 recte
1161 2774 1203 2815 et
1232 2772 1327 2815 iure
1352 2772 1422 2814 hic
1446 2772 1588 2815 locum
1604 2784 1733 2814 suum

243 2851 483 2894 obtinerent
527 2851 564 2893 si
608 2849 878 2906 praecederet
926 2849 1089 2904 aliquid
1134 2849 1182 2890 in
1212 2848 1328 2891 hunc
1360 2848 1556 2891 modum:
1594 2846 1734 2902 „Dum
