2034 3334
667 1052 888 1103 CAPUT
932 1052 1279 1112 QUARTUM.

288 1417 412 1469 Quod
459 1418 584 1468 modo
629 1417 818 1460 dicebam
861 1417 1130 1461 Meierottoni
1162 1417 1446 1478 Qffilffifussrsst
1478 1418 1723 1474 aequalium

226 1496 291 1553 der
309 1494 488 1551 Horatio
507 1495 727 1549 iudicium,
757 1495 973 1549 statuenti,
1000 1508 1260 1550 quamquam
1289 1495 1402 1537 haud
1430 1494 1556 1550 longe
1582 1507 1724 1537 avero

210 1554 383 1614 *afuisse
423 1572 654 1626 videretur,
694 1574 838 1614 tamen
881 1584 967 1613 non
1000 1572 1125 1627 plane
1157 1584 1224 1614 me
1255 1572 1465 1626 assentiri,
1497 1570 1542 1612 id
1574 1571 1723 1614 huius-

224 1648 388 1691 cemodi
419 1651 493 1691 est.
527 1647 730 1707 Consulto
761 1647 812 1690 ab
845 1647 1096 1703 aequalibus
1125 1647 1468 1704 supparibusque
1495 1647 1722 1690 Horatium

227 1724 398 1780 negligi,
444 1724 496 1767 de
541 1724 755 1766 industria
797 1724 988 1767 eiusdem
1030 1724 1178 1766 aetatis
1221 1724 1335 1766 viros
1367 1723 1556 1767 literatos
1589 1724 1641 1767 de
1674 1737 1723 1767 eo

225 1801 348 1844 silere
379 1801 607 1855 contendit,
639 1804 713 1843 aut
745 1801 781 1843 si
812 1801 896 1843 iam
931 1800 1054 1843 silere
1087 1813 1172 1842 non
1205 1801 1371 1856 possint
1402 1814 1529 1856 quam
1563 1800 1722 1844 brevis-

228 1877 334 1919 sime
382 1876 556 1932 defungi
603 1890 743 1933 neque
791 1877 1025 1932 quidquam
1070 1878 1234 1919 nomini
1276 1878 1368 1920 eius
1411 1878 1565 1921 addere
1607 1879 1722 1934 quod

228 1966 414 1996 amorem
456 1953 832 1996 admirationemve
874 1956 1063 1996 testetur.
1105 1954 1250 2009 Atque
1281 1954 1340 1996 ita
1371 1966 1416 1996 se
1446 1967 1535 1996 rem
1569 1955 1723 1998 habere

228 2042 368 2086 neque
402 2042 509 2086 nego
542 2042 683 2086 neque
714 2029 901 2083 affirmo;
936 2030 1162 2072 admodum
1197 2031 1309 2072 enim
1344 2030 1481 2073 debile
1512 2035 1574 2073 est
1607 2032 1722 2074 istud

231 2106 345 2162 quod
390 2106 546 2148 dieitur
592 2119 615 2149 e
660 2106 827 2149 silentio
871 2109 1182 2162 argumentum.
1226 2106 1277 2148 In
1321 2107 1458 2150 medio
1501 2120 1600 2162 ergo
1635 2120 1722 2150 rem

232 2182 554 2238 relinquendam
603 2195 768 2238 censeo,
814 2183 887 2226 sed
929 2185 988 2225 ita
1031 2187 1090 2238 ut,
1133 2183 1230 2225 nolo
1262 2184 1374 2226 enim
1408 2184 1510 2239 quid
1544 2185 1721 2226 sentiam

230 2259 417 2312 reticere,
463 2271 560 2300 cum
608 2258 884 2302 Meierottone
929 2259 1067 2302 faeere
1114 2259 1247 2302 multo
1290 2260 1431 2302 malim
1466 2274 1591 2315 quam
1624 2256 1753 2303 eum'

232 2337 400 2377 nostrae
431 2334 578 2376 aetatis
611 2335 715 2376 viris
746 2334 891 2390 doctis,
924 2336 998 2390 qui
1029 2336 1195 2390 magnis
1228 2335 1442 2378 doctrinae
1471 2335 1722 2392 ambagibus

230 2410 456 2452 Horatium
504 2409 623 2452 brevi
671 2413 859 2466 tempore
905 2412 1065 2453 civium
1114 2425 1291 2454 suorum
1339 2416 1582 2454 assecutum
1631 2426 1723 2457 esse

230 2487 417 2529 favorem
451 2486 737 2541 demonstrare
770 2488 911 2529 conati
937 2491 1049 2530 sunt.
1077 2487 1235 2530 Mirum
1264 2487 1397 2530 videri
1415 2490 1550 2544 possit
1566 2490 1726 2545 multis,

232 2563 306 2606 sed
355 2566 604 2619 argumenta
648 2565 689 2605 et
734 2563 891 2605 indicia
934 2576 1043 2618 quae
1084 2564 1147 2605 illi
1190 2564 1453 2620 collegerunt
1485 2579 1720 2622 numquam

232 2640 401 2696 perlego
441 2640 545 2695 quin
578 2639 629 2681 de
661 2638 872 2681 obstinato
905 2639 1086 2695 silentio,
1116 2643 1375 2696 contemptu,
1407 2642 1502 2684 odio
1535 2644 1725 2699 suspicer

234 2716 405 2772 aliquid.
453 2716 604 2771 Neque
651 2715 821 2758 difficile
862 2719 926 2758 est
968 2717 1153 2772 suspicio
1185 2717 1257 2759 illa
1290 2731 1373 2774 quo
1408 2719 1532 2761 modo
1564 2720 1724 2763 oriatur

234 2805 415 2835 narrare.
466 2792 590 2834 Unus
637 2793 750 2834 enim
798 2793 864 2833 vir
909 2792 1070 2846 doctus,
1114 2793 1165 2835 de
1206 2793 1339 2836 literis
1381 2794 1524 2838 latinis
1556 2798 1722 2852 egregie

236 2869 422 2924 meritus,
449 2872 601 2911 cautus
627 2872 840 2924 praeterea
867 2869 992 2911 homo
1010 2872 1050 2912 et
1066 2871 1398 2926 circumspectus
1417 2897 1468 2902 —
1488 2871 1717 2916 Martinum
