2034 3334
1043 397 1126 437 148

298 519 445 569 „velut
470 521 740 570 prooemium
767 521 993 561 narratum
1020 522 1130 562 est.”
1158 522 1208 562 In
1224 522 1457 564 Klotziana
1471 534 1547 574 pro
1573 526 1867 566 narratum

294 595 450 644 legitur
490 596 862 637 narrationis.
896 596 1030 637 Multo
1062 597 1303 647 elegantius
1334 600 1402 639 est
1432 599 1543 648 quod
1576 600 1716 641 maior
1746 599 1865 641 Wes-

294 672 549 712 terhoviana
579 673 732 712 habet:
766 673 1076 714 narraturi.

354 749 423 788 26.
461 748 597 798 Quid
629 759 710 789 me
741 749 881 789 fiet?
912 749 1047 789 miser
1078 749 1151 790 ssle
1182 749 1394 790 Charinus
1426 751 1657 793 exclamat.
1689 751 1866 793 Placare

293 835 392 863 eum
425 825 572 865 studet
602 825 749 865 Davus
779 826 991 876 rogando:

471 900 561 941 Eho
582 902 630 941 tu
647 902 889 952 impudens,
908 911 994 941 non
1010 902 1120 942 satis
1136 901 1282 952 habes,
1301 903 1413 952 quod
1430 902 1508 942 tibi
1525 902 1739 944 dieculam
1755 903 1865 944 addo

471 976 690 1027 Quantum
721 978 822 1017 huic
852 987 1085 1027 promoveo
1118 979 1304 1028 nuptias.

290 1052 356 1092 Ad
388 1053 518 1102 quid
549 1063 632 1093 me
663 1053 683 1093 f
691 1054 771 1093 iet
801 1055 1056 1094 annotatur:
1094 1054 1228 1104 „Quid
1261 1054 1424 1104 igitur?
1455 1055 1556 1104 quid
1582 1055 1635 1095 de
1659 1065 1732 1096 me
1757 1054 1865 1096 fiet?

290 1129 355 1168 Ab
398 1139 447 1169 eo
490 1130 570 1169 hoc
611 1130 736 1179 quasi
778 1140 804 1169 a
845 1130 1014 1170 iocante
1050 1130 1417 1180 pronuntiandum
1449 1132 1539 1180 est;
1571 1141 1676 1172 nam
1706 1132 1771 1173 sic
1801 1131 1864 1172 illl

290 1205 518 1255 impudens
543 1206 816 1255 respondet.’'
843 1205 1012 1246 Ultima
1038 1206 1112 1246 illa
1138 1217 1260 1246 nam
1288 1229 1342 1235 —
1370 1207 1679 1257 respondet
1702 1206 1862 1258 signifi—

290 1282 412 1320 cant:
460 1282 580 1331 „ideo
623 1282 667 1321 in
698 1292 904 1332 responso
935 1281 1083 1322 Davus
1115 1283 1324 1322 vocabulo
1356 1283 1652 1333 impudens
1681 1283 1862 1324 utitur.”

290 1356 499 1407 Quoniam
543 1359 691 1397 autem
728 1358 909 1397 iocari
940 1368 1026 1398 non
1058 1359 1126 1398 est
1157 1358 1434 1409 impudentis,
1468 1359 1647 1399 dubium
1677 1369 1764 1400 non
1794 1360 1863 1399 est

288 1433 391 1482 quin
438 1434 665 1473 iocante
712 1435 962 1483 corruptum
1009 1435 1079 1474 sit.
1127 1434 1364 1474 Videamus
1410 1445 1596 1484 sequens
1641 1434 1860 1475 scholion:

291 1510 485 1559 „proprie
541 1508 726 1549 Charino
784 1510 895 1549 dixit
951 1510 1191 1561 impudens,
1240 1511 1364 1559 quasi
1411 1511 1587 1551 insolita
1632 1512 1677 1551 et
1719 1510 1862 1551 multa

288 1585 525 1634 poscenti.''
559 1586 671 1635 Lege
704 1596 804 1635 ergo
835 1587 1108 1635 poscente
1141 1587 1185 1626 et
1211 1586 1367 1637 confer,
1391 1597 1501 1635 quae
1527 1596 1659 1636 supra
1683 1587 1737 1636 (p.
1760 1586 1858 1633 137)

286 1660 402 1699 dicta
441 1663 545 1700 sunt
586 1661 637 1701 de
678 1662 732 1700 iis
774 1661 859 1712 qui,
903 1660 1159 1701 beneficium
1201 1662 1304 1701 dum
1345 1663 1511 1712 petunt,
1550 1661 1780 1702 consilium
1810 1671 1859 1702 se

285 1737 431 1785 petere
472 1737 695 1776 simulant.
738 1737 967 1777 Praeterea
1007 1738 1206 1787 equidem
1237 1738 1674 1787 pronuntiatum
1703 1736 1859 1777 malim

285 1822 417 1860 quam
467 1813 952 1862 pronuntiandum
995 1812 1070 1860 (cf.
1113 1824 1152 1863 p.
1198 1814 1253 1853 75
1296 1813 1347 1853 de
1388 1813 1621 1863 praeterito
1661 1814 1858 1863 tempore

285 1888 584 1928 huiuscemodi
615 1889 748 1936 locis).

344 2040 415 2090 IV,
460 2041 500 2091 3,
535 2042 574 2080 3.
608 2040 674 2080 Ad
705 2041 888 2080 virum
915 2042 969 2080 in
1001 2042 1203 2090 quovis
1233 2042 1355 2081 loco
1386 2041 1647 2091 paratum
1679 2042 1854 2081 annota-

284 2118 376 2156 tur:
423 2118 709 2166 „paratum
750 2117 862 2156 dixit
893 2117 946 2156 ad
978 2127 1130 2157 omnes
1162 2117 1355 2167 affectus,
1389 2117 1650 2166 quicumque
1680 2117 1732 2156 de
1762 2127 1854 2166 pro-

283 2193 404 2232 ximo
432 2203 528 2232 esse
554 2194 779 2242 possunt.‘’
808 2193 958 2242 Inepte
985 2203 1185 2233 sermone
1202 2193 1283 2232 hoc
1299 2193 1477 2232 dicitur:
1499 2193 1728 2242 „paratum
1743 2191 1855 2232 dixit

283 2268 336 2306 ad
379 2279 531 2307 omnes
572 2268 754 2308 affectus
796 2269 942 2308 animo
979 2268 1207 2318 capiendos
1239 2268 1411 2308 illorum
1443 2277 1550 2316 quos
1581 2267 1854 2308 artissimum

283 2344 497 2391 quoddam
540 2344 679 2393 iungit
719 2344 986 2383 vinculum.’‘
1029 2343 1315 2393 comparandi
1357 2343 1474 2383 enim
1513 2353 1645 2382 causa
1675 2342 1854 2383 affertur

284 2419 564 2458 Homericum
596 2419 701 2459 illud
720 2416 866 2470 ’Ἕκτορ
897 2417 995 2471 ἀτὰρ
1027 2419 1078 2458 σύ
1109 2417 1182 2458 κτὲ.

342 2570 412 2620 IV,
457 2571 496 2620 4,
542 2571 581 2609 7.
623 2570 770 2610 Davus
812 2581 837 2610 a
877 2570 969 2610 foro
1010 2580 1057 2610 se
1098 2570 1246 2609 venire
1287 2569 1500 2608 simulans
1540 2569 1604 2609 sic
1639 2568 1849 2619 loquitur:

286 2656 420 2694 „quae
446 2646 546 2685 lites
574 2648 697 2685 erant
723 2647 767 2684 in
793 2646 896 2697 foro,
925 2648 1030 2695 quot
1055 2646 1265 2695 homines,
1285 2655 1416 2694 quam
1433 2645 1610 2685 ardebat
1626 2645 1849 2686 annonal'’

282 2721 507 2760 Postremo
560 2723 699 2760 addit:
749 2722 885 2772 Quid
928 2723 1108 2761 dicam
1150 2721 1305 2761 aliud
1346 2722 1553 2761 nescio.
1597 2721 1679 2760 Hic
1720 2730 1848 2760 anno-

281 2799 420 2835 tatur:
469 2798 574 2846 „hoc
615 2800 713 2846 post
753 2799 1062 2847 spectatores.”
1104 2797 1351 2846 Legendum
1393 2807 1490 2836 esse
1530 2797 1701 2846 opinor:
1742 2796 1849 2846 „hoc

281 2875 407 2920 post
449 2884 505 2911 se
548 2874 599 2911 ad
642 2874 950 2923 spectatores,”
994 2874 1020 2912 i.
1040 2883 1075 2912 e.
1121 2873 1229 2922 „hoc
1270 2872 1323 2911 ad
1354 2874 1632 2922 spectatores,
1665 2871 1770 2911 dum
1799 2882 1848 2912 se
1901 2891 1904 2894 ·

281 2949 535 2986 convertus·
571 2949 639 2986 Sic
671 2949 787 2987 enim
819 2948 1158 2997 prudentissima
1187 2948 1380 2986 nascitur
1412 2947 1667 2986 observatio.
