<?xml version="1.0" encoding="UTF-8"?>
<!DOCTYPE html PUBLIC "-//W3C//DTD XHTML 1.0 Transitional//EN"
    "http://www.w3.org/TR/xhtml1/DTD/xhtml1-transitional.dtd">
<html xmlns="http://www.w3.org/1999/xhtml" xml:lang="en" lang="en">
 <head>
  <title>
</title>
<meta http-equiv="Content-Type" content="text/html;charset=utf-8" />
  <meta name='ocr-system' content='tesseract 3.04.00' />
  <meta name='ocr-capabilities' content='ocr_page ocr_carea ocr_par ocr_line ocrx_word'/>
</head>
<body>
  <div class='ocr_page' id='page_1' title='image "./dehoratiopota00hartuoft_0476.png"; bbox 0 0 2034 3334; ppageno 0'>
   <div class='ocr_carea' id='block_1_1' title="bbox 1032 388 1087 427">
    <p class='ocr_par' dir='ltr' id='par_1_1' title="bbox 1032 388 1087 427">
     <span class='ocr_line' id='line_1_1' title="bbox 1032 388 1087 427; baseline 0.018 -1"><span class='ocrx_word' id='word_1_1' title='bbox 1032 388 1087 427; x_wconf 83' lang='lat'>92</span> 
     </span>
    </p>
   </div>
   <div class='ocr_carea' id='block_1_2' title="bbox 271 513 1844 1402">
    <p class='ocr_par' dir='ltr' id='par_1_2' title="bbox 271 513 1844 1020">
     <span class='ocr_line' id='line_1_2' title="bbox 272 513 1839 567; baseline 0.003 -15"><span class='ocrx_word' id='word_1_2' title='bbox 272 514 347 552; x_wconf 87' lang='lat' dir='ltr'>vix</span> <span class='ocrx_word' id='word_1_3' title='bbox 407 513 720 563; x_wconf 78' lang='lat' dir='ltr'>perspiceretur</span> <span class='ocrx_word' id='word_1_4' title='bbox 774 513 859 552; x_wconf 88' lang='lat' dir='ltr'>nisi</span> <span class='ocrx_word' id='word_1_5' title='bbox 915 514 1169 553; x_wconf 79' lang='lat' dir='ltr'><strong>annotasset</strong></span> <span class='ocrx_word' id='word_1_6' title='bbox 1220 513 1483 554; x_wconf 77' lang='lat' dir='ltr'><strong>Scholiasta:</strong></span> <span class='ocrx_word' id='word_1_7' title='bbox 1534 515 1839 567; x_wconf 84' lang='lat' dir='ltr'>„adierunt‚</span> 
     </span>
     <span class='ocr_line' id='line_1_3' title="bbox 271 588 1839 643; baseline 0.003 -15"><span class='ocrx_word' id='word_1_8' title='bbox 271 589 394 638; x_wconf 84' lang='lat' dir='ltr'>quasi</span> <span class='ocrx_word' id='word_1_9' title='bbox 422 589 666 639; x_wconf 81' lang='lat' dir='ltr'>importune</span> <span class='ocrx_word' id='word_1_10' title='bbox 693 590 737 628; x_wconf 88' lang='lat' dir='ltr'>et</span> <span class='ocrx_word' id='word_1_11' title='bbox 763 588 1131 638; x_wconf 88' lang='lat' dir='ltr'>interpellantes.”</span> <span class='ocrx_word' id='word_1_12' title='bbox 1149 588 1351 639; x_wconf 82' lang='lat' dir='ltr'>Egregie:</span> <span class='ocrx_word' id='word_1_13' title='bbox 1369 589 1476 630; x_wconf 89' lang='lat' dir='ltr'>nihil</span> <span class='ocrx_word' id='word_1_14' title='bbox 1493 590 1610 631; x_wconf 89' lang='lat' dir='ltr'>enim</span> <span class='ocrx_word' id='word_1_15' title='bbox 1627 590 1839 643; x_wconf 81' lang='lat' dir='ltr'>homines,</span> 
     </span>
     <span class='ocr_line' id='line_1_4' title="bbox 272 665 1842 720; baseline 0.003 -16"><span class='ocrx_word' id='word_1_16' title='bbox 272 666 344 714; x_wconf 90' lang='lat' dir='ltr'>qui</span> <span class='ocrx_word' id='word_1_17' title='bbox 370 665 644 705; x_wconf 90' lang='lat' dir='ltr'>rumusculos</span> <span class='ocrx_word' id='word_1_18' title='bbox 670 666 951 720; x_wconf 73' lang='lat' dir='ltr'>aucupantur¹</span> <span class='ocrx_word' id='word_1_19' title='bbox 980 665 1214 705; x_wconf 88' lang='lat' dir='ltr'>odiosiores</span> <span class='ocrx_word' id='word_1_20' title='bbox 1235 665 1375 706; x_wconf 87' lang='lat' dir='ltr'>reddit</span> <span class='ocrx_word' id='word_1_21' title='bbox 1390 676 1522 715; x_wconf 91' lang='lat' dir='ltr'>quam</span> <span class='ocrx_word' id='word_1_22' title='bbox 1538 666 1634 716; x_wconf 85' lang='lat' dir='ltr'>ipsa</span> <span class='ocrx_word' id='word_1_23' title='bbox 1648 667 1842 717; x_wconf 76' lang='lat' dir='ltr'>gravitas</span> 
     </span>
     <span class='ocr_line' id='line_1_5' title="bbox 272 741 1842 793; baseline 0.003 -13"><span class='ocrx_word' id='word_1_24' title='bbox 272 751 357 790; x_wconf 91' lang='lat' dir='ltr'>qua</span> <span class='ocrx_word' id='word_1_25' title='bbox 382 741 479 780; x_wconf 92' lang='lat' dir='ltr'>illos</span> <span class='ocrx_word' id='word_1_26' title='bbox 510 741 730 791; x_wconf 87' lang='lat' dir='ltr'>perferunt</span> <span class='ocrx_word' id='word_1_27' title='bbox 761 742 815 781; x_wconf 91' lang='lat' dir='ltr'>ad</span> <span class='ocrx_word' id='word_1_28' title='bbox 846 751 920 781; x_wconf 90' lang='lat' dir='ltr'>eos</span> <span class='ocrx_word' id='word_1_29' title='bbox 952 741 1004 781; x_wconf 86' lang='lat' dir='ltr'>de</span> <span class='ocrx_word' id='word_1_30' title='bbox 1035 741 1192 791; x_wconf 88' lang='lat' dir='ltr'>quibus</span> <span class='ocrx_word' id='word_1_31' title='bbox 1222 743 1496 793; x_wconf 85' lang='lat' dir='ltr'>sparguntur,</span> <span class='ocrx_word' id='word_1_32' title='bbox 1525 744 1658 793; x_wconf 85' lang='lat' dir='ltr'>atque</span> <span class='ocrx_word' id='word_1_33' title='bbox 1682 753 1842 785; x_wconf 79' lang='lat' dir='ltr'>verane</span> 
     </span>
     <span class='ocr_line' id='line_1_6' title="bbox 272 817 1844 867; baseline 0.003 -11"><span class='ocrx_word' id='word_1_34' title='bbox 272 817 361 856; x_wconf 91' lang='lat' dir='ltr'>sint</span> <span class='ocrx_word' id='word_1_35' title='bbox 391 827 501 866; x_wconf 90' lang='lat' dir='ltr'>quae</span> <span class='ocrx_word' id='word_1_36' title='bbox 533 818 777 858; x_wconf 87' lang='lat' dir='ltr'>audiverint</span> <span class='ocrx_word' id='word_1_37' title='bbox 807 819 973 867; x_wconf 87' lang='lat' dir='ltr'>rogant.</span> <span class='ocrx_word' id='word_1_38' title='bbox 1007 817 1163 867; x_wconf 84' lang='lat' dir='ltr'>Magna</span> <span class='ocrx_word' id='word_1_39' title='bbox 1188 819 1337 858; x_wconf 87' lang='lat' dir='ltr'>autem</span> <span class='ocrx_word' id='word_1_40' title='bbox 1361 819 1430 858; x_wconf 88' lang='lat' dir='ltr'>est</span> <span class='ocrx_word' id='word_1_41' title='bbox 1455 818 1697 860; x_wconf 86' lang='lat' dir='ltr'>adeundi</span> <span class='ocrx_word' id='word_1_42' title='bbox 1724 819 1844 860; x_wconf 82' lang='lat' dir='ltr'>verbi</span> 
     </span>
     <span class='ocr_line' id='line_1_7' title="bbox 272 893 1843 945; baseline 0.003 -13"><span class='ocrx_word' id='word_1_43' title='bbox 272 894 487 943; x_wconf 86' lang='lat' dir='ltr'>gravitas:</span> <span class='ocrx_word' id='word_1_44' title='bbox 522 894 693 934; x_wconf 90' lang='lat' dir='ltr'>adimus</span> <span class='ocrx_word' id='word_1_45' title='bbox 725 894 842 934; x_wconf 89' lang='lat' dir='ltr'>enim</span> <span class='ocrx_word' id='word_1_46' title='bbox 867 895 1101 944; x_wconf 78' lang='lat' dir='ltr'>praetoreS,</span> <span class='ocrx_word' id='word_1_47' title='bbox 1130 893 1471 945; x_wconf 78' lang='lat' dir='ltr'>iurisconsultOS,</span> <span class='ocrx_word' id='word_1_48' title='bbox 1499 896 1667 935; x_wconf 88' lang='lat' dir='ltr'>ceteros</span> <span class='ocrx_word' id='word_1_49' title='bbox 1691 894 1765 945; x_wconf 84' lang='lat' dir='ltr'>qui</span> <span class='ocrx_word' id='word_1_50' title='bbox 1790 895 1843 936; x_wconf 85' lang='lat' dir='ltr'>de</span> 
     </span>
     <span class='ocr_line' id='line_1_8' title="bbox 273 970 1166 1020; baseline 0 -11"><span class='ocrx_word' id='word_1_51' title='bbox 273 970 458 1009; x_wconf 90' lang='lat' dir='ltr'>maximi</span> <span class='ocrx_word' id='word_1_52' title='bbox 488 970 702 1010; x_wconf 88' lang='lat' dir='ltr'>momenti</span> <span class='ocrx_word' id='word_1_53' title='bbox 733 970 862 1010; x_wconf 90' lang='lat' dir='ltr'>rebus</span> <span class='ocrx_word' id='word_1_54' title='bbox 893 970 1166 1020; x_wconf 87' lang='lat' dir='ltr'>respondent.</span> 
     </span>
    </p>

    <p class='ocr_par' dir='ltr' id='par_1_3' title="bbox 273 1046 1844 1402">
     <span class='ocr_line' id='line_1_9' title="bbox 333 1046 1842 1099; baseline 0.002 -13"><span class='ocrx_word' id='word_1_55' title='bbox 333 1047 465 1087; x_wconf 87' lang='lat' dir='ltr'>Andr.</span> <span class='ocrx_word' id='word_1_56' title='bbox 508 1047 608 1087; x_wconf 82' lang='lat'><strong>923.</strong></span> <span class='ocrx_word' id='word_1_57' title='bbox 651 1047 808 1087; x_wconf 86' lang='lat' dir='ltr'>Narrat</span> <span class='ocrx_word' id='word_1_58' title='bbox 839 1046 967 1096; x_wconf 89' lang='lat' dir='ltr'>Crito,</span> <span class='ocrx_word' id='word_1_59' title='bbox 1002 1046 1224 1096; x_wconf 81' lang='lat' dir='ltr'>Chrysidis</span> <span class='ocrx_word' id='word_1_60' title='bbox 1255 1047 1467 1098; x_wconf 84' lang='lat' dir='ltr'>sobrinus,</span> <span class='ocrx_word' id='word_1_61' title='bbox 1500 1048 1715 1097; x_wconf 90' lang='lat' dir='ltr'>quomodo</span> <span class='ocrx_word' id='word_1_62' title='bbox 1745 1047 1842 1099; x_wconf 79' lang='lat' dir='ltr'>Gly-</span> 
     </span>
     <span class='ocr_line' id='line_1_10' title="bbox 274 1122 1841 1175; baseline 0.002 -13"><span class='ocrx_word' id='word_1_63' title='bbox 274 1123 449 1173; x_wconf 85' lang='lat' dir='ltr'>cerium,</span> <span class='ocrx_word' id='word_1_64' title='bbox 484 1133 618 1173; x_wconf 87' lang='lat' dir='ltr'>parva</span> <span class='ocrx_word' id='word_1_65' title='bbox 649 1123 881 1163; x_wconf 89' lang='lat' dir='ltr'>etiamtum</span> <span class='ocrx_word' id='word_1_66' title='bbox 907 1123 1062 1173; x_wconf 91' lang='lat' dir='ltr'>puella,</span> <span class='ocrx_word' id='word_1_67' title='bbox 1092 1123 1145 1162; x_wconf 90' lang='lat' dir='ltr'>ad</span> <span class='ocrx_word' id='word_1_68' title='bbox 1167 1122 1288 1162; x_wconf 92' lang='lat' dir='ltr'>illam</span> <span class='ocrx_word' id='word_1_69' title='bbox 1315 1123 1374 1163; x_wconf 91' lang='lat' dir='ltr'>sit</span> <span class='ocrx_word' id='word_1_70' title='bbox 1399 1123 1596 1164; x_wconf 86' lang='lat' dir='ltr'>adducta.</span> <span class='ocrx_word' id='word_1_71' title='bbox 1623 1123 1683 1164; x_wconf 87' lang='lat' dir='ltr'>At</span> <span class='ocrx_word' id='word_1_72' title='bbox 1708 1124 1841 1175; x_wconf 84' lang='lat' dir='ltr'>Simo,</span> 
     </span>
     <span class='ocr_line' id='line_1_11' title="bbox 274 1198 1841 1251; baseline 0.001 -12"><span class='ocrx_word' id='word_1_73' title='bbox 274 1200 342 1239; x_wconf 93' lang='lat' dir='ltr'>cui</span> <span class='ocrx_word' id='word_1_74' title='bbox 383 1201 476 1239; x_wconf 86' lang='lat' dir='ltr'>tota</span> <span class='ocrx_word' id='word_1_75' title='bbox 516 1199 591 1239; x_wconf 90' lang='lat' dir='ltr'>illa</span> <span class='ocrx_word' id='word_1_76' title='bbox 631 1200 821 1239; x_wconf 89' lang='lat' dir='ltr'>narratio</span> <span class='ocrx_word' id='word_1_77' title='bbox 857 1198 1172 1240; x_wconf 88' lang='lat' dir='ltr'>molestissima</span> <span class='ocrx_word' id='word_1_78' title='bbox 1203 1199 1283 1249; x_wconf 89' lang='lat' dir='ltr'>est,</span> <span class='ocrx_word' id='word_1_79' title='bbox 1317 1198 1534 1250; x_wconf 88' lang='lat' dir='ltr'>quoniam,</span> <span class='ocrx_word' id='word_1_80' title='bbox 1567 1199 1605 1239; x_wconf 85' lang='lat' dir='ltr'>si</span> <span class='ocrx_word' id='word_1_81' title='bbox 1636 1210 1741 1240; x_wconf 87' lang='lat' dir='ltr'>vera</span> <span class='ocrx_word' id='word_1_82' title='bbox 1769 1199 1841 1251; x_wconf 89' lang='lat' dir='ltr'>sit,</span> 
     </span>
     <span class='ocr_line' id='line_1_12' title="bbox 273 1274 1843 1326; baseline 0.001 -11"><span class='ocrx_word' id='word_1_83' title='bbox 273 1277 420 1315; x_wconf 88' lang='lat' dir='ltr'>actum</span> <span class='ocrx_word' id='word_1_84' title='bbox 461 1276 521 1315; x_wconf 91' lang='lat' dir='ltr'>sit</span> <span class='ocrx_word' id='word_1_85' title='bbox 561 1276 612 1315; x_wconf 89' lang='lat' dir='ltr'>de</span> <span class='ocrx_word' id='word_1_86' title='bbox 654 1275 732 1315; x_wconf 89' lang='lat' dir='ltr'>filii</span> <span class='ocrx_word' id='word_1_87' title='bbox 772 1277 816 1316; x_wconf 90' lang='lat' dir='ltr'>et</span> <span class='ocrx_word' id='word_1_88' title='bbox 858 1275 1102 1316; x_wconf 88' lang='lat' dir='ltr'>Chremetis</span> <span class='ocrx_word' id='word_1_89' title='bbox 1137 1274 1251 1315; x_wconf 87' lang='lat' dir='ltr'>filiae</span> <span class='ocrx_word' id='word_1_90' title='bbox 1281 1275 1456 1326; x_wconf 88' lang='lat' dir='ltr'>nuptiis,</span> <span class='ocrx_word' id='word_1_91' title='bbox 1490 1275 1554 1316; x_wconf 89' lang='lat' dir='ltr'>sic</span> <span class='ocrx_word' id='word_1_92' title='bbox 1584 1285 1685 1316; x_wconf 87' lang='lat' dir='ltr'>eum</span> <span class='ocrx_word' id='word_1_93' title='bbox 1714 1276 1843 1316; x_wconf 88' lang='lat' dir='ltr'>inter-</span> 
     </span>
     <span class='ocr_line' id='line_1_13' title="bbox 273 1351 1844 1402; baseline 0 -10"><span class='ocrx_word' id='word_1_94' title='bbox 273 1352 427 1402; x_wconf 82' lang='lat' dir='ltr'>pellat:</span> <span class='ocrx_word' id='word_1_95' title='bbox 465 1352 681 1402; x_wconf 87' lang='lat' dir='ltr'>„fabulam</span> <span class='ocrx_word' id='word_1_96' title='bbox 713 1353 945 1402; x_wconf 87' lang='lat' dir='ltr'>inceptat”.</span> <span class='ocrx_word' id='word_1_97' title='bbox 979 1351 1226 1391; x_wconf 87' lang='lat' dir='ltr'>Ridiculum</span> <span class='ocrx_word' id='word_1_98' title='bbox 1256 1352 1327 1392; x_wconf 90' lang='lat' dir='ltr'>hic</span> <span class='ocrx_word' id='word_1_99' title='bbox 1352 1354 1396 1391; x_wconf 89' lang='lat' dir='ltr'>et</span> <span class='ocrx_word' id='word_1_100' title='bbox 1414 1352 1612 1392; x_wconf 71' lang='lat' dir='ltr'>facetum</span> <span class='ocrx_word' id='word_1_101' title='bbox 1628 1361 1685 1392; x_wconf 83' lang='lat' dir='ltr'>ex</span> <span class='ocrx_word' id='word_1_102' title='bbox 1699 1351 1844 1392; x_wconf 86' lang='lat' dir='ltr'>dolore</span> 
     </span>
    </p>
   </div>
   <div class='ocr_carea' id='block_1_3' title="bbox 273 1427 1868 1469">
    <p class='ocr_par' dir='ltr' id='par_1_4' title="bbox 273 1427 1868 1469">
     <span class='ocr_line' id='line_1_14' title="bbox 273 1427 1868 1469; baseline 0.001 -1"><span class='ocrx_word' id='word_1_103' title='bbox 273 1427 366 1468; x_wconf 91' lang='lat' dir='ltr'>fieri</span> <span class='ocrx_word' id='word_1_104' title='bbox 407 1439 557 1468; x_wconf 89' lang='lat' dir='ltr'>senem</span> <span class='ocrx_word' id='word_1_105' title='bbox 599 1438 823 1468; x_wconf 90' lang='lat' dir='ltr'>morosum</span> <span class='ocrx_word' id='word_1_106' title='bbox 865 1429 989 1468; x_wconf 89' lang='lat' dir='ltr'>docet</span> <span class='ocrx_word' id='word_1_107' title='bbox 1025 1438 1104 1468; x_wconf 93' lang='lat' dir='ltr'>nos</span> <span class='ocrx_word' id='word_1_108' title='bbox 1136 1428 1390 1468; x_wconf 85' lang='lat' dir='ltr'>Scholiasta.</span> <span class='ocrx_word' id='word_1_109' title='bbox 1419 1428 1489 1467; x_wconf 90' lang='lat' dir='ltr'>Sic</span> <span class='ocrx_word' id='word_1_110' title='bbox 1519 1428 1638 1468; x_wconf 86' lang='lat' dir='ltr'>enim</span> <span class='ocrx_word' id='word_1_111' title='bbox 1667 1437 1868 1469; x_wconf 78' lang='lat' dir='ltr'>narrare·</span> 
     </span>
    </p>
   </div>
   <div class='ocr_carea' id='block_1_4' title="bbox 274 1503 1842 1848">
    <p class='ocr_par' dir='ltr' id='par_1_5' title="bbox 274 1503 1842 1848">
     <span class='ocr_line' id='line_1_15' title="bbox 274 1503 642 1554; baseline -0.003 -10"><span class='ocrx_word' id='word_1_112' title='bbox 274 1506 473 1554; x_wconf 91' lang='lat' dir='ltr'>coeperat</span> <span class='ocrx_word' id='word_1_113' title='bbox 503 1503 642 1544; x_wconf 87' lang='lat' dir='ltr'>Crito:</span> 
     </span>
     <span class='ocr_line' id='line_1_16' title="bbox 392 1579 1815 1629; baseline 0 -10"><span class='ocrx_word' id='word_1_114' title='bbox 392 1580 566 1620; x_wconf 90' lang='lat' dir='ltr'>Atticus</span> <span class='ocrx_word' id='word_1_115' title='bbox 598 1580 774 1629; x_wconf 88' lang='lat' dir='ltr'>quidam</span> <span class='ocrx_word' id='word_1_116' title='bbox 806 1580 911 1620; x_wconf 90' lang='lat' dir='ltr'>olim</span> <span class='ocrx_word' id='word_1_117' title='bbox 942 1580 1044 1620; x_wconf 89' lang='lat' dir='ltr'>navi</span> <span class='ocrx_word' id='word_1_118' title='bbox 1074 1579 1213 1619; x_wconf 87' lang='lat' dir='ltr'>fracta</span> <span class='ocrx_word' id='word_1_119' title='bbox 1243 1580 1296 1619; x_wconf 88' lang='lat' dir='ltr'>ad</span> <span class='ocrx_word' id='word_1_120' title='bbox 1328 1579 1524 1619; x_wconf 87' lang='lat' dir='ltr'>Andrum</span> <span class='ocrx_word' id='word_1_121' title='bbox 1556 1579 1719 1620; x_wconf 86' lang='lat' dir='ltr'>eiectus</span> <span class='ocrx_word' id='word_1_122' title='bbox 1745 1580 1815 1620; x_wconf 87' lang='lat' dir='ltr'>est</span> 
     </span>
     <span class='ocr_line' id='line_1_17' title="bbox 393 1655 1059 1705; baseline 0 -10"><span class='ocrx_word' id='word_1_123' title='bbox 393 1655 446 1695; x_wconf 90' lang='lat' dir='ltr'>Et</span> <span class='ocrx_word' id='word_1_124' title='bbox 476 1656 613 1695; x_wconf 91' lang='lat' dir='ltr'>istaec</span> <span class='ocrx_word' id='word_1_125' title='bbox 643 1666 730 1695; x_wconf 88' lang='lat' dir='ltr'>una</span> <span class='ocrx_word' id='word_1_126' title='bbox 760 1666 895 1705; x_wconf 88' lang='lat' dir='ltr'>parva</span> <span class='ocrx_word' id='word_1_127' title='bbox 925 1656 1059 1705; x_wconf 86' lang='lat' dir='ltr'>virgo.</span> 
     </span>
     <span class='ocr_line' id='line_1_18' title="bbox 275 1730 1842 1781; baseline 0.001 -11"><span class='ocrx_word' id='word_1_128' title='bbox 275 1732 415 1780; x_wconf 87' lang='lat' dir='ltr'>Atque</span> <span class='ocrx_word' id='word_1_129' title='bbox 457 1730 561 1770; x_wconf 90' lang='lat' dir='ltr'>illud</span> <span class='ocrx_word' id='word_1_130' title='bbox 603 1732 829 1771; x_wconf 86' lang='lat' dir='ltr'>exordium</span> <span class='ocrx_word' id='word_1_131' title='bbox 865 1732 1034 1781; x_wconf 87' lang='lat' dir='ltr'>spectat</span> <span class='ocrx_word' id='word_1_132' title='bbox 1065 1731 1254 1771; x_wconf 87' lang='lat' dir='ltr'>Simonis</span> <span class='ocrx_word' id='word_1_133' title='bbox 1285 1731 1585 1781; x_wconf 87' lang='lat' dir='ltr'>interpellatio,</span> <span class='ocrx_word' id='word_1_134' title='bbox 1619 1731 1696 1771; x_wconf 89' lang='lat' dir='ltr'>sed</span> <span class='ocrx_word' id='word_1_135' title='bbox 1725 1741 1842 1781; x_wconf 83' lang='lat' dir='ltr'>prae·</span> 
     </span>
     <span class='ocr_line' id='line_1_19' title="bbox 274 1807 1842 1848; baseline 0.001 -2"><span class='ocrx_word' id='word_1_136' title='bbox 274 1808 426 1846; x_wconf 91' lang='lat' dir='ltr'>sertim</span> <span class='ocrx_word' id='word_1_137' title='bbox 457 1818 595 1847; x_wconf 92' lang='lat' dir='ltr'>unum</span> <span class='ocrx_word' id='word_1_138' title='bbox 627 1808 721 1848; x_wconf 89' lang='lat' dir='ltr'>eius</span> <span class='ocrx_word' id='word_1_139' title='bbox 752 1808 1011 1848; x_wconf 90' lang='lat' dir='ltr'>vocabulum</span> <span class='ocrx_word' id='word_1_140' title='bbox 1038 1808 1185 1848; x_wconf 91' lang='lat' dir='ltr'>olim.</span> <span class='ocrx_word' id='word_1_141' title='bbox 1213 1809 1408 1848; x_wconf 89' lang='lat' dir='ltr'>Annotat</span> <span class='ocrx_word' id='word_1_142' title='bbox 1433 1808 1551 1847; x_wconf 89' lang='lat' dir='ltr'>enim</span> <span class='ocrx_word' id='word_1_143' title='bbox 1578 1807 1842 1848; x_wconf 84' lang='lat' dir='ltr'>Scholiasta:</span> 
     </span>
    </p>
   </div>
   <div class='ocr_carea' id='block_1_5' title="bbox 240 1870 1843 1958">
    <p class='ocr_par' dir='ltr' id='par_1_6' title="bbox 240 1870 1843 1958">
     <span class='ocr_line' id='line_1_20' title="bbox 240 1870 1843 1958; baseline 0.001 -35"><span class='ocrx_word' id='word_1_144' title='bbox 240 1870 253 1958; x_wconf 59' lang='grc' dir='ltr'>ι</span> <span class='ocrx_word' id='word_1_145' title='bbox 278 1884 357 1933; x_wconf 87' lang='lat' dir='ltr'>„ad</span> <span class='ocrx_word' id='word_1_146' title='bbox 379 1884 625 1924; x_wconf 88' lang='lat' dir='ltr'>irrisionem</span> <span class='ocrx_word' id='word_1_147' title='bbox 642 1884 902 1924; x_wconf 89' lang='lat' dir='ltr'>narrationis</span> <span class='ocrx_word' id='word_1_148' title='bbox 919 1885 1034 1924; x_wconf 86' lang='lat' dir='ltr'>dicit.</span> <span class='ocrx_word' id='word_1_149' title='bbox 1053 1884 1225 1942; x_wconf 86' lang='lat' dir='ltr'>Etenim</span> <span class='ocrx_word' id='word_1_150' title='bbox 1243 1883 1376 1923; x_wconf 94' lang='lat' dir='ltr'>olim</span> <span class='ocrx_word' id='word_1_151' title='bbox 1392 1883 1563 1923; x_wconf 89' lang='lat' dir='ltr'>fabulae</span> <span class='ocrx_word' id='word_1_152' title='bbox 1579 1883 1843 1939; x_wconf 49' lang='lat' dir='ltr'>proprium?</span> 
     </span>
    </p>
   </div>
   <div class='ocr_carea' id='block_1_6' title="bbox 1233 1931 1374 1941">
    <p class='ocr_par' dir='ltr' id='par_1_7' title="bbox 1233 1931 1374 1941">
     <span class='ocr_line' id='line_1_21' title="bbox 1233 1931 1374 1941; baseline 0 1393"><span class='ocrx_word' id='word_1_153' title='bbox 1233 1931 1374 1941; x_wconf 95' lang='lat' dir='ltr'> </span> 
     </span>
    </p>
   </div>
   <div class='ocr_carea' id='block_1_7' title="bbox 274 1958 1845 2237">
    <p class='ocr_par' dir='ltr' id='par_1_8' title="bbox 274 1958 1845 2237">
     <span class='ocr_line' id='line_1_22' title="bbox 333 1958 1844 2000; baseline -0.001 -1"><span class='ocrx_word' id='word_1_154' title='bbox 333 1961 454 2000; x_wconf 89' lang='lat' dir='ltr'>Adel.</span> <span class='ocrx_word' id='word_1_155' title='bbox 489 1961 588 2000; x_wconf 83' lang='lat'><strong>930.</strong></span> <span class='ocrx_word' id='word_1_156' title='bbox 624 1961 747 2000; x_wconf 91' lang='lat' dir='ltr'>Micio</span> <span class='ocrx_word' id='word_1_157' title='bbox 780 1960 971 2000; x_wconf 89' lang='lat' dir='ltr'>clemens</span> <span class='ocrx_word' id='word_1_158' title='bbox 998 1960 1070 1999; x_wconf 92' lang='lat' dir='ltr'>ille</span> <span class='ocrx_word' id='word_1_159' title='bbox 1097 1961 1141 1999; x_wconf 89' lang='lat' dir='ltr'>et</span> <span class='ocrx_word' id='word_1_160' title='bbox 1166 1960 1288 1999; x_wconf 88' lang='lat' dir='ltr'>mitis</span> <span class='ocrx_word' id='word_1_161' title='bbox 1315 1969 1451 1999; x_wconf 84' lang='lat' dir='ltr'>senex</span> <span class='ocrx_word' id='word_1_162' title='bbox 1477 1959 1657 1999; x_wconf 84' lang='lat' dir='ltr'>iamiam</span> <span class='ocrx_word' id='word_1_163' title='bbox 1682 1958 1844 1999; x_wconf 84' lang='lat' dir='ltr'>nimiae</span> 
     </span>
     <span class='ocr_line' id='line_1_23' title="bbox 274 2034 1845 2085; baseline 0 -10"><span class='ocrx_word' id='word_1_164' title='bbox 274 2036 468 2075; x_wconf 88' lang='lat' dir='ltr'>lenitatis</span> <span class='ocrx_word' id='word_1_165' title='bbox 514 2046 674 2085; x_wconf 90' lang='lat' dir='ltr'>poenas</span> <span class='ocrx_word' id='word_1_166' title='bbox 720 2036 838 2075; x_wconf 87' lang='lat' dir='ltr'>dabit</span> <span class='ocrx_word' id='word_1_167' title='bbox 884 2035 1008 2075; x_wconf 87' lang='lat' dir='ltr'>fratri</span> <span class='ocrx_word' id='word_1_168' title='bbox 1049 2035 1268 2076; x_wconf 89' lang='lat' dir='ltr'>severiori.</span> <span class='ocrx_word' id='word_1_169' title='bbox 1313 2035 1515 2074; x_wconf 89' lang='lat' dir='ltr'>Precibus</span> <span class='ocrx_word' id='word_1_170' title='bbox 1556 2034 1674 2075; x_wconf 83' lang='lat' dir='ltr'>enim</span> <span class='ocrx_word' id='word_1_171' title='bbox 1714 2036 1845 2084; x_wconf 85' lang='lat' dir='ltr'>atque</span> 
     </span>
     <span class='ocr_line' id='line_1_24' title="bbox 275 2109 1845 2161; baseline 0 -10"><span class='ocrx_word' id='word_1_172' title='bbox 275 2112 431 2151; x_wconf 87' lang='lat' dir='ltr'>blanda</span> <span class='ocrx_word' id='word_1_173' title='bbox 457 2111 649 2151; x_wconf 84' lang='lat' dir='ltr'>oratione</span> <span class='ocrx_word' id='word_1_174' title='bbox 677 2112 729 2151; x_wconf 90' lang='lat' dir='ltr'>ab</span> <span class='ocrx_word' id='word_1_175' title='bbox 757 2112 829 2151; x_wconf 91' lang='lat' dir='ltr'>illo</span> <span class='ocrx_word' id='word_1_176' title='bbox 855 2112 1177 2161; x_wconf 85' lang='lat' dir='ltr'>permovebitur</span> <span class='ocrx_word' id='word_1_177' title='bbox 1202 2113 1251 2151; x_wconf 91' lang='lat' dir='ltr'>ut</span> <span class='ocrx_word' id='word_1_178' title='bbox 1277 2121 1410 2150; x_wconf 92' lang='lat' dir='ltr'>anum</span> <span class='ocrx_word' id='word_1_179' title='bbox 1437 2111 1566 2150; x_wconf 90' lang='lat' dir='ltr'>ducat</span> <span class='ocrx_word' id='word_1_180' title='bbox 1581 2109 1845 2160; x_wconf 81' lang='lat' dir='ltr'>decrepitam</span> 
     </span>
     <span class='ocr_line' id='line_1_25' title="bbox 276 2186 1844 2237; baseline -0.001 -10"><span class='ocrx_word' id='word_1_181' title='bbox 276 2198 375 2227; x_wconf 91' lang='lat' dir='ltr'>cum</span> <span class='ocrx_word' id='word_1_182' title='bbox 417 2188 508 2237; x_wconf 88' lang='lat' dir='ltr'>ipse</span> <span class='ocrx_word' id='word_1_183' title='bbox 549 2198 712 2227; x_wconf 89' lang='lat' dir='ltr'>annum</span> <span class='ocrx_word' id='word_1_184' title='bbox 749 2190 851 2237; x_wconf 88' lang='lat' dir='ltr'>agat</span> <span class='ocrx_word' id='word_1_185' title='bbox 881 2187 1208 2236; x_wconf 87' lang='lat' dir='ltr'>sexagesimum</span> <span class='ocrx_word' id='word_1_186' title='bbox 1239 2188 1429 2226; x_wconf 87' lang='lat' dir='ltr'>sextum.</span> <span class='ocrx_word' id='word_1_187' title='bbox 1461 2186 1539 2226; x_wconf 82' lang='lat' dir='ltr'>Ele</span> <span class='ocrx_word' id='word_1_188' title='bbox 1571 2187 1720 2226; x_wconf 87' lang='lat' dir='ltr'>autem</span> <span class='ocrx_word' id='word_1_189' title='bbox 1748 2195 1844 2231; x_wconf 80' lang='lat' dir='ltr'>rem</span> 
     </span>
    </p>
   </div>
   <div class='ocr_carea' id='block_1_8' title="bbox 276 2253 1906 2313">
    <p class='ocr_par' dir='ltr' id='par_1_9' title="bbox 276 2253 1906 2313">
     <span class='ocr_line' id='line_1_26' title="bbox 276 2253 1906 2313; baseline -0.001 -11"><span class='ocrx_word' id='word_1_190' title='bbox 276 2265 622 2313; x_wconf 89' lang='lat' dir='ltr'>inexspectatam</span> <span class='ocrx_word' id='word_1_191' title='bbox 648 2264 711 2303; x_wconf 91' lang='lat' dir='ltr'>sic</span> <span class='ocrx_word' id='word_1_192' title='bbox 738 2263 887 2313; x_wconf 89' lang='lat' dir='ltr'>incipit</span> <span class='ocrx_word' id='word_1_193' title='bbox 915 2263 1241 2303; x_wconf 87' lang='lat' dir='ltr'>commendare:</span> <span class='ocrx_word' id='word_1_194' title='bbox 1274 2262 1542 2312; x_wconf 86' lang='lat' dir='ltr'>„Aeschinus</span> <span class='ocrx_word' id='word_1_195' title='bbox 1573 2260 1687 2301; x_wconf 84' lang='lat' dir='ltr'>filius</span> <span class='ocrx_word' id='word_1_196' title='bbox 1703 2271 1842 2312; x_wconf 78' lang='lat' dir='ltr'>meus,</span> <span class='ocrx_word' id='word_1_197' title='bbox 1898 2253 1906 2261; x_wconf 74' lang='grc'><strong><em>’</em></strong></span> 
     </span>
    </p>
   </div>
   <div class='ocr_carea' id='block_1_9' title="bbox 276 2336 1846 2993">
    <p class='ocr_par' dir='ltr' id='par_1_10' title="bbox 276 2336 1846 2465">
     <span class='ocr_line' id='line_1_27' title="bbox 276 2336 1846 2390; baseline -0.002 -11"><span class='ocrx_word' id='word_1_198' title='bbox 276 2351 405 2388; x_wconf 89' lang='lat' dir='ltr'>quem</span> <span class='ocrx_word' id='word_1_199' title='bbox 446 2342 494 2379; x_wconf 92' lang='lat' dir='ltr'>tu</span> <span class='ocrx_word' id='word_1_200' title='bbox 536 2340 763 2390; x_wconf 86' lang='lat' dir='ltr'>adoptasti,</span> <span class='ocrx_word' id='word_1_201' title='bbox 808 2350 991 2379; x_wconf 92' lang='lat' dir='ltr'>uxorem</span> <span class='ocrx_word' id='word_1_202' title='bbox 1032 2340 1160 2379; x_wconf 85' lang='lat' dir='ltr'>ducet</span> <span class='ocrx_word' id='word_1_203' title='bbox 1200 2339 1333 2388; x_wconf 90' lang='lat' dir='ltr'>illam,</span> <span class='ocrx_word' id='word_1_204' title='bbox 1377 2348 1508 2387; x_wconf 88' lang='lat' dir='ltr'>quam</span> <span class='ocrx_word' id='word_1_205' title='bbox 1549 2337 1654 2377; x_wconf 86' lang='lat' dir='ltr'>olim</span> <span class='ocrx_word' id='word_1_206' title='bbox 1694 2336 1846 2377; x_wconf 87' lang='lat' dir='ltr'>habuit</span> 
     </span>
     <span class='ocr_line' id='line_1_28' title="bbox 277 2415 1547 2465; baseline -0.001 -10"><span class='ocrx_word' id='word_1_207' title='bbox 277 2417 476 2455; x_wconf 85' lang='lat' dir='ltr'>amicam.</span> <span class='ocrx_word' id='word_1_208' title='bbox 511 2416 647 2455; x_wconf 88' lang='lat' dir='ltr'>Probo</span> <span class='ocrx_word' id='word_1_209' title='bbox 682 2417 796 2455; x_wconf 89' lang='lat' dir='ltr'>istud</span> <span class='ocrx_word' id='word_1_210' title='bbox 830 2417 1059 2455; x_wconf 91' lang='lat' dir='ltr'>consilium</span> <span class='ocrx_word' id='word_1_211' title='bbox 1091 2416 1314 2465; x_wconf 84' lang='lat' dir='ltr'>laudeque,</span> <span class='ocrx_word' id='word_1_212' title='bbox 1349 2416 1393 2454; x_wconf 92' lang='lat' dir='ltr'>et</span> <span class='ocrx_word' id='word_1_213' title='bbox 1423 2415 1547 2455; x_wconf 90' lang='lat' dir='ltr'>iubeo</span> 
     </span>
    </p>

    <p class='ocr_par' dir='ltr' id='par_1_11' title="bbox 485 2489 1708 2542">
     <span class='ocr_line' id='line_1_29' title="bbox 485 2489 1708 2542; baseline -0.002 -11"><span class='ocrx_word' id='word_1_214' title='bbox 485 2492 622 2542; x_wconf 83' lang='lat' dir='ltr'>Quam</span> <span class='ocrx_word' id='word_1_215' title='bbox 655 2502 863 2531; x_wconf 84' lang='lat' dir='ltr'>maxume</span> <span class='ocrx_word' id='word_1_216' title='bbox 894 2502 1027 2531; x_wconf 91' lang='lat' dir='ltr'>unam</span> <span class='ocrx_word' id='word_1_217' title='bbox 1058 2492 1200 2531; x_wconf 87' lang='lat' dir='ltr'>facere</span> <span class='ocrx_word' id='word_1_218' title='bbox 1231 2501 1310 2530; x_wconf 92' lang='lat' dir='ltr'>nos</span> <span class='ocrx_word' id='word_1_219' title='bbox 1341 2490 1453 2530; x_wconf 87' lang='lat' dir='ltr'>hanc</span> <span class='ocrx_word' id='word_1_220' title='bbox 1482 2489 1708 2539; x_wconf 88' lang='lat' dir='ltr'>familiam,</span> 
     </span>
    </p>

    <p class='ocr_par' dir='ltr' id='par_1_12' title="bbox 278 2568 1842 2767">
     <span class='ocr_line' id='line_1_30' title="bbox 484 2568 1199 2617; baseline -0.001 -10"><span class='ocrx_word' id='word_1_221' title='bbox 484 2568 643 2617; x_wconf 88' lang='lat' dir='ltr'>Colere,</span> <span class='ocrx_word' id='word_1_222' title='bbox 674 2568 890 2617; x_wconf 87' lang='lat' dir='ltr'>adiuvare,</span> <span class='ocrx_word' id='word_1_223' title='bbox 926 2568 1199 2617; x_wconf 85' lang='lat' dir='ltr'>adiungere.&#39;’</span> 
     </span>
     <span class='ocr_line' id='line_1_31' title="bbox 278 2639 1841 2693; baseline -0.001 -12"><span class='ocrx_word' id='word_1_224' title='bbox 278 2643 358 2681; x_wconf 89' lang='lat' dir='ltr'>Hic</span> <span class='ocrx_word' id='word_1_225' title='bbox 400 2644 437 2681; x_wconf 91' lang='lat' dir='ltr'>ei</span> <span class='ocrx_word' id='word_1_226' title='bbox 480 2655 605 2692; x_wconf 87' lang='lat' dir='ltr'>opem</span> <span class='ocrx_word' id='word_1_227' title='bbox 647 2645 732 2683; x_wconf 87' lang='lat' dir='ltr'>fert</span> <span class='ocrx_word' id='word_1_228' title='bbox 773 2644 1015 2683; x_wconf 89' lang='lat' dir='ltr'>Aeschinus</span> <span class='ocrx_word' id='word_1_229' title='bbox 1058 2644 1149 2693; x_wconf 88' lang='lat' dir='ltr'>ipse</span> <span class='ocrx_word' id='word_1_230' title='bbox 1190 2644 1234 2682; x_wconf 91' lang='lat' dir='ltr'>et</span> <span class='ocrx_word' id='word_1_231' title='bbox 1278 2643 1366 2692; x_wconf 83' lang='lat' dir='ltr'>„ita</span> <span class='ocrx_word' id='word_1_232' title='bbox 1396 2651 1555 2691; x_wconf 89' lang='lat' dir='ltr'>quaeso</span> <span class='ocrx_word' id='word_1_233' title='bbox 1586 2641 1735 2690; x_wconf 87' lang='lat' dir='ltr'>pater’&#39;</span> <span class='ocrx_word' id='word_1_234' title='bbox 1767 2639 1841 2679; x_wconf 86' lang='lat' dir='ltr'>ait.</span> 
     </span>
     <span class='ocr_line' id='line_1_32' title="bbox 279 2715 1842 2767; baseline -0.001 -11"><span class='ocrx_word' id='word_1_235' title='bbox 279 2719 521 2767; x_wconf 83' lang='lat' dir='ltr'>Respondet</span> <span class='ocrx_word' id='word_1_236' title='bbox 555 2720 699 2758; x_wconf 90' lang='lat' dir='ltr'>Micio:</span> <span class='ocrx_word' id='word_1_237' title='bbox 738 2720 889 2767; x_wconf 88' lang='lat' dir='ltr'>„Haud</span> <span class='ocrx_word' id='word_1_238' title='bbox 921 2720 1046 2758; x_wconf 85' lang='lat' dir='ltr'>aliter</span> <span class='ocrx_word' id='word_1_239' title='bbox 1078 2719 1274 2758; x_wconf 89' lang='lat' dir='ltr'>censeo.”</span> <span class='ocrx_word' id='word_1_240' title='bbox 1292 2718 1403 2757; x_wconf 89' lang='lat' dir='ltr'>Tum</span> <span class='ocrx_word' id='word_1_241' title='bbox 1434 2717 1498 2756; x_wconf 91' lang='lat' dir='ltr'>sic</span> <span class='ocrx_word' id='word_1_242' title='bbox 1522 2717 1655 2756; x_wconf 85' lang='lat' dir='ltr'>frater</span> <span class='ocrx_word' id='word_1_243' title='bbox 1680 2715 1842 2765; x_wconf 88' lang='lat' dir='ltr'>pergit:</span> 
     </span>
    </p>

    <p class='ocr_par' dir='ltr' id='par_1_13' title="bbox 545 2793 1602 2909">
     <span class='ocr_line' id='line_1_33' title="bbox 873 2793 1602 2834; baseline -0.005 0"><span class='ocrx_word' id='word_1_244' title='bbox 873 2795 1012 2834; x_wconf 89' lang='lat' dir='ltr'>Immo</span> <span class='ocrx_word' id='word_1_245' title='bbox 1044 2795 1187 2834; x_wconf 86' lang='lat' dir='ltr'>hercle</span> <span class='ocrx_word' id='word_1_246' title='bbox 1218 2794 1279 2833; x_wconf 90' lang='lat' dir='ltr'>ita</span> <span class='ocrx_word' id='word_1_247' title='bbox 1305 2793 1428 2833; x_wconf 91' lang='lat' dir='ltr'>nobis</span> <span class='ocrx_word' id='word_1_248' title='bbox 1459 2793 1602 2832; x_wconf 89' lang='lat' dir='ltr'>decet:</span> 
     </span>
     <span class='ocr_line' id='line_1_34' title="bbox 545 2869 1283 2909; baseline 0.003 -3"><span class='ocrx_word' id='word_1_249' title='bbox 545 2869 738 2907; x_wconf 85' lang='lat' dir='ltr'>Primum</span> <span class='ocrx_word' id='word_1_250' title='bbox 772 2870 900 2908; x_wconf 88' lang='lat' dir='ltr'>huius</span> <span class='ocrx_word' id='word_1_251' title='bbox 932 2871 1100 2909; x_wconf 88' lang='lat' dir='ltr'>uxorist</span> <span class='ocrx_word' id='word_1_252' title='bbox 1131 2871 1283 2909; x_wconf 89' lang='lat' dir='ltr'>mater.</span> 
     </span>
    </p>

    <p class='ocr_par' dir='ltr' id='par_1_14' title="bbox 280 2942 1840 2993">
     <span class='ocr_line' id='line_1_35' title="bbox 280 2942 1840 2993; baseline 0 -12"><span class='ocrx_word' id='word_1_253' title='bbox 280 2944 331 2981; x_wconf 84' lang='lat' dir='ltr'>Et</span> <span class='ocrx_word' id='word_1_254' title='bbox 364 2943 498 2991; x_wconf 83' lang='lat' dir='ltr'>Micio,</span> <span class='ocrx_word' id='word_1_255' title='bbox 533 2944 631 2991; x_wconf 87' lang='lat' dir='ltr'>quid</span> <span class='ocrx_word' id='word_1_256' title='bbox 666 2945 746 2982; x_wconf 88' lang='lat' dir='ltr'>sibi</span> <span class='ocrx_word' id='word_1_257' title='bbox 780 2944 893 2983; x_wconf 84' lang='lat' dir='ltr'>istud</span> <span class='ocrx_word' id='word_1_258' title='bbox 932 2945 1036 2984; x_wconf 90' lang='lat' dir='ltr'>velit</span> <span class='ocrx_word' id='word_1_259' title='bbox 1074 2945 1334 2984; x_wconf 87' lang='lat' dir='ltr'>admiratus:</span> <span class='ocrx_word' id='word_1_260' title='bbox 1372 2945 1476 2993; x_wconf 85' lang='lat' dir='ltr'>„est,</span> <span class='ocrx_word' id='word_1_261' title='bbox 1505 2943 1605 2992; x_wconf 88' lang='lat' dir='ltr'>quid</span> <span class='ocrx_word' id='word_1_262' title='bbox 1631 2942 1840 2992; x_wconf 83' lang='lat' dir='ltr'>postea?‘’</span> 
     </span>
    </p>
   </div>
   <div class='ocr_carea' id='block_1_10' title="bbox 1731 0 2029 490">
    <p class='ocr_par' dir='ltr' id='par_1_15' title="bbox 1731 0 2029 490">
     <span class='ocr_line' id='line_1_36' title="bbox 1731 0 2029 490; baseline 0 2844"><span class='ocrx_word' id='word_1_263' title='bbox 1731 0 2029 490; x_wconf 95' lang='lat' dir='ltr'> </span> 
     </span>
    </p>
   </div>
  </div>
 </body>
</html>
