2034 3334
641 933 956 1009 CAPUT
1010 933 1554 1010 SECUNDUM.

372 1239 489 1289 Quod
520 1240 669 1289 paucis
701 1240 1004 1280 tantummodo
1035 1241 1164 1289 atque
1196 1250 1292 1280 raro
1324 1239 1469 1279 evenit
1499 1239 1549 1278 ut
1579 1238 1648 1279 sui
1673 1237 1756 1289 ipsi
1780 1237 1879 1278 libri

312 1316 549 1355 utilitatem
580 1315 826 1365 praedicare
858 1317 1038 1367 possint,
1073 1316 1115 1355 id
1142 1316 1251 1355 mihi
1283 1316 1364 1355 hoc
1395 1315 1488 1356 loco
1521 1314 1744 1365 contingit.
1772 1312 1877 1354 Con-

310 1393 439 1431 tendo
472 1393 588 1431 enim
619 1391 849 1442 palamque
881 1392 1061 1442 declaro,
1095 1392 1168 1441 qui
1199 1391 1459 1441 praecedens
1491 1391 1620 1440 caput
1643 1389 1797 1440 legerit
1823 1388 1878 1429 ad

309 1468 497 1507 Terentii
543 1469 797 1508 Eunuchum
840 1468 998 1508 melius
1040 1468 1367 1517 intelligendum
1409 1467 1598 1506 multum
1630 1465 1875 1516 profecisse,

309 1556 447 1594 neque
479 1555 629 1584 vereor
659 1555 712 1583 ne
744 1545 841 1593 quis
868 1555 939 1583 me
966 1544 1017 1584 ob
1045 1544 1149 1583 illud
1176 1544 1339 1583 dictum
1366 1544 1641 1592 arrogantem
1668 1550 1878 1592 parumve

312 1622 601 1661 verecundum
649 1621 846 1669 appellet.
897 1619 1107 1669 Quidquid
1155 1620 1270 1659 enim
1317 1619 1415 1658 boni
1458 1620 1526 1658 est
1557 1617 1601 1658 in
1632 1617 1705 1657 illo
1736 1616 1877 1667 capite

311 1708 459 1736 meum
506 1697 581 1735 vix
629 1697 711 1735 dici
757 1697 922 1745 potest:
966 1696 1057 1745 ipse
1099 1695 1203 1734 illud
1243 1695 1440 1734 lubenter
1481 1695 1707 1746 acceptum
1738 1692 1876 1745 reQro

309 1772 698 1822 praestantissimo,
747 1782 875 1820 quem
923 1771 1052 1811 toties
1098 1771 1241 1821 citavi,
1290 1771 1383 1810 viro
1425 1770 1704 1810 Scholiastae.
1738 1768 1876 1818 Quem

311 1849 479 1887 utinam
507 1848 590 1887 alio
618 1848 832 1896 appellare
849 1847 1024 1886 nomine
1041 1857 1237 1896 possem:
1258 1846 1545 1886 Scholiastam
1563 1845 1680 1886 enim
1696 1843 1875 1885 dicendo

310 1924 566 1963 maledicere
608 1924 646 1963 ei
688 1923 847 1963 videor.
880 1923 1147 1962 Eximendus
1179 1924 1246 1962 est
1277 1922 1339 1962 illi
1371 1923 1615 1971 ineptorum
1645 1921 1874 1962 hominum

307 2001 470 2051 turbae,
499 2001 571 2049 qui
598 2001 789 2039 sutilium
816 2000 1145 2039 annotationum
1163 1999 1377 2054 farragine
1393 1998 1624 2048 scriptores
1638 1999 1874 2048 poetasque

308 2076 505 2126 obruunt,
556 2079 684 2125 atque
730 2076 856 2125 longe
902 2076 1111 2124 longeque
1159 2075 1245 2114 illis
1292 2074 1638 2123 anteponendus:
1686 2073 1750 2114 1111
1794 2074 1872 2115 vix

308 2163 498 2201 unquam
530 2153 764 2201 quidquam
796 2152 972 2191 tradunt
1003 2151 1115 2200 quod
1146 2162 1232 2190 non
1264 2151 1405 2199 quivis
1436 2151 1563 2199 paulo
1589 2150 1756 2190 acutior
1780 2149 1873 2200 ipse

307 2230 443 2277 possit
485 2229 688 2277 invenire,
733 2229 778 2267 at
819 2228 888 2266 hic
919 2229 1093 2276 poetam
1125 2237 1253 2265 suum
1286 2236 1436 2265 revera
1467 2225 1678 2274 illustrat;
1710 2226 1760 2265 ut
1789 2225 1873 2275 ipsi

306 2306 466 2343 nostris
499 2305 633 2343 oculis
661 2305 753 2342 eius
779 2305 1033 2342 venustates
1061 2303 1287 2342 videamus
1315 2301 1454 2351 efficit,
1483 2311 1620 2349 neque
1636 2300 1871 2350 quidquam

306 2380 439 2418 latere
486 2380 647 2428 patitur
694 2380 804 2428 quod
852 2380 924 2418 ille
966 2378 1173 2428 singulari
1217 2377 1502 2417 elaboraverit
1533 2375 1726 2416 artificio.
1758 2376 1872 2416 Vera

307 2467 400 2493 esse
434 2457 634 2504 pleraque
667 2455 813 2494 omnia
843 2465 952 2503 quae
984 2455 1135 2494 doceat
1166 2453 1318 2492 statim
1351 2452 1627 2502 agnoscimus
1653 2451 1870 2501 simulque

307 2531 555 2578 profitemur
602 2543 691 2579 nos,
742 2531 824 2570 nisi
866 2531 1107 2570 monuisset
1149 2530 1233 2579 ille,
1267 2530 1417 2568 eadem
1450 2529 1754 2568 observaturos
1782 2537 1869 2567 non

306 2607 451 2644 fuisse.
501 2607 564 2644 Ex
606 2607 737 2645 divite
780 2606 851 2645 ille
884 2606 1005 2655 copia
1036 2606 1276 2645 doctrinam
1309 2605 1451 2653 tradit,
1486 2606 1614 2652 atque
1646 2604 1708 2643 ita
1737 2602 1871 2643 tradii:

307 2685 351 2720 ut
395 2683 544 2720 statim
589 2683 757 2730 propria
799 2681 873 2720 fiat
917 2681 1232 2730 accipientium.
1267 2681 1470 2720 Potestne
1502 2679 1640 2718 maior
1670 2677 1870 2728 magistri

304 2758 398 2795 laus
427 2758 693 2805 excogitari?
716 2758 767 2795 Et
795 2768 944 2796 veram
972 2767 1079 2806 esse,
1108 2757 1209 2796 licet
1230 2767 1285 2795 ex
1302 2752 1652 2795 annotationibus
1668 2755 1712 2792 in
1729 2754 1868 2803 capite

305 2834 571 2881 praecedenti
607 2834 749 2871 allatis
784 2834 870 2871 iam
903 2833 1176 2881 aliquatenus
1209 2833 1423 2880 appareat,
1452 2832 1600 2869 tamen
1628 2839 1741 2868 nunc
1766 2829 1868 2868 data

304 2920 429 2957 opera
458 2908 753 2946 delintvnstrare
782 2908 975 2956 conabor,
1006 2909 1049 2946 et
1076 2917 1185 2955 quae
1211 2907 1300 2945 sint
1326 2906 1525 2954 magistri
1551 2905 1688 2944 nostri
1709 2905 1867 2944 merita

304 2987 431 3031 atque
464 2995 485 3021 e
518 2994 600 3030 quo
632 2983 749 3020 fonte
782 2987 872 3021 orta
907 2994 1035 3031 quam
1070 2982 1395 3022 accuratissime
1427 2991 1651 3030 exponere.
