2034 3334
1024 406 1080 445 38

269 532 410 581 Atque
437 532 671 582 prodeunte
697 531 854 571 ancilla
879 531 1024 581 nigra:
1056 530 1268 581 „Procede
1293 531 1342 571 tu
1363 530 1459 571 huc.
1482 530 1547 571 Ex
1562 529 1838 582 Aethiopiast

270 618 404 656 usque
446 607 594 647 haee.”
637 607 778 647 Perite
810 606 1052 647 Scholiasta
1082 607 1283 647 annotat:
1321 605 1455 657 „Cum
1486 604 1643 647 fiducia
1672 606 1719 647 et
1746 605 1836 648 alto

270 684 392 725 vultu
418 684 691 734 pronuntiat;
719 684 764 723 et
788 683 969 724 festinat
994 694 1048 723 ne
1074 684 1254 733 occupet
1277 682 1406 723 miles
1431 682 1551 733 prius
1571 681 1688 724 abire
1702 691 1836 732 quam

268 760 456 800 videat.’'
484 760 606 800 Facit
630 761 780 800 autem
805 759 1018 800 Parmeno
1045 760 1157 809 quod
1184 759 1330 800 iussus
1351 760 1419 800 est
1434 769 1499 799 vs.
1518 758 1628 799 214:
1649 766 1836 810 „munus

266 837 465 876 nostrum
497 837 648 876 ornato
678 836 865 877 verbis.”

328 911 439 952 Tum
465 911 722 952 Eunuchum
748 922 878 952 suum
904 912 1162 952 simulatum
1188 922 1323 952 manu
1338 911 1555 952 adducens
1569 910 1633 952 sic
1649 910 1836 952 alterum

268 988 372 1028 illud
404 989 565 1029 donum
597 990 781 1029 exornat
810 988 955 1029 verbis
986 990 1087 1036 (476
1119 991 1252 1038 sqq.):

894 1066 979 1106 Fac
1009 1065 1216 1115 periclum
1249 1065 1294 1105 in
1323 1064 1481 1105 litteris

506 1142 591 1181 Fac
622 1142 666 1182 in
697 1142 925 1192 palaestra,
959 1142 1004 1182 in
1034 1142 1237 1182 musicis:
1270 1152 1380 1191 quae
1410 1141 1594 1182 liberum

507 1219 623 1259 Scire
655 1220 884 1267 aequomst
914 1219 1256 1259 adolescentem:
1289 1218 1510 1259 sollertem
1541 1218 1663 1260 dabo.

271 1294 576 1335 Sollertem
608 1295 746 1335 dabo
776 1295 991 1344 quomodo
1022 1295 1081 1335 sit
1112 1295 1409 1345 accipiendum
1434 1305 1520 1335 non
1546 1294 1684 1336 video.
1710 1292 1837 1349 Certe

270 1381 355 1410 non
386 1371 450 1410 sic
479 1373 530 1411 ut
560 1371 655 1411 vult
685 1371 991 1412 Ruhnkenius:
1028 1371 1181 1423 „rebus
1212 1372 1318 1421 ipsis
1349 1371 1578 1412 ostendam
1602 1380 1704 1412 eum
1729 1369 1834 1420 peri-

268 1447 492 1487 tissimum
523 1448 679 1488 harum
712 1449 885 1488 artium.
919 1449 1058 1488 Plaut.
1091 1449 1176 1488 Mil.
1209 1448 1285 1499 ΙΙΙ,
1322 1449 1359 1498 1,
1393 1448 1473 1488 56:

409 1523 512 1563 Plus
543 1524 651 1564 dabo
682 1534 814 1573 quam
844 1525 1098 1574 praedicabo
1130 1535 1186 1564 ex
1216 1534 1288 1564 me
1318 1523 1564 1563 venustatis
1594 1522 1716 1563 tibist·
1783 1562 1786 1564 ,

271 1599 353 1639 Sed
378 1599 504 1649 plane
531 1600 646 1640 aliud
673 1600 774 1649 quid
801 1602 868 1640 est
895 1601 920 1640 d
933 1611 1025 1640 are
1051 1600 1193 1640 Plauti
1213 1600 1306 1640 loco
1323 1601 1452 1648 atque
1468 1599 1616 1639 nostro
1631 1598 1834 1640 Terentii.
1904 1630 1907 1632 .
1984 1619 1986 1621 f

269 1675 502 1714 Eunuchus
529 1676 581 1715 ad
608 1676 689 1715 hoc
715 1676 965 1725 exemplum
993 1676 1132 1716 dicere
1158 1677 1350 1725 poterat:
1382 1674 1647 1724 „sollertiam
1673 1674 1835 1724 dabo”;

269 1751 529 1792 Parmenoni
558 1752 769 1791 utendum
800 1752 895 1791 erat
924 1751 1117 1792 futuro
1159 1752 1373 1791 exacto.

330 1828 417 1867 480
458 1838 549 1876 sqq.
596 1827 802 1876 „Atque
843 1827 979 1867 haec
1019 1827 1111 1876 qui
1142 1827 1329 1866 misit’'
1362 1821 1668 1874 sicfParmeno
1697 1826 1838 1876 pergit

271 1904 347 1942 vix
388 1903 542 1943 militis
583 1903 897 1952 interpellantis
937 1903 1069 1943 verba
1105 1903 1283 1942 audiens
1318 1913 1429 1952 „non
1460 1903 1528 1943 est
1558 1903 1729 1943 amator
1758 1901 1835 1942 im·

270 1979 465 2029 periosus

507 2065 660 2094 verum
692 2055 764 2094 ubi
795 2054 1030 2094 molestum
1062 2064 1147 2094 non
1179 2054 1272 2103 erit,
1306 2053 1379 2092 ubi
1410 2054 1458 2093 tu
1489 2053 1622 2104 voles,

448 2131 531 2171 Ubi
563 2133 737 2180 tempus
768 2131 847 2170 tibi
878 2130 971 2180 erit,
1005 2131 1076 2170 sat
1106 2130 1248 2181 habet,
1282 2131 1320 2170 si
1352 2131 1447 2169 tum
1480 2129 1725 2180 recipitur.”

270 2209 540 2266 Singularem
572 2208 663 2247 vim
696 2207 826 2247 habet
857 2208 1047 2266 atque:
1085 2208 1155 2257 „et
1180 2207 1292 2255 quod
1318 2206 1565 2246 maximum
1591 2206 1671 2256 est,
1698 2205 1738 2246 is
1762 2205 1837 2256 qui

271 2287 361 2324 tam
404 2285 581 2334 pulchra
625 2285 737 2324 dona
777 2285 872 2324 dat.
889 2315 896 2323 .
913 2284 952 2323 .'’
994 2283 1213 2323 Admonet
1253 2283 1323 2322 hic
1358 2283 1564 2322 lectorem
1595 2281 1838 2322 Scholiasta

269 2372 399 2409 qua-m
442 2362 548 2400 bene
591 2371 759 2400 memor
799 2360 1013 2400 Parmeno
1053 2360 1111 2399 sit
1152 2359 1259 2398 iussi
1302 2362 1379 2404 (vs.
1425 2358 1509 2397 214
1546 2360 1649 2406 sq,):
1685 2356 1835 2408 „illum

269 2437 502 2485 aemulum,
536 2437 647 2485 quod
679 2436 840 2485 poteris
872 2436 924 2475 ab
956 2446 1007 2475 ea
1036 2435 1225 2485 pellito.”

328 2512 450 2551 Hanc
492 2513 640 2551 rivalis
682 2513 749 2551 sui
790 2512 1095 2551 verecundiam
1136 2511 1208 2550 ubi
1249 2510 1414 2550 laudari
1451 2509 1616 2549 audivit
1655 2509 1832 2559 Thraso,

270 2589 553 2637 contemptim
588 2592 666 2634 (vs.
701 2589 825 2634 486):

507 2665 696 2712 Apparet
727 2674 903 2703 servum
936 2664 1050 2702 hunc
1081 2673 1177 2702 esse
1208 2662 1371 2702 domini
1402 2661 1601 2711 pauperis

506 2740 743 2787 Miserique.

329 2815 569 2862 Statimque
602 2815 794 2854 Gnatho:

779 2891 890 2929 Nam
923 2890 1066 2930 hercle
1098 2900 1225 2929 nemo
1257 2890 1416 2939 posset,
1449 2889 1519 2927 sat
1550 2887 1651 2937 scio,

507 2966 584 3017 Qui
617 2967 792 3005 haberet
824 2967 896 3014 qui
927 2967 1098 3019 pararet
1131 2966 1276 3016 alium,
1310 2965 1424 3003 hunc
1454 2963 1630 3016 perpeti.
