2034 3334
1037 386 1120 426 118

287 513 541 552 annotatur:
593 511 714 562 „Non
759 511 871 552 dixit
911 512 1022 561 quod
1063 512 1158 562 scit,
1201 513 1277 552 sed
1309 513 1421 562 quod
1452 523 1605 554 verum
1637 514 1772 564 putet.
1803 514 1860 556 Et

288 589 355 628 est
387 587 513 643 ddzstcc
540 583 831 640 Ἐπικούρειον,
861 588 973 637 quod
1004 598 1031 628 a
1057 589 1213 628 ceteris
1238 588 1505 639 philosophis
1531 590 1781 640 repudiatur
1804 591 1859 632 de

286 663 374 703 otio
403 663 583 703 deorum
610 674 661 704 ac
691 664 868 719 perenni
899 663 1164 716 voluptate.’'

346 740 466 781 Adel.
515 740 546 789 Ι,
589 740 625 790 1,
665 740 746 780 44:
797 739 904 791 „Qui
950 751 1080 780 suum
1126 740 1315 781 officium
1361 742 1492 783 facit”
1539 743 1604 784 sic
1647 742 1856 785 vertitur:

286 814 332 867 „6
363 815 406 856 τὸ
437 819 623 867 καθῇκον
654 811 814 856 ποιῶι’.”

344 893 411 934 Ad
456 893 578 933 Adel.
622 893 697 943 ΙΙΙ,
736 893 776 943 3,
810 894 866 933 32
898 894 1082 934 refertur
1112 895 1302 934 narratio
1333 895 1386 935 de
1417 894 1596 936 Thalete
1626 896 1671 936 et
1700 895 1859 937 ancilla

285 968 484 1018 Thressa,
517 979 627 1018 quae
659 971 727 1009 est
758 970 802 1009 in
833 969 1027 1010 Platonis
1058 970 1305 1011 Theaeteto.

346 1045 518 1085 Phorm.
562 1046 593 1096 Ι,
640 1046 678 1096 2,
723 1047 772 1086 6:
816 1047 882 1087 Ad
923 1047 1056 1087 verba
1093 1047 1292 1088 Nescis
1324 1049 1513 1097 quoin
1544 1050 1695 1089 metu
1725 1058 1855 1090 anno-

285 1123 424 1162 tatur:
477 1122 622 1172 „Duae
668 1124 1042 1176 perturbationum
1083 1125 1220 1176 bigae,
1264 1135 1290 1165 a
1331 1125 1448 1165 malo
1478 1136 1577 1176 una,
1611 1136 1667 1167 ex
1698 1124 1856 1177 cupitis

283 1199 432 1238 altera.
470 1199 580 1249 Ergo
613 1210 639 1239 a
669 1201 803 1240 mali
834 1200 946 1250 bigis
976 1201 1218 1250 praesentis
1249 1203 1458 1252 temporis
1488 1203 1727 1253 periculum
1758 1213 1856 1244 esse

283 1274 468 1314 dicimus
495 1277 539 1315 et
553 1275 687 1315 futuri
704 1277 917 1316 metum.'’
936 1277 1143 1327 sumptae
1159 1278 1241 1318 hae
1256 1277 1381 1327 bigae
1397 1289 1420 1318 e
1437 1278 1631 1319 Platonis
1645 1279 1853 1320 Phaedro.

257 1351 584 1493 §Philosophica
615 1363 728 1403 ergo,
763 1363 872 1402 quae
903 1353 947 1393 in
979 1354 1156 1394 scholiis
1186 1355 1400 1406 leguntur,
1434 1357 1581 1396 omnia
1610 1358 1715 1397 sunt
1745 1356 1853 1397 eius-

282 1429 381 1467 dem
412 1429 583 1478 generis
614 1431 658 1469 et
689 1431 863 1470 tantum
893 1441 979 1471 non
1011 1431 1159 1471 omnia
1190 1442 1246 1472 ex
1277 1433 1428 1472 eodem
1459 1433 1578 1474 fonte
1607 1433 1778 1475 hausta.

369 1495 461 1539 Cum,
477 1508 539 1562 &³⁰
577 1501 609 1530 h
626 1493 823 1534 (kohan-³¹0¹.
1743 1500 1746 1504 ·

341 1669 556 1710 Haeccine
582 1680 683 1720 ergo
709 1673 802 1711 tam
828 1672 1001 1713 diversa
1026 1673 1079 1713 ab
1100 1674 1186 1715 uno
1202 1674 1369 1715 Donato
1384 1675 1578 1725 profecta
1591 1676 1853 1718 credamus?

280 1746 489 1795 Equidem
530 1756 662 1796 nego;
700 1748 776 1787 sed
808 1749 1013 1798 quoniam
1045 1760 1145 1790 cum
1175 1750 1282 1790 viris
1313 1751 1452 1791 doctis
1481 1751 1714 1810 Qu
1738 1753 1849 1805 nolo,

279 1822 557 1872 pertinaciter
603 1823 919 1864 affirmantibus
965 1827 1196 1866 concedere
1243 1837 1342 1867 sum
1383 1830 1574 1880 paratus,
1617 1829 1852 1871 dummodo

281 1900 389 1938 mihi
422 1901 658 1940 concedant
688 1901 764 1951 illi,
798 1902 836 1941 si
867 1904 960 1942 tam
992 1903 1138 1943 variae
1169 1903 1269 1943 illae
1301 1905 1603 1946 annotationes
1634 1905 1688 1946 ad
1713 1916 1850 1947 unum

279 1977 501 2016 auctorem
543 1977 632 2017 sint
663 1978 923 2029 referendae,
958 1979 1082 2018 illum
1115 1980 1167 2020 de
1198 1980 1398 2021 Terentio
1430 1981 1680 2032 scripsisse:
1712 1993 1850 2024 unum

277 2054 437 2093 librum
462 2055 891 2103 praestantissimum
917 2057 1299 2108 utilissimumque,
1329 2069 1477 2109 unum,
1501 2060 1574 2108 qui
1590 2069 1617 2099 a
1631 2061 1849 2111 proposito

278 2130 319 2179 pl
387 2180 390 2183 Ι
435 2130 494 2169 sit
521 2140 546 2170 a
568 2130 700 2181 enus,
729 2133 949 2200 postremo
976 2134 1066 2173 tres
1083 2136 1320 2182 quatuorve
1337 2135 1487 2184 plenos
1503 2145 1719 2186 nugarum
1734 2137 1847 2188 inep-

313 2217 467 2255 arumq
499 2217 534 2246 e.
567 2206 759 2256 Denique
790 2209 872 2248 hoc
903 2220 1071 2260 moneo,
1106 2220 1206 2250 cum
1238 2212 1562 2252 observationes
1596 2212 1852 2262 „scenicae”

277 2283 372 2327 (1100
409 2284 525 2322 0111111
560 2285 765 2324 vocabulo
797 2285 1024 2325 brevitatis
1055 2287 1125 2326 hic
1157 2297 1288 2326 causa
1320 2289 1429 2334 utor)
1462 2289 1743 2338 aequabiliter
1771 2300 1848 2340 per

275 2360 417 2397 totum
445 2369 621 2408 sparsae
649 2361 738 2399 sint
764 2363 1140 2412 commentarium,
1170 2363 1223 2402 iis
1249 2373 1358 2412 quae
1386 2374 1441 2403 ex
1467 2364 1551 2404 alio
1571 2374 1728 2414 genere
1743 2366 1848 2406 sunt

275 2444 403 2483 saepe
435 2436 598 2475 multas
631 2437 831 2487 deinceps
862 2439 1043 2487 paginas
1075 2450 1231 2490 carere,
1261 2440 1412 2480 deinde
1439 2441 1581 2480 subito
1597 2440 1847 2482 'rhetoricas

274 2511 639 2558 grammaticasve
682 2513 1005 2553 observationes
1047 2513 1123 2570 ὅλῳ
1166 2522 1217 2569 τῷ
1245 2515 1411 2571 θυλάκῳ
1442 2516 1615 2556 effundi.
1650 2516 1768 2568 Quod
1799 2518 1845 2558 in

275 2587 636 2635 etymologiarum
669 2590 994 2629 enumeratione
1022 2590 1091 2630 hic
1118 2591 1205 2631 illic
1231 2591 1354 2641 signo
1384 2588 1392 2648 ξ
1423 2591 1677 2641 significavi.
1705 2593 1844 2633 Simul

274 2663 361 2702 illic
403 2675 512 2712 quae
555 2670 701 2706 essent
737 2669 1075 2709 absurdissimae
1116 2670 1334 2710 inclinatis
1372 2671 1510 2710 literis
1541 2671 1843 2712 describendas

274 2741 432 2779 curavi.
463 2741 603 2789 Atque
631 2744 906 2793 etymologiis
933 2745 1075 2784 addidi
1102 2746 1278 2785 insanas
1305 2747 1515 2795 quasdam
1532 2747 1842 2797 explicationes

272 2826 381 2868 quae
414 2817 594 2856 eandem
627 2819 790 2866 spirare
822 2820 1010 2859 indolem
1042 2821 1302 2861 viderentur.

895 2994 1212 3003 ι-ᾕῴ-ᾷ--ρ
