2034 3334
1023 324 1079 365 38

340 450 479 503 Quam
509 450 739 507 pulchrum
771 451 827 493 sit
858 462 1032 493 carmen
1064 449 1142 505 IV,
1176 450 1201 491 5
1229 461 1448 506 exponere
1475 461 1585 505 opus
1612 461 1701 491 non
1717 450 1795 505 est,

283 529 359 572 sed
403 529 485 571 hoc
534 528 628 571 dico
676 528 792 571 ultro
833 528 873 571 ei
915 527 1127 570 maculam
1172 527 1406 583 aspersisse
1437 527 1582 582 ipsum
1614 527 1796 582 poetam.

280 605 468 649 Eximiis
499 604 702 648 laudibus
734 605 927 662 Augusti
954 604 1007 648 de
1034 604 1255 661 republica
1282 604 1433 647 merita
1449 606 1643 659 exornat,
1659 616 1796 659 quan-

280 685 375 726 tum
423 681 526 725 boni
572 682 666 725 eius
713 695 818 725 cura
859 681 1067 725 Romanis
1109 682 1312 737 attulerit,
1356 694 1486 738 quam
1518 684 1662 737 gratos
1694 693 1796 737 erga

281 772 381 803 eum
427 771 521 802 esse
567 760 683 802 cives
726 759 873 802 deceat
915 760 1099 816 egregiis
1143 758 1342 802 versibus
1386 757 1612 801 describit:
1655 759 1739 801 tuti
1770 771 1795 800 a

279 837 517 881 latronibus
565 840 668 881 sunt
713 837 937 894 agricolae,
980 851 1005 880 a
1047 837 1195 893 piratis
1239 837 1325 878 iam
1358 834 1441 878 sibi
1471 848 1560 878 non
1592 836 1794 878 metuunt

278 914 471 972 pericula
513 915 698 970 navitae,
742 913 1029 971 prudentibus
1072 915 1265 971 Augusti
1306 913 1475 970 legibus
1517 925 1658 956 mores
1691 915 1794 956 sunt

279 992 504 1047 emendati,
545 1005 645 1035 cum
680 993 910 1035 securitate
942 992 1104 1035 laetitia
1135 992 1276 1047 rediit,
1308 994 1536 1047 ceteraque
1567 989 1791 1033 eiusmodi.

278 1068 363 1112 Sed
394 1071 517 1125 poeta
549 1071 779 1112 externum
811 1069 1054 1111 carminum
1085 1081 1265 1111 suorum
1294 1071 1494 1110 ornatum
1521 1079 1623 1123 prae
1639 1066 1792 1110 ceteris

277 1158 428 1189 curare
459 1146 626 1200 solitus,
659 1145 929 1189 obliviscitur
958 1146 1138 1188 unicum
1170 1144 1272 1187 boni
1304 1147 1454 1200 poetae
1485 1156 1579 1187 esse
1601 1141 1791 1186 officium

278 1222 395 1279 quod
427 1223 602 1279 penitus
634 1223 790 1266 sentiat
820 1222 1038 1279 gravibus,
1071 1223 1194 1278 aptis,
1227 1223 1397 1265 canoris
1425 1221 1652 1264 enuntiare
1667 1233 1792 1263 voca-

275 1299 414 1354 bulis;
458 1299 583 1343 facile
627 1313 739 1354 eum,
781 1300 828 1342 si
861 1300 997 1356 quid
1030 1300 1313 1354 omiserit,
1344 1299 1515 1342 veniam
1547 1299 1790 1354 impetrare,

276 1376 509 1420 dummodo
551 1376 596 1419 id
629 1376 745 1433 quod
777 1379 902 1419 canat
933 1389 1059 1419 aures
1092 1375 1357 1432 permulceat
1387 1378 1665 1430 mentemque
1694 1386 1791 1430 per-

276 1453 400 1498 cellat
444 1456 575 1510 atque
617 1457 895 1496 commoveat.
927 1452 1042 1509 Ergo
1075 1465 1131 1496 ne
1162 1452 1386 1508 negligens
1417 1451 1628 1504 videatur,
1658 1451 1790 1494 nimis

274 1533 504 1573 accuratus
551 1533 638 1573 est:
685 1531 732 1572 in
783 1530 996 1573 bonorum
1045 1542 1156 1586 quae
1203 1530 1404 1586 Augusto
1452 1530 1568 1571 cives
1615 1530 1788 1584 accepta

272 1607 461 1651 referant
506 1608 830 1650 enumeratione
873 1620 962 1650 non
1004 1607 1152 1650 deesse
1183 1619 1308 1662 posse
1341 1606 1477 1649 credit
1507 1608 1784 1649 externorum

273 1684 465 1727 hostium
498 1684 774 1739 mentionem,
807 1684 883 1740 qui
909 1686 1035 1726 antea
1060 1683 1307 1740 provincias
1332 1681 1551 1725 Romanas
1567 1683 1787 1739 vastarint,

272 1774 392 1803 nunc
440 1773 486 1804 se
533 1773 707 1804 movere
752 1773 841 1803 non
874 1760 1071 1803 audeant.
1106 1759 1192 1811 Qui
1224 1772 1280 1802 ne
1312 1760 1442 1802 nimis
1475 1759 1551 1802 diu
1582 1759 1786 1802 lectorem

272 1840 495 1881 morentur
528 1850 677 1880 omnes
708 1839 752 1880 in
787 1838 899 1880 hanc
930 1850 1064 1880 unam
1095 1839 1312 1893 coguntur
1343 1837 1585 1893 stropham:

453 1945 560 1998 Quis
592 1946 801 1990 Parthum
835 1950 1000 2004 paveat,
1033 1948 1131 2003 quis
1162 1947 1350 2004 gelidum
1385 1946 1587 2002 Scythen,

453 2022 560 2075 Quis
596 2023 825 2067 Germania
857 2037 966 2080 quos
998 2023 1170 2066 horrida
1201 2024 1387 2079 parturit

451 2100 582 2144 Fetus
614 2100 822 2143 incolumi
855 2099 1066 2143 Caesare?
1100 2098 1207 2150 Quis
1239 2099 1354 2142 ferae

631 2177 803 2220 Bellum
838 2180 960 2220 curet
989 2175 1228 2219 Hiberiae?

334 2290 448 2343 Quid
506 2294 658 2336 attinet
709 2294 779 2337 hic
826 2307 927 2337 cum
973 2293 1270 2349 Peerlkampio
1318 2307 1394 2350 pro
1441 2294 1596 2338 fetus
1641 2294 1783 2351 legere

273 2369 488 2412 motus?
546 2369 700 2413 Nonne
754 2372 791 2413 si
837 2370 1072 2426 legentium
1119 2370 1351 2426 voluptatis
1399 2383 1529 2413 causa
1573 2369 1782 2413 Horatius

273 2444 464 2487 edendus
497 2449 621 2501 esset,
654 2450 787 2489 totam
820 2447 965 2502 potius
999 2446 1239 2490 deleremus
1272 2447 1523 2503 stropham?

333 2519 543 2563 Carminis
575 2521 653 2576 ΠΙ,
689 2522 742 2563 16
778 2522 894 2578 quod
921 2524 977 2565 sit
1003 2526 1306 2578 argumentum
1324 2523 1441 2566 haud
1455 2523 1578 2566 facile
1595 2522 1779 2565 dixeris:

272 2599 439 2638 constat
487 2597 538 2639 de
582 2611 688 2640 auro
733 2599 982 2654 divitiisque
1014 2599 1095 2654 agi,
1127 2599 1202 2642 sed
1235 2603 1339 2642 sunt
1372 2599 1527 2642 selecta
1558 2602 1779 2654 tamquam

274 2673 413 2728 capita
445 2685 467 2715 e
500 2674 755 2729 scriptorum
789 2676 841 2717 de
874 2675 1067 2719 moribus
1100 2676 1235 2731 libris,
1267 2677 1379 2719 male
1409 2677 1521 2718 inter
1553 2688 1599 2718 se
1629 2675 1779 2718 cohae-

272 2749 409 2791 rentia
454 2749 522 2791 vel
565 2751 708 2804 potius
753 2752 862 2794 male
905 2753 1017 2795 inter
1058 2766 1104 2795 se
1135 2754 1293 2796 iuncta.
1325 2753 1522 2795 Primum
1554 2752 1779 2811 laudari

271 2826 366 2867 auri
413 2825 603 2880 potentia
651 2826 842 2868 videtur:
892 2828 997 2883 quid
1041 2830 1156 2871 enim
1197 2829 1315 2872 aliud
1357 2829 1440 2872 sibi
1482 2829 1576 2871 vult
1607 2827 1777 2871 Danaes
