2034 3334
966 278 1022 323 69

255 403 311 446 Et
351 408 463 446 certe
505 403 603 459 plus
635 404 778 446 decem
811 416 1021 446 annorum
1053 403 1241 458 spatium
1273 406 1369 458 post
1401 404 1603 457 scriptam
1631 401 1786 444 Laoda-

196 475 308 517 miae
347 474 573 530 epistolam
603 475 902 530 praeterierat,
936 487 1035 515 cum
1068 472 1118 514 de
1152 471 1289 529 Ceyce
1321 477 1362 514 et
1395 471 1586 529 Alcyone
1618 486 1786 515 narrare

196 543 376 587 Ovidius
409 542 617 587 decrevit!

256 615 312 657 τὰ
343 616 454 658 αὐτὰ
487 615 604 665 λέγει
639 615 725 665 περὶ
760 616 837 655 τῶν
868 614 1015 664 αὐτῶν,
1048 626 1184 668 neque
1216 612 1450 668 quidquam
1481 613 1610 656 refert
1637 616 1786 655 utrum

196 685 246 729 de
289 686 416 728 rebus
457 689 579 742 agat,
614 699 719 741 quae
750 686 887 740 ipsius
917 685 1111 726 animum
1143 683 1417 726 vehementer
1448 685 1784 735 commoverint,

196 770 248 798 an
280 758 326 798 in
357 770 527 799 scenam
557 756 761 812 producat
787 754 1046 798 Graecorum
1074 754 1223 796 heroas
1250 758 1291 796 et
1317 755 1527 797 heroinas.
1559 754 1629 796 Sic
1658 768 1783 805 „cum

195 828 312 870 subit
351 826 470 869 illius
512 828 758 869 tristissima
799 828 935 868 noctis
965 824 1155 881 imago'’‚
1195 839 1323 880 quam
1355 824 1557 867 ultimam
1590 825 1709 881 degit
1740 826 1785 866 in

194 899 298 941 urbe
337 899 575 948 carissima,
610 901 652 939 et
683 896 822 939 multa
854 896 936 939 alia
966 901 1109 938 mente
1141 895 1288 938 recolit
1320 901 1362 938 et
1388 895 1584 938 morandi
1616 894 1783 946 causas,

193 983 297 1025 quas
338 983 471 1024 usque
512 970 740 1024 quaesierit
780 969 1088 1023 inveneritque.
1123 967 1314 1019 Quarum
1346 966 1417 1008 vel
1447 968 1705 1023 gravissima
1737 980 1785 1009 03

194 1044 281 1091 est,
315 1053 444 1095 quam
477 1039 593 1081 hisce
625 1039 823 1095 proponit
855 1038 1049 1080 versibus
1080 1036 1227 1089 (Trist.
1260 1037 1293 1087 I,
1329 1036 1369 1087 3,
1404 1037 1457 1079 61
1479 1041 1585 1092 0(1.);

284 1109 478 1164 Denique
508 1108 639 1164 „quid
666 1106 872 1165 propero?
899 1107 1076 1164 Scythia
1102 1112 1184 1158 est,
1213 1121 1296 1163 quo
1318 1107 1564 1149 mittimur''
1585 1108 1782 1163 inquam:

315 1179 480 1231 „Roma
514 1178 788 1235 relinquenda
820 1183 906 1221 est:
940 1182 1122 1233 utraque
1154 1180 1268 1220 iusta
1300 1192 1419 1220 mora
1451 1177 1559 1220 est''.

251 1250 369 1293 Haec
417 1254 529 1293 certe
577 1264 628 1292 ex
674 1251 766 1305 ipso
807 1253 957 1305 poetae
999 1248 1172 1290 fluxisse
1214 1252 1382 1304 pectore
1424 1249 1604 1299 dixeris,
1646 1262 1784 1303 neque

192 1320 332 1364 hercle
365 1334 444 1377 ego
477 1320 764 1363 contenderim
797 1321 865 1362 hic
898 1323 1064 1375 poetam
1094 1334 1175 1361 non
1204 1321 1374 1375 penitus
1400 1321 1578 1361 sensisse
1603 1333 1650 1361 ea
1677 1333 1784 1375 quae
1815 1369 1824 1375 ,

193 1392 362 1434 chartae
404 1391 645 1434 mandabat.
689 1390 745 1432 Et
778 1395 921 1432 tamen
953 1390 1060 1431 locus
1091 1390 1161 1431 hic
1194 1404 1360 1445 quoque
1393 1394 1479 1440 est,
1513 1390 1583 1432 hic
1614 1404 1783 1446 quoque

192 1463 413 1504 rhetorum
456 1460 690 1517 discipulus
734 1475 778 1502 se
818 1460 984 1516 prodit,
1028 1474 1080 1502 ne
1121 1460 1189 1502 hic
1222 1460 1396 1516 quidem
1428 1462 1588 1516 topices
1619 1462 1783 1516 spernit

190 1531 515 1574 adminiculum.
562 1529 760 1575 Conferas
793 1531 916 1573 modo
949 1544 1055 1586 quae
1087 1530 1233 1572 eadem
1266 1530 1341 1573 illa
1371 1531 1606 1574 Protesilea
1636 1533 1784 1585 (decla-

193 1607 274 1644 mat
304 1601 424 1645 volui
456 1602 610 1655 dicere)
643 1601 853 1644 exclamat
889 1615 948 1644 vs.
983 1600 1038 1644 97
1057 1614 1142 1656 sq.:

918 1671 981 1714 De
1014 1685 1121 1714 nave
1153 1673 1415 1714 novissimus
1447 1674 1516 1715 exi
1527 1686 1538 1724 ;

373 1743 469 1785 Non
502 1746 589 1794 est,
623 1756 706 1798 quo
738 1756 961 1798 properas,
994 1745 1108 1784 terra
1138 1746 1313 1797 paterna
1344 1741 1446 1784 tibi!

252 1815 393 1869 Atque
425 1828 477 1855 ex
508 1815 613 1869 ipsis
646 1812 859 1855 Tristibus
891 1827 976 1855 vss,
1009 1812 1042 1863 Ι,
1077 1812 1118 1863 2,
1137 1812 1191 1855 81
1222 1826 1307 1869 sq.:

372 1883 491 1936 Quod
522 1883 665 1926 faciles
700 1887 799 1939 opto
831 1887 977 1926 ventos
1010 1909 1066 1914 -—
1101 1885 1195 1939 quis
1227 1883 1395 1926 credere
1428 1883 1589 1940 possit?
1623 1910 1679 1915 -

432 1954 637 1997 Sarmatis
670 1960 734 1996 est
764 1954 916 2005 tellus,
951 1968 1079 2010 quam
1112 1968 1208 1997 mea
1239 1954 1333 1997 vela
1364 1958 1530 2010 petunt.

250 2024 306 2067 Et
338 2029 504 2075 tamen,
537 2026 574 2066 si
605 2038 810 2080 usquam,
840 2026 884 2066 111
912 2023 1123 2066 Tristibus
1152 2024 1332 2067 Ovidius
1359 2039 1485 2067 verus
1511 2027 1782 2081 sincerusque

193 2099 257 2137 est
296 2099 441 2151 poeta,
488 2096 516 2136 1.
550 2109 585 2136 0.
627 2096 664 2136 10
695 2096 770 2150 (1111
812 2108 918 2149 (11130
960 2096 1051 2150 ipse
1095 2096 1251 2136 sentiat
1294 2097 1553 2151 senseritque
1587 2096 1780 2138 versibus

192 2168 365 2208 exornet
395 2166 590 2208 veritatis
622 2163 896 2220 plenissimis.

250 2446 371 2498 Quod
416 2450 561 2488 autem
607 2447 652 2487 in
698 2447 824 2487 initio
871 2445 1049 2487 huiusce
1096 2447 1246 2500 capitis
1294 2446 1485 2488 dicebam
1533 2460 1625 2488 rem
1672 2461 1780 2502 quae

188 2517 392 2559 hactenus
422 2518 467 2558 in
500 2516 638 2558 densis
670 2515 801 2558 lateat
833 2516 1017 2557 tenebris
1049 2517 1222 2572 egregie
1255 2519 1398 2558 nostra
1431 2516 1481 2558 de
1509 2516 1662 2559 Ovidio
1688 2518 1780 2560 rhe-

190 2591 279 2629 tore
305 2586 515 2628 illustrari
540 2586 854 2636 observatione,
883 2586 1008 2627 modo
1036 2586 1139 2627 bene
1167 2587 1222 2626 sit
1248 2590 1467 2641 perspecta
1494 2591 1536 2628 et
1563 2601 1639 2629 suo
1657 2589 1779 2629 aesti-

190 2661 307 2700 mata
335 2659 495 2713 pretio,
527 2656 822 2698 huiuscemodi
854 2661 929 2698 est.
972 2655 1192 2698 Habemus
1224 2660 1394 2711 poetam
1427 2658 1501 2712 qui
1532 2657 1778 2713 aequalium

191 2731 397 2783 quotquot
421 2726 634 2768 audiverit
661 2729 702 2768 et
729 2727 970 2781 probaverit
995 2740 1144 2767 versus
1163 2750 1217 2756 —-
1236 2731 1278 2768 et
1303 2730 1403 2768 sunt
1425 2726 1471 2768 hi
1487 2728 1703 2769 innumeri
1721 2753 1777 2759 —-

190 2796 305 2839 fideli
330 2800 470 2838 teneat
496 2797 720 2846 memoria,
741 2799 907 2850 poetam
923 2797 967 2836 in
985 2795 1139 2837 scholis
1155 2796 1374 2838 rhetorum
1393 2801 1481 2838 tam
1498 2799 1778 2840 exercitatum

190 2870 240 2908 ut
271 2867 326 2907 τὰ
361 2865 470 2907 αὐτοὶ
503 2866 615 2908 dicat
646 2866 732 2915 περὶ
767 2870 842 2906 τῶν
877 2867 1023 2915 αὐτῶν,
1058 2867 1147 2907 01νο
1180 2866 1232 2907 ad
1262 2868 1398 2921 ipsius
1431 2869 1567 2910 vitam
1603 2869 1692 2910 sive
1726 2869 1778 2911 ad

191 2936 288 2978 ficta.
328 2936 507 2977 heroum
547 2936 902 2991 heroinarumque
944 2937 1185 2991 pertineant
1225 2935 1333 2986 fata,
1368 2940 1538 2992 poetam
1571 2938 1774 2994 denique,

193 3007 262 3047 cui
291 3007 435 3060 ipsum
468 3005 576 3047 illud
608 3019 757 3048 versus
790 3005 923 3047 facere
955 3019 1036 3046 usu
1069 3005 1171 3047 adeo
1203 3007 1248 3046 111
1275 3010 1472 3048 naturam
1499 3009 1698 3058 verterit,
1727 3012 1776 3049 ut
