<?xml version="1.0" encoding="UTF-8"?>
<!DOCTYPE html PUBLIC "-//W3C//DTD XHTML 1.0 Transitional//EN"
    "http://www.w3.org/TR/xhtml1/DTD/xhtml1-transitional.dtd">
<html xmlns="http://www.w3.org/1999/xhtml" xml:lang="en" lang="en">
 <head>
  <title>
</title>
<meta http-equiv="Content-Type" content="text/html;charset=utf-8" />
  <meta name='ocr-system' content='tesseract 3.04.00' />
  <meta name='ocr-capabilities' content='ocr_page ocr_carea ocr_par ocr_line ocrx_word'/>
</head>
<body>
  <div class='ocr_page' id='page_1' title='image "./dehoratiopota00hartuoft_0419.png"; bbox 0 0 2034 3334; ppageno 0'>
   <div class='ocr_carea' id='block_1_1' title="bbox 0 139 2 679">
    <p class='ocr_par' dir='ltr' id='par_1_1' title="bbox 0 139 2 679">
     <span class='ocr_line' id='line_1_1' title="bbox 0 139 2 679; baseline 0 0"><span class='ocrx_word' id='word_1_1' title='bbox 0 139 2 679; x_wconf 95' lang='lat' dir='ltr'><strong> </strong></span> 
     </span>
    </p>
   </div>
   <div class='ocr_carea' id='block_1_2' title="bbox 0 0 108 143">
    <p class='ocr_par' dir='ltr' id='par_1_2' title="bbox 0 0 108 143">
     <span class='ocr_line' id='line_1_2' title="bbox 0 0 108 143; baseline 0 3191"><span class='ocrx_word' id='word_1_2' title='bbox 0 0 108 143; x_wconf 95' lang='lat' dir='ltr'><strong> </strong></span> 
     </span>
    </p>
   </div>
   <div class='ocr_carea' id='block_1_3' title="bbox 0 2715 42 3334">
    <p class='ocr_par' dir='ltr' id='par_1_3' title="bbox 0 2715 46 3334">
     <span class='ocr_line' id='line_1_3' title="bbox 0 2715 42 3334; textangle 90"><span class='ocrx_word' id='word_1_3' title='bbox 3 2950 42 3334; x_wconf 30' lang='lat' dir='ltr'><strong>paam,</strong></span> <span class='ocrx_word' id='word_1_4' title='bbox 10 2874 30 2882; x_wconf 66' lang='lat'>2</span> <span class='ocrx_word' id='word_1_5' title='bbox 12 2809 13 2812; x_wconf 56' lang='lat'><em>„</em></span> <span class='ocrx_word' id='word_1_6' title='bbox 0 2715 19 2747; x_wconf 60' lang='lat' dir='ltr'><em>w</em></span> 
     </span>
    </p>
   </div>
   <div class='ocr_carea' id='block_1_4' title="bbox 934 450 988 489">
    <p class='ocr_par' dir='ltr' id='par_1_4' title="bbox 934 450 988 489">
     <span class='ocr_line' id='line_1_4' title="bbox 934 450 988 489; baseline 0.019 -1"><span class='ocrx_word' id='word_1_7' title='bbox 934 450 988 489; x_wconf 79' lang='lat'><strong>35</strong></span> 
     </span>
    </p>
   </div>
   <div class='ocr_carea' id='block_1_5' title="bbox 173 575 1767 1387">
    <p class='ocr_par' dir='ltr' id='par_1_5' title="bbox 173 575 1767 1387">
     <span class='ocr_line' id='line_1_5' title="bbox 284 575 1453 625; baseline -0.003 -9"><span class='ocrx_word' id='word_1_8' title='bbox 284 577 384 616; x_wconf 86' lang='lat'>440.</span> <span class='ocrx_word' id='word_1_9' title='bbox 416 576 500 616; x_wconf 87' lang='lat' dir='ltr'><strong>Ubi</strong></span> <span class='ocrx_word' id='word_1_10' title='bbox 530 576 770 616; x_wconf 74' lang='lat' dir='ltr'><strong>nominabit</strong></span> <span class='ocrx_word' id='word_1_11' title='bbox 801 576 1068 625; x_wconf 83' lang='lat' dir='ltr'><strong>Phaedriam,</strong></span> <span class='ocrx_word' id='word_1_12' title='bbox 1103 576 1150 614; x_wconf 91' lang='lat' dir='ltr'><strong>tu</strong></span> <span class='ocrx_word' id='word_1_13' title='bbox 1182 575 1453 624; x_wconf 80' lang='lat' dir='ltr'><strong>Pamphilam</strong></span> 
     </span>
     <span class='ocr_line' id='line_1_6' title="bbox 417 652 1452 701; baseline -0.002 -9"><span class='ocrx_word' id='word_1_14' title='bbox 417 652 640 692; x_wconf 77' lang='lat' dir='ltr'><strong>Continuo.</strong></span> <span class='ocrx_word' id='word_1_15' title='bbox 675 652 889 701; x_wconf 81' lang='lat' dir='ltr'><strong>Siquando</strong></span> <span class='ocrx_word' id='word_1_16' title='bbox 921 652 994 690; x_wconf 90' lang='lat' dir='ltr'><strong>illa</strong></span> <span class='ocrx_word' id='word_1_17' title='bbox 1025 652 1137 690; x_wconf 88' lang='lat' dir='ltr'><strong>dicet</strong></span> <span class='ocrx_word' id='word_1_18' title='bbox 1172 652 1452 700; x_wconf 83' lang='lat' dir='ltr'><strong>„Phaedriam</strong></span> 
     </span>
     <span class='ocr_line' id='line_1_7' title="bbox 418 728 1471 777; baseline -0.001 -10"><span class='ocrx_word' id='word_1_19' title='bbox 418 729 535 768; x_wconf 90' lang='lat' dir='ltr'><strong>Intro</strong></span> <span class='ocrx_word' id='word_1_20' title='bbox 567 729 797 768; x_wconf 74' lang='lat' dir='ltr'><strong>mittamus</strong></span> <span class='ocrx_word' id='word_1_21' title='bbox 830 728 1165 767; x_wconf 84' lang='lat' dir='ltr'><strong>comissatum’&#39;:</strong></span> <span class='ocrx_word' id='word_1_22' title='bbox 1200 728 1471 777; x_wconf 87' lang='lat' dir='ltr'><strong>Pamphilam</strong></span> 
     </span>
     <span class='ocr_line' id='line_1_8' title="bbox 417 800 1414 853; baseline -0.003 -9"><span class='ocrx_word' id='word_1_23' title='bbox 417 804 649 844; x_wconf 88' lang='lat' dir='ltr'><strong>Cantatum</strong></span> <span class='ocrx_word' id='word_1_24' title='bbox 681 800 976 853; x_wconf 89' lang='lat' dir='ltr'><strong>provocemus.</strong></span> <span class='ocrx_word' id='word_1_25' title='bbox 1011 804 1055 842; x_wconf 82' lang='lat' dir='ltr'><strong>Si</strong></span> <span class='ocrx_word' id='word_1_26' title='bbox 1085 803 1277 842; x_wconf 85' lang='lat' dir='ltr'><strong>laudabit</strong></span> <span class='ocrx_word' id='word_1_27' title='bbox 1308 804 1414 842; x_wconf 92' lang='lat' dir='ltr'><strong>haec</strong></span> 
     </span>
     <span class='ocr_line' id='line_1_9' title="bbox 416 879 1432 927; baseline -0.002 -8"><span class='ocrx_word' id='word_1_28' title='bbox 416 881 536 919; x_wconf 89' lang='lat' dir='ltr'><strong>Illius</strong></span> <span class='ocrx_word' id='word_1_29' title='bbox 567 881 776 919; x_wconf 79' lang='lat' dir='ltr'><strong>formam:</strong></span> <span class='ocrx_word' id='word_1_30' title='bbox 810 882 858 919; x_wconf 93' lang='lat' dir='ltr'><strong>tu</strong></span> <span class='ocrx_word' id='word_1_31' title='bbox 889 880 1016 918; x_wconf 91' lang='lat' dir='ltr'><strong>huius</strong></span> <span class='ocrx_word' id='word_1_32' title='bbox 1049 881 1208 918; x_wconf 88' lang='lat' dir='ltr'><strong>contra.</strong></span> <span class='ocrx_word' id='word_1_33' title='bbox 1242 879 1432 927; x_wconf 87' lang='lat' dir='ltr'><strong>Denique</strong></span> 
     </span>
     <span class='ocr_line' id='line_1_10' title="bbox 284 956 1440 1005; baseline 0 -10"><span class='ocrx_word' id='word_1_34' title='bbox 284 957 382 996; x_wconf 81' lang='lat'>445.</span> <span class='ocrx_word' id='word_1_35' title='bbox 416 957 498 995; x_wconf 90' lang='lat' dir='ltr'><strong>Par</strong></span> <span class='ocrx_word' id='word_1_36' title='bbox 528 967 602 1005; x_wconf 87' lang='lat' dir='ltr'><strong>pro</strong></span> <span class='ocrx_word' id='word_1_37' title='bbox 637 957 728 1005; x_wconf 85' lang='lat' dir='ltr'><strong>pari</strong></span> <span class='ocrx_word' id='word_1_38' title='bbox 760 957 928 1005; x_wconf 86' lang='lat' dir='ltr'><strong>referto,</strong></span> <span class='ocrx_word' id='word_1_39' title='bbox 962 956 1071 1004; x_wconf 89' lang='lat' dir='ltr'><strong>quod</strong></span> <span class='ocrx_word' id='word_1_40' title='bbox 1105 966 1201 994; x_wconf 81' lang='lat' dir='ltr'><strong>eam</strong></span> <span class='ocrx_word' id='word_1_41' title='bbox 1232 956 1440 995; x_wconf 87' lang='lat' dir='ltr'><strong>mordeat.</strong></span> 
     </span>
     <span class='ocr_line' id='line_1_11' title="bbox 180 1031 1739 1082; baseline -0.001 -11"><span class='ocrx_word' id='word_1_42' title='bbox 180 1031 296 1071; x_wconf 89' lang='lat' dir='ltr'><strong>Duas</strong></span> <span class='ocrx_word' id='word_1_43' title='bbox 342 1033 394 1071; x_wconf 92' lang='lat' dir='ltr'><strong>ad</strong></span> <span class='ocrx_word' id='word_1_44' title='bbox 440 1032 755 1082; x_wconf 79' lang='lat' dir='ltr'><strong>lepidissimum</strong></span> <span class='ocrx_word' id='word_1_45' title='bbox 802 1032 915 1070; x_wconf 89' lang='lat' dir='ltr'><strong>hunc</strong></span> <span class='ocrx_word' id='word_1_46' title='bbox 961 1032 1103 1070; x_wconf 89' lang='lat' dir='ltr'><strong>locum</strong></span> <span class='ocrx_word' id='word_1_47' title='bbox 1151 1031 1473 1070; x_wconf 77' lang='lat' dir='ltr'><strong>emendationes</strong></span> <span class='ocrx_word' id='word_1_48' title='bbox 1519 1032 1739 1080; x_wconf 78' lang='lat' dir='ltr'><strong>proposuit</strong></span> 
     </span>
     <span class='ocr_line' id='line_1_12' title="bbox 181 1107 1738 1161; baseline 0 -15"><span class='ocrx_word' id='word_1_49' title='bbox 181 1107 412 1161; x_wconf 77' lang='lat' dir='ltr'><strong>Bentlejus,</strong></span> <span class='ocrx_word' id='word_1_50' title='bbox 457 1118 638 1156; x_wconf 87' lang='lat' dir='ltr'><strong>quarum</strong></span> <span class='ocrx_word' id='word_1_51' title='bbox 674 1108 855 1146; x_wconf 87' lang='lat' dir='ltr'><strong>alteram</strong></span> <span class='ocrx_word' id='word_1_52' title='bbox 887 1108 1034 1155; x_wconf 92' lang='lat' dir='ltr'><strong>utique</strong></span> <span class='ocrx_word' id='word_1_53' title='bbox 1066 1107 1365 1157; x_wconf 83' lang='lat' dir='ltr'><strong>recipiendam,</strong></span> <span class='ocrx_word' id='word_1_54' title='bbox 1401 1107 1582 1146; x_wconf 91' lang='lat' dir='ltr'><strong>alteram</strong></span> <span class='ocrx_word' id='word_1_55' title='bbox 1614 1107 1738 1156; x_wconf 89' lang='lat' dir='ltr'><strong>plane</strong></span> 
     </span>
     <span class='ocr_line' id='line_1_13' title="bbox 181 1183 1739 1253; baseline -0.001 -31"><span class='ocrx_word' id='word_1_56' title='bbox 181 1183 506 1233; x_wconf 86' lang='lat' dir='ltr'><strong>improbandam</strong></span> <span class='ocrx_word' id='word_1_57' title='bbox 533 1193 697 1222; x_wconf 89' lang='lat' dir='ltr'><strong>censeo.</strong></span> <span class='ocrx_word' id='word_1_58' title='bbox 726 1183 888 1231; x_wconf 92' lang='lat' dir='ltr'><strong>Nempe</strong></span> <span class='ocrx_word' id='word_1_59' title='bbox 915 1193 990 1231; x_wconf 85' lang='lat' dir='ltr'><strong>pro</strong></span> <span class='ocrx_word' id='word_1_60' title='bbox 1021 1184 1187 1240; x_wconf 89' lang='lat' dir='ltr'><strong>canta</strong></span> <span class='ocrx_word' id='word_1_61' title='bbox 1183 1184 1255 1253; x_wconf 45' lang='grc'><strong>413</strong></span> <span class='ocrx_word' id='word_1_62' title='bbox 1264 1183 1598 1248; x_wconf 48' lang='lat' dir='ltr'><strong>fflAEaEQ*</strong></span> <span class='ocrx_word' id='word_1_63' title='bbox 1637 1184 1739 1232; x_wconf 89' lang='lat' dir='ltr'><strong>quin</strong></span> 
     </span>
     <span class='ocr_line' id='line_1_14' title="bbox 182 1259 1738 1308; baseline -0.001 -10"><span class='ocrx_word' id='word_1_64' title='bbox 182 1261 407 1299; x_wconf 88' lang='lat' dir='ltr'><strong>cantum</strong></span> <span class='ocrx_word' id='word_1_65' title='bbox 447 1261 505 1298; x_wconf 92' lang='lat' dir='ltr'><strong>tu</strong></span> <span class='ocrx_word' id='word_1_66' title='bbox 545 1259 774 1308; x_wconf 86' lang='lat' dir='ltr'><strong>legendum</strong></span> <span class='ocrx_word' id='word_1_67' title='bbox 815 1259 894 1298; x_wconf 91' lang='lat' dir='ltr'><strong>sit:</strong></span> <span class='ocrx_word' id='word_1_68' title='bbox 943 1269 1049 1308; x_wconf 86' lang='lat' dir='ltr'><strong>opus</strong></span> <span class='ocrx_word' id='word_1_69' title='bbox 1091 1260 1207 1298; x_wconf 91' lang='lat' dir='ltr'><strong>enim</strong></span> <span class='ocrx_word' id='word_1_70' title='bbox 1248 1259 1334 1297; x_wconf 88' lang='lat' dir='ltr'><strong>illic</strong></span> <span class='ocrx_word' id='word_1_71' title='bbox 1377 1260 1443 1297; x_wconf 91' lang='lat' dir='ltr'><strong>est</strong></span> <span class='ocrx_word' id='word_1_72' title='bbox 1473 1260 1738 1308; x_wconf 84' lang='lat' dir='ltr'><strong>pronominis</strong></span> 
     </span>
     <span class='ocr_line' id='line_1_15' title="bbox 173 1334 1767 1387; baseline -0.001 -13"><span class='ocrx_word' id='word_1_73' title='bbox 173 1335 446 1384; x_wconf 85' lang='lat' dir='ltr'><strong>repetitione.</strong></span> <span class='ocrx_word' id='word_1_74' title='bbox 492 1334 649 1374; x_wconf 86' lang='lat' dir='ltr'><strong>Contra</strong></span> <span class='ocrx_word' id='word_1_75' title='bbox 684 1345 748 1374; x_wconf 89' lang='lat' dir='ltr'><strong>vs.</strong></span> <span class='ocrx_word' id='word_1_76' title='bbox 783 1335 867 1374; x_wconf 84' lang='lat'>445</span> <span class='ocrx_word' id='word_1_77' title='bbox 900 1345 1050 1374; x_wconf 88' lang='lat' dir='ltr'><strong>vereor</strong></span> <span class='ocrx_word' id='word_1_78' title='bbox 1082 1335 1254 1383; x_wconf 87' lang='lat' dir='ltr'><strong>quidem</strong></span> <span class='ocrx_word' id='word_1_79' title='bbox 1285 1336 1334 1373; x_wconf 85' lang='lat' dir='ltr'><strong>ut</strong></span> <span class='ocrx_word' id='word_1_80' title='bbox 1364 1345 1460 1383; x_wconf 85' lang='lat' dir='ltr'><strong>par</strong></span> <span class='ocrx_word' id='word_1_81' title='bbox 1491 1346 1585 1383; x_wconf 88' lang='lat' dir='ltr'><strong>pro</strong></span> <span class='ocrx_word' id='word_1_82' title='bbox 1617 1336 1738 1384; x_wconf 87' lang='lat' dir='ltr'><strong>pari</strong></span> <span class='ocrx_word' id='word_1_83' title='bbox 1756 1336 1767 1387; x_wconf 69' lang='grc' dir='ltr'><em>ι</em></span> 
     </span>
    </p>
   </div>
   <div class='ocr_carea' id='block_1_6' title="bbox 159 1410 1739 1462">
    <p class='ocr_par' dir='ltr' id='par_1_6' title="bbox 159 1410 1739 1462">
     <span class='ocr_line' id='line_1_16' title="bbox 159 1410 1739 1462; baseline -0.001 -12"><span class='ocrx_word' id='word_1_84' title='bbox 159 1411 266 1462; x_wconf 71' lang='lat' dir='ltr'><strong>(ref</strong></span> <span class='ocrx_word' id='word_1_85' title='bbox 274 1421 395 1450; x_wconf 90' lang='lat' dir='ltr'><strong>erre</strong></span> <span class='ocrx_word' id='word_1_86' title='bbox 437 1411 587 1450; x_wconf 86' lang='lat' dir='ltr'><strong>Latine</strong></span> <span class='ocrx_word' id='word_1_87' title='bbox 629 1411 711 1450; x_wconf 90' lang='lat' dir='ltr'><strong>dici</strong></span> <span class='ocrx_word' id='word_1_88' title='bbox 752 1411 900 1461; x_wconf 81' lang='lat' dir='ltr'><strong>possit,</strong></span> <span class='ocrx_word' id='word_1_89' title='bbox 945 1411 1020 1450; x_wconf 89' lang='lat' dir='ltr'><strong>sed</strong></span> <span class='ocrx_word' id='word_1_90' title='bbox 1058 1411 1167 1459; x_wconf 91' lang='lat' dir='ltr'><strong>quod</strong></span> <span class='ocrx_word' id='word_1_91' title='bbox 1199 1410 1419 1458; x_wconf 86' lang='lat' dir='ltr'><strong>Bentlejus</strong></span> <span class='ocrx_word' id='word_1_92' title='bbox 1451 1411 1525 1449; x_wconf 91' lang='lat' dir='ltr'><strong>dat</strong></span> <span class='ocrx_word' id='word_1_93' title='bbox 1555 1421 1651 1459; x_wconf 89' lang='lat' dir='ltr'><strong>par</strong></span> <span class='ocrx_word' id='word_1_94' title='bbox 1681 1413 1739 1449; x_wconf 91' lang='lat' dir='ltr'><strong>tu</strong></span> 
     </span>
    </p>
   </div>
   <div class='ocr_carea' id='block_1_7' title="bbox 170 1487 1739 2669">
    <p class='ocr_par' dir='ltr' id='par_1_7' title="bbox 170 1487 1738 1696">
     <span class='ocr_line' id='line_1_17' title="bbox 179 1487 1738 1536; baseline -0.001 -10"><span class='ocrx_word' id='word_1_95' title='bbox 179 1487 299 1536; x_wconf 87' lang='lat' dir='ltr'><strong>pari</strong></span> <span class='ocrx_word' id='word_1_96' title='bbox 326 1487 542 1526; x_wconf 78' lang='lat' dir='ltr'><strong>referto</strong></span> <span class='ocrx_word' id='word_1_97' title='bbox 569 1487 682 1536; x_wconf 86' lang='lat' dir='ltr'><strong>haud</strong></span> <span class='ocrx_word' id='word_1_98' title='bbox 709 1487 833 1526; x_wconf 89' lang='lat' dir='ltr'><strong>dubie</strong></span> <span class='ocrx_word' id='word_1_99' title='bbox 855 1487 1062 1526; x_wconf 86' lang='lat' dir='ltr'><strong>vitiosum</strong></span> <span class='ocrx_word' id='word_1_100' title='bbox 1080 1489 1168 1535; x_wconf 89' lang='lat' dir='ltr'><strong>est;</strong></span> <span class='ocrx_word' id='word_1_101' title='bbox 1187 1497 1289 1526; x_wconf 91' lang='lat' dir='ltr'><strong>nam</strong></span> <span class='ocrx_word' id='word_1_102' title='bbox 1306 1488 1350 1526; x_wconf 88' lang='lat' dir='ltr'><strong>in</strong></span> <span class='ocrx_word' id='word_1_103' title='bbox 1367 1487 1548 1535; x_wconf 87' lang='lat' dir='ltr'><strong>singulis</strong></span> <span class='ocrx_word' id='word_1_104' title='bbox 1566 1487 1738 1535; x_wconf 88' lang='lat' dir='ltr'><strong>quidem</strong></span> 
     </span>
     <span class='ocr_line' id='line_1_18' title="bbox 170 1551 1735 1613; baseline -0.001 -11"><span class='ocrx_word' id='word_1_105' title='bbox 170 1563 371 1611; x_wconf 84' lang='lat' dir='ltr'><strong>partibus</strong></span> <span class='ocrx_word' id='word_1_106' title='bbox 403 1562 570 1602; x_wconf 91' lang='lat' dir='ltr'><strong>consilii</strong></span> <span class='ocrx_word' id='word_1_107' title='bbox 601 1573 626 1601; x_wconf 91' lang='lat' dir='ltr'><strong>a</strong></span> <span class='ocrx_word' id='word_1_108' title='bbox 658 1562 882 1602; x_wconf 80' lang='lat' dir='ltr'><strong>Gnathone</strong></span> <span class='ocrx_word' id='word_1_109' title='bbox 915 1563 1003 1601; x_wconf 91' lang='lat' dir='ltr'><strong>dati</strong></span> <span class='ocrx_word' id='word_1_110' title='bbox 1034 1573 1270 1612; x_wconf 89' lang='lat' dir='ltr'><strong>pronomen</strong></span> <span class='ocrx_word' id='word_1_111' title='bbox 1301 1551 1359 1602; x_wconf 87' lang='lat' dir='ltr'><strong>tu</strong></span> <span class='ocrx_word' id='word_1_112' title='bbox 1385 1563 1629 1612; x_wconf 91' lang='lat' dir='ltr'><strong>ponendum</strong></span> <span class='ocrx_word' id='word_1_113' title='bbox 1657 1565 1735 1613; x_wconf 89' lang='lat' dir='ltr'><strong>est,</strong></span> 
     </span>
     <span class='ocr_line' id='line_1_19' title="bbox 179 1637 1343 1696; baseline 0 -18"><span class='ocrx_word' id='word_1_114' title='bbox 179 1639 223 1678; x_wconf 92' lang='lat' dir='ltr'><strong>in</strong></span> <span class='ocrx_word' id='word_1_115' title='bbox 255 1650 403 1679; x_wconf 89' lang='lat' dir='ltr'><strong>earum</strong></span> <span class='ocrx_word' id='word_1_116' title='bbox 435 1637 775 1696; x_wconf 62' lang='lat' dir='ltr'><strong>&amp;vanefflaiatcfioec</strong></span> <span class='ocrx_word' id='word_1_117' title='bbox 806 1640 906 1678; x_wconf 87' lang='lat' dir='ltr'><strong>ferri</strong></span> <span class='ocrx_word' id='word_1_118' title='bbox 938 1640 1040 1678; x_wconf 89' lang='lat' dir='ltr'><strong>illud</strong></span> <span class='ocrx_word' id='word_1_119' title='bbox 1073 1650 1157 1678; x_wconf 92' lang='lat' dir='ltr'><strong>non</strong></span> <span class='ocrx_word' id='word_1_120' title='bbox 1188 1640 1343 1688; x_wconf 90' lang='lat' dir='ltr'><strong>potest.</strong></span> 
     </span>
    </p>

    <p class='ocr_par' dir='ltr' id='par_1_8' title="bbox 179 1715 1738 1841">
     <span class='ocr_line' id='line_1_20' title="bbox 236 1715 1738 1756; baseline 0.001 -2"><span class='ocrx_word' id='word_1_121' title='bbox 236 1715 310 1755; x_wconf 88' lang='lat' dir='ltr'><strong>Vs.</strong></span> <span class='ocrx_word' id='word_1_122' title='bbox 354 1717 500 1755; x_wconf 89' lang='lat' dir='ltr'><strong>autem</strong></span> <span class='ocrx_word' id='word_1_123' title='bbox 542 1717 627 1756; x_wconf 84' lang='lat'>439</span> <span class='ocrx_word' id='word_1_124' title='bbox 669 1717 721 1756; x_wconf 92' lang='lat' dir='ltr'><strong>id</strong></span> <span class='ocrx_word' id='word_1_125' title='bbox 763 1717 822 1755; x_wconf 91' lang='lat' dir='ltr'><strong>ut</strong></span> <span class='ocrx_word' id='word_1_126' title='bbox 862 1727 925 1755; x_wconf 92' lang='lat' dir='ltr'><strong>ne</strong></span> <span class='ocrx_word' id='word_1_127' title='bbox 966 1717 1075 1755; x_wconf 83' lang='lat' dir='ltr'><strong>fiat</strong></span> <span class='ocrx_word' id='word_1_128' title='bbox 1116 1717 1183 1755; x_wconf 91' lang='lat' dir='ltr'><strong>est</strong></span> <span class='ocrx_word' id='word_1_129' title='bbox 1223 1727 1286 1755; x_wconf 92' lang='lat' dir='ltr'><strong>ne</strong></span> <span class='ocrx_word' id='word_1_130' title='bbox 1327 1718 1380 1755; x_wconf 93' lang='lat' dir='ltr'><strong>te</strong></span> <span class='ocrx_word' id='word_1_131' title='bbox 1411 1717 1539 1754; x_wconf 90' lang='lat' dir='ltr'><strong>urat</strong></span> <span class='ocrx_word' id='word_1_132' title='bbox 1570 1717 1650 1755; x_wconf 82' lang='grc'>1.’·0.</span> <span class='ocrx_word' id='word_1_133' title='bbox 1684 1726 1738 1755; x_wconf 89' lang='grc'><strong>00</strong></span> 
     </span>
     <span class='ocr_line' id='line_1_21' title="bbox 179 1791 1119 1841; baseline 0.001 -12"><span class='ocrx_word' id='word_1_134' title='bbox 179 1791 315 1830; x_wconf 92' lang='lat' dir='ltr'><strong>ullum</strong></span> <span class='ocrx_word' id='word_1_135' title='bbox 347 1802 402 1830; x_wconf 81' lang='lat' dir='ltr'><strong>ex</strong></span> <span class='ocrx_word' id='word_1_136' title='bbox 433 1792 504 1831; x_wconf 93' lang='lat' dir='ltr'><strong>illo</strong></span> <span class='ocrx_word' id='word_1_137' title='bbox 538 1792 714 1831; x_wconf 88' lang='lat' dir='ltr'><strong>consilio</strong></span> <span class='ocrx_word' id='word_1_138' title='bbox 747 1792 888 1841; x_wconf 90' lang='lat' dir='ltr'><strong>capiat</strong></span> <span class='ocrx_word' id='word_1_139' title='bbox 918 1792 1119 1831; x_wconf 84' lang='lat' dir='ltr'><strong>fructum.</strong></span> 
     </span>
    </p>

    <p class='ocr_par' dir='ltr' id='par_1_9' title="bbox 181 1867 1739 1994">
     <span class='ocr_line' id='line_1_22' title="bbox 238 1867 1739 1917; baseline -0.001 -11"><span class='ocrx_word' id='word_1_140' title='bbox 238 1867 303 1906; x_wconf 91' lang='lat' dir='ltr'><strong>Ad</strong></span> <span class='ocrx_word' id='word_1_141' title='bbox 328 1878 392 1906; x_wconf 87' lang='lat' dir='ltr'><strong>vs.</strong></span> <span class='ocrx_word' id='word_1_142' title='bbox 421 1869 506 1907; x_wconf 88' lang='lat'><strong>443</strong></span> <span class='ocrx_word' id='word_1_143' title='bbox 533 1869 640 1907; x_wconf 90' lang='lat' dir='ltr'><strong>bene</strong></span> <span class='ocrx_word' id='word_1_144' title='bbox 666 1869 846 1907; x_wconf 91' lang='lat' dir='ltr'><strong>annotat</strong></span> <span class='ocrx_word' id='word_1_145' title='bbox 868 1868 1129 1907; x_wconf 76' lang='lat' dir='ltr'><strong>Scholiasta:</strong></span> <span class='ocrx_word' id='word_1_146' title='bbox 1157 1868 1411 1917; x_wconf 85' lang='lat' dir='ltr'><strong>„eleganter,</strong></span> <span class='ocrx_word' id='word_1_147' title='bbox 1431 1868 1530 1915; x_wconf 91' lang='lat' dir='ltr'><strong>quia</strong></span> <span class='ocrx_word' id='word_1_148' title='bbox 1547 1868 1620 1906; x_wconf 92' lang='lat' dir='ltr'><strong>illa</strong></span> <span class='ocrx_word' id='word_1_149' title='bbox 1635 1867 1739 1906; x_wconf 84' lang='lat' dir='ltr'><strong>foris</strong></span> 
     </span>
     <span class='ocr_line' id='line_1_23' title="bbox 181 1942 1737 1994; baseline 0 -13"><span class='ocrx_word' id='word_1_150' title='bbox 181 1944 258 1992; x_wconf 89' lang='lat' dir='ltr'><strong>est,</strong></span> <span class='ocrx_word' id='word_1_151' title='bbox 282 1943 388 1981; x_wconf 89' lang='lat' dir='ltr'><strong>haec</strong></span> <span class='ocrx_word' id='word_1_152' title='bbox 404 1942 532 1992; x_wconf 91' lang='lat' dir='ltr'><strong>intus,</strong></span> <span class='ocrx_word' id='word_1_153' title='bbox 551 1943 674 1982; x_wconf 90' lang='lat' dir='ltr'><strong>illum</strong></span> <span class='ocrx_word' id='word_1_154' title='bbox 695 1944 1167 1994; x_wconf 88' lang='lat' dir='ltr'><strong>intromittamus,</strong></span> <span class='ocrx_word' id='word_1_155' title='bbox 1192 1944 1303 1983; x_wconf 90' lang='lat' dir='ltr'><strong>hanc</strong></span> <span class='ocrx_word' id='word_1_156' title='bbox 1323 1944 1737 1992; x_wconf 88' lang='lat' dir='ltr'><strong>provocemus.”</strong></span> 
     </span>
    </p>

    <p class='ocr_par' dir='ltr' id='par_1_10' title="bbox 179 2017 1739 2669">
     <span class='ocr_line' id='line_1_24' title="bbox 239 2017 1736 2068; baseline 0.001 -13"><span class='ocrx_word' id='word_1_157' title='bbox 239 2017 319 2056; x_wconf 92' lang='lat' dir='ltr'><strong>Hic</strong></span> <span class='ocrx_word' id='word_1_158' title='bbox 346 2028 448 2056; x_wconf 90' lang='lat' dir='ltr'><strong>vero</strong></span> <span class='ocrx_word' id='word_1_159' title='bbox 474 2018 623 2057; x_wconf 86' lang='lat' dir='ltr'><strong>miles:</strong></span> <span class='ocrx_word' id='word_1_160' title='bbox 656 2019 719 2068; x_wconf 89' lang='lat' dir='ltr'><strong>„si</strong></span> <span class='ocrx_word' id='word_1_161' title='bbox 746 2019 919 2067; x_wconf 90' lang='lat' dir='ltr'><strong>quidem</strong></span> <span class='ocrx_word' id='word_1_162' title='bbox 945 2030 1016 2058; x_wconf 91' lang='lat' dir='ltr'><strong>me</strong></span> <span class='ocrx_word' id='word_1_163' title='bbox 1043 2021 1221 2068; x_wconf 87' lang='lat' dir='ltr'><strong>amaret,</strong></span> <span class='ocrx_word' id='word_1_164' title='bbox 1250 2021 1346 2058; x_wconf 91' lang='lat' dir='ltr'><strong>tum</strong></span> <span class='ocrx_word' id='word_1_165' title='bbox 1373 2019 1476 2058; x_wconf 92' lang='lat' dir='ltr'><strong>illud</strong></span> <span class='ocrx_word' id='word_1_166' title='bbox 1502 2020 1736 2068; x_wconf 81' lang='lat' dir='ltr'><strong>prodesset,</strong></span> 
     </span>
     <span class='ocr_line' id='line_1_25' title="bbox 181 2091 1737 2141; baseline 0.001 -11"><span class='ocrx_word' id='word_1_167' title='bbox 181 2091 391 2131; x_wconf 82' lang='lat' dir='ltr'><strong>Gnatho.’&#39;</strong></span> <span class='ocrx_word' id='word_1_168' title='bbox 434 2092 661 2141; x_wconf 85' lang='lat' dir='ltr'><strong>Egregiam</strong></span> <span class='ocrx_word' id='word_1_169' title='bbox 692 2093 761 2132; x_wconf 90' lang='lat' dir='ltr'><strong>hic</strong></span> <span class='ocrx_word' id='word_1_170' title='bbox 792 2094 1002 2132; x_wconf 91' lang='lat' dir='ltr'><strong>habemus</strong></span> <span class='ocrx_word' id='word_1_171' title='bbox 1034 2095 1358 2133; x_wconf 89' lang='lat' dir='ltr'><strong>annotationem</strong></span> <span class='ocrx_word' id='word_1_172' title='bbox 1391 2094 1655 2133; x_wconf 69' lang='lat' dir='ltr'><strong>scholiastae</strong></span> <span class='ocrx_word' id='word_1_173' title='bbox 1687 2094 1737 2132; x_wconf 90' lang='lat' dir='ltr'><strong>de</strong></span> 
     </span>
     <span class='ocr_line' id='line_1_26' title="bbox 180 2165 1736 2220; baseline 0.001 -15"><span class='ocrx_word' id='word_1_174' title='bbox 180 2165 384 2220; x_wconf 60' lang='lat' dir='ltr'><strong>olnovoffic&#39;oc</strong></span> <span class='ocrx_word' id='word_1_175' title='bbox 425 2178 534 2215; x_wconf 88' lang='lat' dir='ltr'><strong>quae</strong></span> <span class='ocrx_word' id='word_1_176' title='bbox 574 2168 642 2206; x_wconf 89' lang='lat' dir='ltr'><strong>his</strong></span> <span class='ocrx_word' id='word_1_177' title='bbox 682 2169 878 2207; x_wconf 88' lang='lat' dir='ltr'><strong>versibus</strong></span> <span class='ocrx_word' id='word_1_178' title='bbox 919 2169 1155 2217; x_wconf 88' lang='lat' dir='ltr'><strong>inducitur;</strong></span> <span class='ocrx_word' id='word_1_179' title='bbox 1187 2179 1209 2208; x_wconf 91' lang='lat' dir='ltr'><strong>e</strong></span> <span class='ocrx_word' id='word_1_180' title='bbox 1240 2179 1324 2216; x_wconf 87' lang='lat' dir='ltr'><strong>qua</strong></span> <span class='ocrx_word' id='word_1_181' title='bbox 1355 2169 1461 2208; x_wconf 89' lang='lat' dir='ltr'><strong>haec</strong></span> <span class='ocrx_word' id='word_1_182' title='bbox 1492 2169 1736 2207; x_wconf 86' lang='lat' dir='ltr'><strong>afferimus:</strong></span> 
     </span>
     <span class='ocr_line' id='line_1_27' title="bbox 184 2242 1739 2292; baseline 0.001 -11"><span class='ocrx_word' id='word_1_183' title='bbox 184 2243 246 2291; x_wconf 89' lang='lat' dir='ltr'><strong>„si</strong></span> <span class='ocrx_word' id='word_1_184' title='bbox 287 2242 367 2282; x_wconf 92' lang='lat' dir='ltr'><strong>hoc</strong></span> <span class='ocrx_word' id='word_1_185' title='bbox 397 2243 525 2282; x_wconf 87' lang='lat' dir='ltr'><strong>tollas</strong></span> <span class='ocrx_word' id='word_1_186' title='bbox 558 2243 756 2289; x_wconf 88' lang='lat' dir='ltr'><strong>(militem</strong></span> <span class='ocrx_word' id='word_1_187' title='bbox 788 2254 958 2292; x_wconf 89' lang='lat' dir='ltr'><strong>semper</strong></span> <span class='ocrx_word' id='word_1_188' title='bbox 989 2244 1254 2283; x_wconf 80' lang='lat' dir='ltr'><strong>intellexisse</strong></span> <span class='ocrx_word' id='word_1_189' title='bbox 1286 2255 1332 2283; x_wconf 92' lang='lat' dir='ltr'><strong>se</strong></span> <span class='ocrx_word' id='word_1_190' title='bbox 1364 2254 1448 2282; x_wconf 91' lang='lat' dir='ltr'><strong>non</strong></span> <span class='ocrx_word' id='word_1_191' title='bbox 1481 2244 1630 2289; x_wconf 89' lang='lat' dir='ltr'><strong>amari)</strong></span> <span class='ocrx_word' id='word_1_192' title='bbox 1664 2245 1739 2282; x_wconf 91' lang='lat' dir='ltr'><strong>aut</strong></span> 
     </span>
     <span class='ocr_line' id='line_1_28' title="bbox 180 2317 1739 2368; baseline 0.001 -12"><span class='ocrx_word' id='word_1_193' title='bbox 180 2318 469 2357; x_wconf 83' lang='lat' dir='ltr'><strong>excludendus</strong></span> <span class='ocrx_word' id='word_1_194' title='bbox 502 2320 568 2357; x_wconf 90' lang='lat' dir='ltr'><strong>est</strong></span> <span class='ocrx_word' id='word_1_195' title='bbox 594 2319 814 2368; x_wconf 87' lang='lat' dir='ltr'><strong>Phaedria,</strong></span> <span class='ocrx_word' id='word_1_196' title='bbox 845 2321 919 2358; x_wconf 87' lang='lat' dir='ltr'><strong>aut</strong></span> <span class='ocrx_word' id='word_1_197' title='bbox 946 2330 967 2357; x_wconf 94' lang='lat' dir='ltr'><strong>e</strong></span> <span class='ocrx_word' id='word_1_198' title='bbox 995 2320 1137 2358; x_wconf 90' lang='lat' dir='ltr'><strong>dolore</strong></span> <span class='ocrx_word' id='word_1_199' title='bbox 1164 2320 1317 2358; x_wconf 89' lang='lat' dir='ltr'><strong>militis</strong></span> <span class='ocrx_word' id='word_1_200' title='bbox 1345 2320 1388 2357; x_wconf 92' lang='lat' dir='ltr'><strong>in</strong></span> <span class='ocrx_word' id='word_1_201' title='bbox 1415 2319 1495 2358; x_wconf 91' lang='lat' dir='ltr'><strong>hac</strong></span> <span class='ocrx_word' id='word_1_202' title='bbox 1521 2319 1664 2358; x_wconf 84' lang='lat' dir='ltr'><strong>sabula</strong></span> <span class='ocrx_word' id='word_1_203' title='bbox 1689 2317 1739 2357; x_wconf 89' lang='lat' dir='ltr'><strong>fit</strong></span> 
     </span>
     <span class='ocr_line' id='line_1_29' title="bbox 179 2394 1738 2443; baseline 0.001 -11"><span class='ocrx_word' id='word_1_204' title='bbox 179 2394 368 2442; x_wconf 84' lang='lat' dir='ltr'><strong>tragicus</strong></span> <span class='ocrx_word' id='word_1_205' title='bbox 400 2394 586 2433; x_wconf 80' lang='lat' dir='ltr'><strong>exitus.&#39;’</strong></span> <span class='ocrx_word' id='word_1_206' title='bbox 619 2394 706 2432; x_wconf 91' lang='lat' dir='ltr'><strong>Nec</strong></span> <span class='ocrx_word' id='word_1_207' title='bbox 736 2394 882 2432; x_wconf 92' lang='lat' dir='ltr'><strong>minus</strong></span> <span class='ocrx_word' id='word_1_208' title='bbox 910 2395 1080 2443; x_wconf 84' lang='lat' dir='ltr'><strong>egregia</strong></span> <span class='ocrx_word' id='word_1_209' title='bbox 1106 2395 1233 2433; x_wconf 89' lang='lat' dir='ltr'><strong>haec:</strong></span> <span class='ocrx_word' id='word_1_210' title='bbox 1267 2395 1545 2443; x_wconf 83' lang='lat' dir='ltr'><strong>„meminisse</strong></span> <span class='ocrx_word' id='word_1_211' title='bbox 1572 2396 1738 2443; x_wconf 87' lang='lat' dir='ltr'><strong>oportet</strong></span> 
     </span>
     <span class='ocr_line' id='line_1_30' title="bbox 179 2469 1738 2518; baseline 0.001 -11"><span class='ocrx_word' id='word_1_212' title='bbox 179 2469 380 2508; x_wconf 90' lang='lat' dir='ltr'><strong>ridiculas</strong></span> <span class='ocrx_word' id='word_1_213' title='bbox 420 2479 625 2518; x_wconf 88' lang='lat' dir='ltr'><strong>personas</strong></span> <span class='ocrx_word' id='word_1_214' title='bbox 666 2480 751 2508; x_wconf 91' lang='lat' dir='ltr'><strong>non</strong></span> <span class='ocrx_word' id='word_1_215' title='bbox 793 2470 966 2508; x_wconf 92' lang='lat' dir='ltr'><strong>omnino</strong></span> <span class='ocrx_word' id='word_1_216' title='bbox 1010 2470 1166 2508; x_wconf 86' lang='lat' dir='ltr'><strong>stultas</strong></span> <span class='ocrx_word' id='word_1_217' title='bbox 1209 2471 1252 2508; x_wconf 90' lang='lat' dir='ltr'><strong>et</strong></span> <span class='ocrx_word' id='word_1_218' title='bbox 1293 2471 1497 2509; x_wconf 81' lang='lat' dir='ltr'><strong>excordes</strong></span> <span class='ocrx_word' id='word_1_219' title='bbox 1539 2471 1681 2509; x_wconf 90' lang='lat' dir='ltr'><strong>induci</strong></span> <span class='ocrx_word' id='word_1_220' title='bbox 1713 2480 1738 2508; x_wconf 91' lang='lat' dir='ltr'><strong>a</strong></span> 
     </span>
     <span class='ocr_line' id='line_1_31' title="bbox 180 2544 1736 2594; baseline 0.001 -12"><span class='ocrx_word' id='word_1_221' title='bbox 180 2545 317 2593; x_wconf 69' lang='lat' dir='ltr'><strong>poetis</strong></span> <span class='ocrx_word' id='word_1_222' title='bbox 350 2545 537 2583; x_wconf 75' lang='lat' dir='ltr'><strong>comicis</strong></span> <span class='ocrx_word' id='word_1_223' title='bbox 571 2544 682 2583; x_wconf 88' lang='lat' dir='ltr'><strong>Nam</strong></span> <span class='ocrx_word' id='word_1_224' title='bbox 714 2545 831 2583; x_wconf 92' lang='lat' dir='ltr'><strong>nulla</strong></span> <span class='ocrx_word' id='word_1_225' title='bbox 862 2545 1086 2584; x_wconf 88' lang='lat' dir='ltr'><strong>delectatio</strong></span> <span class='ocrx_word' id='word_1_226' title='bbox 1120 2546 1197 2594; x_wconf 90' lang='lat' dir='ltr'><strong>est,</strong></span> <span class='ocrx_word' id='word_1_227' title='bbox 1226 2545 1298 2583; x_wconf 92' lang='lat' dir='ltr'><strong>ubi</strong></span> <span class='ocrx_word' id='word_1_228' title='bbox 1326 2546 1499 2584; x_wconf 90' lang='lat' dir='ltr'><strong>omnino</strong></span> <span class='ocrx_word' id='word_1_229' title='bbox 1527 2546 1599 2593; x_wconf 91' lang='lat' dir='ltr'><strong>qui</strong></span> <span class='ocrx_word' id='word_1_230' title='bbox 1625 2545 1736 2584; x_wconf 91' lang='lat' dir='ltr'><strong>delu-</strong></span> 
     </span>
     <span class='ocr_line' id='line_1_32' title="bbox 179 2615 1736 2669; baseline 0.001 -11"><span class='ocrx_word' id='word_1_231' title='bbox 179 2620 293 2658; x_wconf 90' lang='lat' dir='ltr'><strong>ditur</strong></span> <span class='ocrx_word' id='word_1_232' title='bbox 329 2620 436 2658; x_wconf 87' lang='lat' dir='ltr'><strong>nihil</strong></span> <span class='ocrx_word' id='word_1_233' title='bbox 467 2620 622 2669; x_wconf 87' lang='lat' dir='ltr'><strong>sapit.’&#39;</strong></span> <span class='ocrx_word' id='word_1_234' title='bbox 646 2615 672 2665; x_wconf 86' lang='lat'><strong>¹)</strong></span> <span class='ocrx_word' id='word_1_235' title='bbox 700 2620 753 2658; x_wconf 82' lang='lat' dir='ltr'><strong>Et</strong></span> <span class='ocrx_word' id='word_1_236' title='bbox 784 2630 937 2659; x_wconf 89' lang='lat' dir='ltr'><strong>verum</strong></span> <span class='ocrx_word' id='word_1_237' title='bbox 970 2630 1064 2659; x_wconf 91' lang='lat' dir='ltr'><strong>esse</strong></span> <span class='ocrx_word' id='word_1_238' title='bbox 1097 2621 1207 2668; x_wconf 89' lang='lat' dir='ltr'><strong>quod</strong></span> <span class='ocrx_word' id='word_1_239' title='bbox 1240 2621 1290 2659; x_wconf 89' lang='lat' dir='ltr'><strong>de</strong></span> <span class='ocrx_word' id='word_1_240' title='bbox 1322 2622 1469 2660; x_wconf 86' lang='lat' dir='ltr'><strong>nostro</strong></span> <span class='ocrx_word' id='word_1_241' title='bbox 1500 2632 1629 2660; x_wconf 89' lang='lat' dir='ltr'><strong>versu</strong></span> <span class='ocrx_word' id='word_1_242' title='bbox 1670 2621 1736 2660; x_wconf 91' lang='lat' dir='ltr'><strong>ob-</strong></span> 
     </span>
    </p>
   </div>
   <div class='ocr_carea' id='block_1_8' title="bbox 178 2812 1738 3054">
    <p class='ocr_par' dir='ltr' id='par_1_11' title="bbox 178 2812 1738 3054">
     <span class='ocr_line' id='line_1_33' title="bbox 216 2812 1738 2851; baseline 0 -9"><span class='ocrx_word' id='word_1_243' title='bbox 216 2813 237 2847; x_wconf 84' lang='grc'><strong>1)</strong></span> <span class='ocrx_word' id='word_1_244' title='bbox 265 2812 328 2842; x_wconf 90' lang='lat' dir='ltr'><strong>Ad.</strong></span> <span class='ocrx_word' id='word_1_245' title='bbox 354 2819 404 2842; x_wconf 83' lang='lat' dir='ltr'><strong>vs.</strong></span> <span class='ocrx_word' id='word_1_246' title='bbox 430 2812 492 2841; x_wconf 83' lang='lat'>578.</span> <span class='ocrx_word' id='word_1_247' title='bbox 520 2812 624 2848; x_wconf 84' lang='lat' dir='ltr'><strong>Syrus</strong></span> <span class='ocrx_word' id='word_1_248' title='bbox 651 2812 810 2849; x_wconf 85' lang='lat' dir='ltr'><strong>Demeam</strong></span> <span class='ocrx_word' id='word_1_249' title='bbox 839 2819 951 2851; x_wconf 83' lang='lat' dir='ltr'><strong>senem</strong></span> <span class='ocrx_word' id='word_1_250' title='bbox 981 2812 1139 2847; x_wconf 87' lang='lat' dir='ltr'><strong>ablegans</strong></span> <span class='ocrx_word' id='word_1_251' title='bbox 1172 2813 1306 2849; x_wconf 84' lang='lat' dir='ltr'><strong>longam</strong></span> <span class='ocrx_word' id='word_1_252' title='bbox 1326 2813 1356 2842; x_wconf 86' lang='lat' dir='ltr'><strong>ei</strong></span> <span class='ocrx_word' id='word_1_253' title='bbox 1376 2814 1544 2843; x_wconf 76' lang='lat' dir='ltr'><strong>monstrat</strong></span> <span class='ocrx_word' id='word_1_254' title='bbox 1563 2814 1654 2843; x_wconf 89' lang='lat' dir='ltr'><strong>viam</strong></span> <span class='ocrx_word' id='word_1_255' title='bbox 1673 2821 1738 2848; x_wconf 87' lang='lat' dir='ltr'><strong>qua</strong></span> 
     </span>
     <span class='ocr_line' id='line_1_34' title="bbox 178 2862 1737 2902; baseline 0.002 -10"><span class='ocrx_word' id='word_1_256' title='bbox 178 2862 315 2893; x_wconf 81' lang='lat' dir='ltr'><strong>fratrem</strong></span> <span class='ocrx_word' id='word_1_257' title='bbox 343 2864 492 2893; x_wconf 84' lang='lat' dir='ltr'><strong>invenire</strong></span> <span class='ocrx_word' id='word_1_258' title='bbox 522 2865 637 2902; x_wconf 74' lang='lat' dir='ltr'><strong>possit,</strong></span> <span class='ocrx_word' id='word_1_259' title='bbox 667 2865 816 2899; x_wconf 81' lang='lat' dir='ltr'><strong>aliosque</strong></span> <span class='ocrx_word' id='word_1_260' title='bbox 843 2865 968 2893; x_wconf 83' lang='lat' dir='ltr'><strong>multos</strong></span> <span class='ocrx_word' id='word_1_261' title='bbox 995 2864 1085 2893; x_wconf 83' lang='lat' dir='ltr'><strong>locos</strong></span> <span class='ocrx_word' id='word_1_262' title='bbox 1103 2865 1256 2893; x_wconf 87' lang='lat' dir='ltr'><strong>nominat</strong></span> <span class='ocrx_word' id='word_1_263' title='bbox 1275 2867 1310 2894; x_wconf 88' lang='lat' dir='ltr'><strong>et</strong></span> <span class='ocrx_word' id='word_1_264' title='bbox 1331 2866 1543 2901; x_wconf 80' lang='lat' dir='ltr'><strong>angiportum</strong></span> <span class='ocrx_word' id='word_1_265' title='bbox 1563 2866 1737 2900; x_wconf 84' lang='lat' dir='ltr'><strong>quendam.</strong></span> 
     </span>
     <span class='ocr_line' id='line_1_35' title="bbox 179 2914 1738 2953; baseline 0.001 -10"><span class='ocrx_word' id='word_1_266' title='bbox 179 2914 241 2943; x_wconf 88' lang='lat' dir='ltr'><strong>Sed</strong></span> <span class='ocrx_word' id='word_1_267' title='bbox 270 2916 327 2944; x_wconf 88' lang='lat' dir='ltr'><strong>ubi</strong></span> <span class='ocrx_word' id='word_1_268' title='bbox 357 2916 442 2945; x_wconf 84' lang='lat' dir='ltr'><strong>dixit</strong></span> <span class='ocrx_word' id='word_1_269' title='bbox 471 2917 560 2952; x_wconf 87' lang='lat' dir='ltr'><strong>„Hac</strong></span> <span class='ocrx_word' id='word_1_270' title='bbox 587 2916 744 2952; x_wconf 82' lang='lat' dir='ltr'><strong>pergit0,&#39;’</strong></span> <span class='ocrx_word' id='word_1_271' title='bbox 771 2916 895 2944; x_wconf 84' lang='lat' dir='ltr'><strong>Demea</strong></span> <span class='ocrx_word' id='word_1_272' title='bbox 923 2916 1101 2945; x_wconf 82' lang='lat' dir='ltr'><strong>exclamat:</strong></span> <span class='ocrx_word' id='word_1_273' title='bbox 1134 2916 1187 2953; x_wconf 85' lang='lat' dir='ltr'><strong>„Id</strong></span> <span class='ocrx_word' id='word_1_274' title='bbox 1217 2917 1349 2950; x_wconf 85' lang='lat' dir='ltr'><strong>quidem</strong></span> <span class='ocrx_word' id='word_1_275' title='bbox 1369 2917 1581 2952; x_wconf 83' lang='lat' dir='ltr'><strong>angiportum</strong></span> <span class='ocrx_word' id='word_1_276' title='bbox 1600 2924 1665 2946; x_wconf 91' lang='lat' dir='ltr'><strong>non</strong></span> <span class='ocrx_word' id='word_1_277' title='bbox 1686 2919 1738 2946; x_wconf 83' lang='lat' dir='ltr'><strong>est</strong></span> 
     </span>
     <span class='ocr_line' id='line_1_36' title="bbox 178 2967 1738 3006; baseline 0.001 -11"><span class='ocrx_word' id='word_1_278' title='bbox 178 2967 357 3000; x_wconf 85' lang='lat' dir='ltr'><strong>pervium.”</strong></span> <span class='ocrx_word' id='word_1_279' title='bbox 387 2968 450 2996; x_wconf 86' lang='lat' dir='ltr'><strong>Hic</strong></span> <span class='ocrx_word' id='word_1_280' title='bbox 481 2975 609 3003; x_wconf 85' lang='lat' dir='ltr'><strong>quoque</strong></span> <span class='ocrx_word' id='word_1_281' title='bbox 634 2968 763 3003; x_wconf 83' lang='lat' dir='ltr'><strong>egregie</strong></span> <span class='ocrx_word' id='word_1_282' title='bbox 791 2967 911 2997; x_wconf 87' lang='lat' dir='ltr'><strong>Schol.:</strong></span> <span class='ocrx_word' id='word_1_283' title='bbox 944 2967 1102 3005; x_wconf 79' lang='lat' dir='ltr'><strong>„observa</strong></span> <span class='ocrx_word' id='word_1_284' title='bbox 1132 2968 1427 2998; x_wconf 84' lang='lat' dir='ltr'><strong>Terentianam</strong></span> <span class='ocrx_word' id='word_1_285' title='bbox 1457 2969 1738 3006; x_wconf 80' lang='lat' dir='ltr'><strong>consuetudinem,</strong></span> 
     </span>
     <span class='ocr_line' id='line_1_37' title="bbox 178 3013 1127 3054; baseline 0.003 -10"><span class='ocrx_word' id='word_1_286' title='bbox 178 3013 214 3044; x_wconf 85' lang='lat' dir='ltr'><strong>in</strong></span> <span class='ocrx_word' id='word_1_287' title='bbox 233 3025 298 3051; x_wconf 88' lang='lat' dir='ltr'><strong>qua</strong></span> <span class='ocrx_word' id='word_1_288' title='bbox 316 3019 441 3048; x_wconf 78' lang='lat' dir='ltr'><strong>inducit</strong></span> <span class='ocrx_word' id='word_1_289' title='bbox 459 3027 525 3048; x_wconf 89' lang='lat' dir='ltr'><strong>non</strong></span> <span class='ocrx_word' id='word_1_290' title='bbox 544 3019 628 3048; x_wconf 89' lang='lat' dir='ltr'><strong>nihil</strong></span> <span class='ocrx_word' id='word_1_291' title='bbox 647 3027 762 3054; x_wconf 85' lang='lat' dir='ltr'><strong>sapere</strong></span> <span class='ocrx_word' id='word_1_292' title='bbox 782 3026 840 3047; x_wconf 84' lang='lat' dir='ltr'><strong>eos</strong></span> <span class='ocrx_word' id='word_1_293' title='bbox 862 3019 917 3053; x_wconf 84' lang='lat' dir='ltr'><strong>qui</strong></span> <span class='ocrx_word' id='word_1_294' title='bbox 938 3020 1127 3048; x_wconf 81' lang='lat' dir='ltr'><strong>falluntur.’⁷</strong></span> 
     </span>
    </p>
   </div>
  </div>
 </body>
</html>
