2034 3334
948 229 1031 271 141

261 346 348 390 536
379 347 482 390 Fine
512 362 627 404 genu
660 353 822 391 vestem
855 351 944 391 ritu
975 351 1188 392 succincta
1220 350 1392 393 Dianae.

199 417 395 461 Priscum
428 432 681 474 caecumque
711 420 823 462 istud
849 421 939 474 fine
965 435 1069 473 yeme
1102 435 1250 463 vereor
1281 425 1330 464 ut
1364 421 1515 464 Ovidio
1547 422 1787 465 vindicetur

199 492 298 530 noto
330 487 405 530 illo
437 488 714 531 Lucretiano:
897 484 900 486 ’

441 558 602 601 Deinde
635 559 834 615 voluptas
866 565 928 603 est
961 576 982 603 e
1016 576 1115 604 suco
1148 562 1228 604 fine
1262 562 1405 617 palati.

197 628 308 671 Nam
339 634 450 672 certe
484 629 592 672 nihil
622 630 786 673 insoliti
818 632 886 674 hic
921 631 1101 675 Ovidius
1135 634 1360 689 quaesivit.

260 754 347 796 588
374 770 461 811 sqq.

377 826 492 878 Quae
510 827 744 880 (Atalante)
762 842 1022 884 quamquam
1040 828 1243 885 Scythica
1260 844 1341 872 non
1360 831 1493 873 setius
1510 832 1571 872 ire
1588 832 1747 888 sagitta

378 899 511 940 Aonio
543 900 637 941 visa
669 902 732 940 est
762 900 934 950 iuveni,
968 903 1111 941 tamen
1143 899 1216 942 ille
1249 900 1442 943 decorem

375 968 562 1010 Miratur
593 970 734 1024 magis
745 982 755 1020 ;
791 973 832 1011 et
864 983 1012 1011 cursus
1044 970 1145 1011 facit
1177 970 1250 1012 ille
1282 970 1487 1014 decorem.

193 1036 335 1094 Vulgo
378 1038 464 1091 ipse
505 1039 660 1088 editur,
705 1039 816 1095 quod
858 1042 969 1081 certe
1009 1039 1247 1096 elegantius
1278 1046 1366 1092 est,
1401 1041 1472 1084 sed
1504 1042 1785 1084 verisimilius

195 1111 338 1150 tamen
371 1108 481 1150 mihi
513 1109 683 1151 videtur
715 1113 854 1151 totum
886 1110 1002 1152 istud
1029 1111 1101 1151 ille
1128 1112 1289 1153 colorem
1317 1126 1338 1153 e
1365 1112 1631 1167 praecedenti
1659 1127 1786 1155 versu

196 1179 247 1221 ab
274 1180 477 1221 oscitante
502 1179 677 1222 librario
705 1194 794 1222 esse
820 1182 1053 1236 repetitum
1071 1186 1113 1223 et
1130 1180 1333 1224 Ovidium
1351 1181 1467 1224 aliud
1486 1183 1588 1238 quid
1606 1182 1783 1225 dedisse.

257 1313 340 1362 591
377 1314 492 1356 Aura
523 1315 651 1356 refert
683 1314 824 1357 ablata
857 1317 953 1357 citis
987 1315 1138 1358 talaria
1171 1315 1343 1372 plantis.

195 1384 382 1442 Egregie
428 1385 543 1426 istud
586 1386 718 1442 refert
758 1387 894 1427 ablata
937 1390 1104 1428 motum
1148 1386 1350 1428 talarium
1392 1387 1610 1444 depingit:
1659 1389 1784 1431 modo

195 1456 459 1506 auferuntur,
489 1455 614 1498 modo
641 1456 896 1498 referuntur.
931 1456 1116 1499 Kornius
1143 1456 1312 1499 oracula
1337 1456 1531 1513 loquitur
1558 1473 1657 1501 cum
1675 1460 1782 1501 edit:

378 1527 494 1568 Aura
524 1525 661 1582 replet
691 1527 858 1570 vibrata
889 1528 985 1569 citis
1016 1527 1167 1570 talaria
1199 1527 1369 1583 plantis.

257 1661 342 1704 595
361 1675 420 1717 sq.
484 1661 613 1703 Haud
645 1661 782 1712 aliter,
816 1675 945 1718 quam
978 1676 1076 1705 cum
1109 1677 1235 1719 super
1267 1665 1376 1705 atria
1408 1663 1556 1707 velum

378 1731 565 1776 Candida
596 1746 863 1789 purpureum
895 1732 1118 1775 simulatas
1150 1733 1284 1776 inficit
1316 1735 1502 1778 umbras.

196 1802 414 1844 Simulatae
445 1804 621 1845 umbrae
654 1803 795 1845 nullae
828 1808 928 1845 sunt
960 1805 1042 1845 nisi
1069 1818 1172 1859 quas
1198 1805 1350 1846 artifex
1375 1807 1419 1846 in
1448 1805 1593 1847 tabula
1620 1808 1779 1862 pingit3

196 1887 303 1928 quae
334 1873 432 1916 velo
460 1874 568 1915 fiunt
594 1878 693 1915 sunt
719 1875 978 1916 verissimae.
1013 1874 1093 1916 Sed
1122 1874 1493 1930 elegantissimum
1520 1876 1632 1931 quod
1659 1882 1782 1919 antea

196 1943 331 2001 vulgo
363 1944 583 1986 edebatur:

737 2013 879 2057 Simul
911 2018 953 2056 et
985 2014 1057 2056 dat
1089 2019 1131 2057 et
1160 2015 1295 2057 inficit
1325 2016 1499 2059 umbras

195 2089 237 2127 et
268 2085 346 2127 hoc
378 2086 480 2140 quin
513 2085 563 2127 ab
596 2083 749 2127 Ovidio
782 2086 839 2126 sit
869 2086 1075 2140 scriptum
1108 2099 1191 2127 non
1223 2085 1393 2128 dubito.

869 2345 1002 2388 LIBER
1033 2345 1109 2387 XI.

259 2467 313 2509 16
375 2467 564 2522 Infraeto
596 2466 878 2522 Berecynthia
910 2466 1017 2508 tibia
1048 2480 1193 2508 cornu.

196 2537 265 2580 Sic
296 2537 359 2588 M,
392 2538 475 2579 nisi
508 2536 619 2592 quod
650 2549 778 2591 supra
808 2551 830 2577 r
864 2549 993 2578 manu
1027 2536 1157 2578 altera
1185 2537 1202 2576 l
1228 2538 1436 2592 scriptum
1468 2540 1552 2587 est,
1585 2542 1627 2579 et
1658 2537 1780 2580 litera

195 2622 216 2648 c
255 2610 516 2663 suppuncta,
561 2610 609 2647 ut
652 2606 723 2647 fiat
765 2605 808 2647 id
852 2606 962 2660 quod
995 2609 1059 2647 est
1090 2608 1135 2647 in
1168 2606 1448 2648 deterioribus
1479 2607 1631 2661 inflato,
1667 2607 1779 2649 Mihi

196 2676 375 2719 dubium
407 2690 488 2718 non
521 2680 584 2717 est
617 2677 720 2731 quin
750 2675 819 2717 hic
851 2679 976 2730 poeta
1007 2675 1168 2717 dederit

371 2747 524 2801 Inflexo
556 2746 838 2802 Berecynthia
870 2746 974 2787 tibia
1004 2759 1134 2787 cornu

195 2819 245 2856 ut
276 2815 389 2858 Fast.
422 2815 492 2865 IV,
531 2815 638 2857 181:
672 2815 874 2856 Protinus
906 2813 1059 2856 inflexo
1091 2814 1375 2870 Berecynthia
1407 2816 1511 2857 tibia
1544 2829 1686 2858 cornu.

258 2883 321 2927 Cf.
354 2890 417 2927 et:
452 2885 547 2927 Non
582 2885 682 2926 tuba
714 2884 885 2933 directi,
918 2898 999 2925 non
1031 2886 1137 2925 aeris
1170 2898 1326 2927 cornua
1347 2885 1464 2939 flexi.

197 2954 339 2996 Ovidii
371 2960 434 2996 est
465 2956 519 2996 τὰ
553 2955 662 2996 αὐτοὶ
698 2956 784 3005 περὶ
821 2958 896 2994 τῶν
931 2954 1062 2995 αὐτῶν
1096 2954 1246 3004 λέγειν.
