2034 3334
967 179 996 223 8

179 302 299 355 XIII,
333 302 421 346 806
469 302 562 347 Non
596 306 768 346 tantum
799 317 925 347 cervo
957 302 1083 346 claris
1113 302 1342 348 latratibus
1372 307 1479 348 acto.

202 373 294 427 XV,
359 374 415 417 39
465 373 499 417 Ο
531 375 601 417 cui
633 375 702 417 ius
733 373 840 418 caeli
872 374 938 417 bis
969 387 1043 417 sex
1074 373 1209 418 fecere
1239 373 1419 419 labores.

239 445 403 499 Quibus
434 445 587 488 addere
617 459 701 488 non
733 445 883 488 dubito
917 443 944 488 9
977 444 1126 488 hosce:

239 516 293 567 ΙΙ,
328 514 415 559 423
465 515 586 566 „Hoc
617 518 730 559 certe
762 515 931 559 furtum
962 517 1149 558 coniunx
1180 529 1278 560 mea
1306 517 1494 561 nesciet''
1526 518 1683 574 inquit.

219 587 294 638 ΙΙΙ,
358 586 415 629 68
465 587 554 630 Aut
582 586 699 630 ultor
731 591 897 630 vestrae
930 586 1138 630 fidissima
1168 591 1340 645 pectora
1371 590 1537 631 mortis.

224 683 278 692 --
330 657 417 702 517
465 658 603 711 Quam
635 657 740 701 felix
772 671 908 709 esses,
941 659 979 700 si
1010 661 1058 701 tu
1090 671 1260 715 quoque
1290 657 1470 702 luminis
1501 659 1645 703 huius.

222 728 292 781 IV,
330 728 416 772 158
463 730 522 772 At
553 733 602 772 tu
634 742 743 786 quae
774 730 906 772 ramis
938 729 1064 772 arbor
1094 728 1336 773 miserabile
1366 743 1536 788 corpus.

226 824 283 832 —
332 799 420 842 416
467 799 581 843 Tum
614 813 716 844 vero
748 801 851 843 totis
883 799 1038 843 Bacchi
1069 799 1350 843 memorabile
1381 814 1550 845 nomen.

247 870 295 923 V,
329 869 416 915 617
464 869 655 914 Crinales
688 872 821 914 vittas
854 870 1023 914 afflabat
1054 870 1270 915 anhelitus
1301 872 1400 914 oris.

220 941 291 992 VI,
325 940 413 984 254
460 942 518 984 At
547 956 633 985 non
663 943 887 985 intonsum
919 942 1101 999 supplex
1132 941 1496 986 Damasichthona
1527 941 1692 987 vultus.

225 1037 282 1044 —-
331 1010 418 1056 547
466 1011 659 1069 Implebo
692 1011 825 1056 silvas
857 1015 901 1056 et
932 1014 1099 1056 conscia
1130 1026 1233 1056 saxa
1265 1013 1464 1057 movebo.

204 1082 296 1135 VII,
361 1083 420 1126 50
466 1083 688 1127 Servatrix
721 1084 847 1127 urbes
878 1087 1070 1127 matrum
1102 1083 1366 1127 celebrabere
1400 1084 1539 1128 turba.

243 1155 305 1198 Ex
346 1155 424 1198 hoc
455 1169 558 1212 erg-o
590 1169 747 1212 genere
781 1154 838 1198 52
871 1159 973 1198 sunt
1004 1169 1177 1206 versus,
1211 1169 1318 1212 quos
1352 1154 1641 1207 „rhetoricos”
1673 1153 1783 1198 mihi

181 1225 319 1269 dicere
351 1240 474 1283 posse
506 1226 665 1270 videor.

243 1369 338 1425 Age
363 1369 451 1411 iam
478 1382 626 1411 eorum
653 1381 761 1424 quae
788 1368 1011 1424 hucusque
1037 1369 1389 1411 enumeravimus
1415 1380 1634 1411 summam
1659 1367 1784 1411 facia-

182 1454 293 1482 mus.
328 1439 599 1496 Quamquam
626 1440 742 1482 enim
767 1438 861 1482 fieri
886 1440 1029 1495 potuit
1056 1442 1107 1481 ut
1133 1453 1268 1481 unum
1301 1438 1572 1495 alterumque
1605 1451 1780 1482 versum

183 1512 453 1562 omitterem,
499 1514 644 1553 tamen
687 1524 736 1553 ea
778 1524 876 1553 sum
907 1512 950 1553 in
984 1513 1074 1553 toto
1106 1510 1184 1553 hoc
1216 1512 1389 1568 negotio
1420 1524 1525 1554 usus
1555 1509 1785 1568 diligentia

182 1586 232 1624 ut
260 1581 418 1624 tabulis
444 1583 552 1624 meis
578 1586 802 1638 tamquam
829 1581 1107 1624 fundamento
1135 1581 1542 1625 demonstrationem
1568 1580 1783 1638 quandam

181 1654 400 1709 imponere
431 1667 515 1696 non
547 1667 706 1696 verear.
740 1651 853 1695 Nam
884 1653 921 1695 si
952 1653 1048 1709 quis
1074 1652 1184 1695 forte
1210 1651 1400 1709 aliquem
1426 1666 1625 1704 versum,
1651 1665 1781 1709 quem

184 1737 264 1780 ego
307 1723 358 1766 ad
401 1722 740 1779 „descriptivos”
774 1722 924 1774 retuli,
959 1722 1364 1780 „contemplativis”
1398 1722 1469 1767 vel
1502 1721 1780 1774 „rhetoricis”

183 1793 279 1837 vult
312 1794 613 1846 adnumerare,
647 1798 723 1837 aut
757 1793 1036 1845 „rhetoricis”
1069 1798 1321 1850 exemptum
1351 1795 1465 1837 inter
1497 1791 1783 1850 „contempla-

180 1865 324 1909 tivos”
358 1879 535 1921 ponere,
568 1868 642 1908 aut
669 1878 923 1922 quocunque
950 1864 1123 1908 tandem
1150 1864 1276 1908 modo
1305 1879 1454 1908 versus
1480 1879 1505 1908 a
1532 1877 1602 1908 me
1628 1865 1782 1907 citatos

183 1941 477 1992 transponere,
517 1937 698 1979 minime
728 1949 900 1978 recuso:
934 1937 1017 1978 tria
1048 1937 1165 1979 enim
1195 1949 1352 1994 genera
1383 1935 1482 1988 illa,
1517 1948 1781 1992 quamquam

179 2008 291 2048 inter
333 2021 376 2049 se
418 2006 682 2063 discrepant,
726 2011 870 2049 tamen
912 2005 1045 2049 simul
1077 2011 1178 2049 sunt
1209 2010 1403 2063 cognata.
1436 2006 1517 2058 Et,
1545 2005 1659 2063 quod
1687 2019 1783 2064 gra-

180 2078 434 2128 vissimum,
478 2077 530 2119 ad
573 2081 766 2119 nostram
807 2079 1018 2120 rationem
1058 2076 1170 2119 nihil
1209 2078 1388 2120 interest
1429 2078 1500 2119 cui
1530 2078 1681 2133 generi
1710 2076 1781 2120 hic

179 2147 254 2190 ille
286 2162 435 2190 versus
467 2148 788 2190 adnumeretur.

243 2218 465 2260 Habemus
510 2218 564 2260 77
593 2218 644 2269 —†—
672 2218 731 2260 24
757 2217 809 2268 -l-
841 2217 898 2260 52
930 2219 958 2260 i.
983 2231 1020 2262 e.
1058 2216 1142 2260 153
1163 2231 1325 2269 ,versus
1358 2217 1672 2275 „ponderosos”
1703 2218 1780 2274 qui

182 2302 256 2330 cur
288 2290 348 2330 sic
381 2302 404 2330 a
436 2293 560 2344 poeta
593 2290 679 2330 sint
710 2288 964 2332 conformati
997 2287 1161 2345 liquido
1194 2293 1381 2345 apparet.
1814 2297 1819 2301 '

246 2428 512 2484 Opponimus
565 2431 632 2473 his
682 2445 733 2473 ex
786 2435 874 2474 toto
912 2430 1318 2487 Metamorphoseon
1361 2444 1486 2487 opere
1531 2429 1588 2473 29
1630 2444 1780 2475 versus

187 2499 500 2554 „ponderosos”
550 2502 622 2555 qui
671 2501 936 2556 imprudenti
981 2506 1132 2557 poetae
1178 2501 1384 2544 excidisse
1425 2501 1638 2552 videntur,
1680 2502 1782 2557 quia

183 2583 329 2610 seusus
357 2584 506 2611 eorum
535 2570 642 2611 nihil
668 2570 796 2613 habet
824 2571 936 2627 quod
961 2572 1170 2629 gravitati
1196 2570 1264 2614 illi
1290 2571 1553 2628 respondeat.
1581 2569 1692 2614 Sunt
1712 2571 1780 2614 hi:

245 2639 299 2688 II,
335 2638 420 2681 742
470 2640 524 2681 Et
556 2654 727 2682 causam
760 2641 993 2692 adventus,
1027 2643 1098 2685 cui
1129 2644 1189 2685 sic
1220 2642 1438 2698 respondit
1468 2641 1668 2683 Atlantis.

228 2708 301 2758 III,
340 2710 423 2750 145
472 2710 526 2750 Et.
561 2709 622 2751 sol
654 2725 705 2752 ex
738 2725 871 2766 aequo
904 2717 1019 2755 meta
1050 2712 1235 2755 distabat
1265 2717 1459 2767 utraque.

233 2802 288 2809 —
339 2779 425 2819 313
471 2779 638 2820 Furtim
671 2780 798 2822 illum
831 2784 982 2837 primis
1015 2782 1088 2825 Ino
1122 2787 1351 2825 matertera
1381 2783 1514 2824 cunis.

210 2847 300 2897 VII,
335 2848 421 2889 233
471 2849 673 2891 Nondum
706 2856 873 2894 mutato
905 2852 1137 2909 vulgatum
1168 2865 1340 2907 corpore
1373 2849 1538 2894 Glauci.

188 2916 297 2967 VIII,
334 2918 418 2959 305
468 2919 523 2960 Et
556 2919 679 2962 velox
712 2921 806 2963 Idas
839 2927 881 2964 et
911 2925 998 2964 iam
1030 2937 1112 2965 non
1144 2922 1303 2965 femina
1335 2919 1536 2965 Caeneus.
