1982 3418
657 1154 879 1205 CAPUT
914 1154 1203 1205 PRIMUM.

241 1538 410 1581 Horatii
442 1537 662 1592 editiones,
690 1548 800 1592 quae
826 1538 972 1579 nostra
998 1538 1134 1579 aetate
1160 1536 1205 1578 in
1232 1536 1374 1579 lucem
1400 1537 1613 1594 prodeunt
1629 1563 1680 1568 -

182 1627 325 1672 neque
369 1627 530 1671 paucae
571 1626 645 1657 eae
686 1617 788 1656 sunt
831 1616 873 1656 et
914 1613 1145 1656 admodum
1177 1614 1290 1656 inter
1327 1627 1373 1657 se
1404 1614 1597 1658 diversae
1628 1639 1686 1647 —-

181 1705 341 1741 omnes,
390 1694 602 1747 quotquot
645 1695 759 1744 sunt,
801 1689 1061 1732 cuicuimodi
1106 1694 1220 1745 sunt,
1253 1691 1466 1734 artissimo
1500 1692 1685 1747 quodam

181 1781 281 1811 cum
314 1767 589 1811 celeberrima
620 1767 705 1822 illa,
739 1780 867 1822 quam
900 1770 998 1809 ante
1026 1766 1250 1810 duodecim
1276 1767 1365 1810 fere
1391 1767 1528 1811 lustra
1543 1767 1686 1811 Peerl-

178 1844 377 1901 kampius
409 1847 577 1887 nostras
614 1843 774 1900 publici
804 1844 911 1886 iuris
942 1843 1052 1898 fecit,
1085 1844 1312 1887 cohaerent
1341 1845 1527 1887 vinculo.
1560 1843 1684 1895 Quod

179 1922 445 1978 cognationis
475 1920 646 1976 quidem
675 1920 899 1963 vinculum
927 1920 1138 1976 appellare
1165 1921 1276 1976 licet,
1293 1922 1480 1964 caritatis
1496 1922 1683 1964 minime.

106 2041 109 2043 ,
178 1997 246 2040 Ex
287 1998 454 2053 ingenti
497 1998 610 2039 enim
645 1997 1002 2051 coniecturarum,
1035 2010 1142 2052 quas
1174 1998 1240 2038 vir
1270 1997 1535 2040 clarissimus
1566 2001 1608 2040 et
1638 1998 1681 2040 in

178 2075 313 2130 poetis
358 2073 522 2116 Latinis
570 2074 889 2116 versatissimus
931 2073 1119 2129 protulit,
1152 2087 1331 2117 numero
1364 2074 1473 2117 duae
1503 2078 1683 2129 tantum,

178 2151 223 2192 ni
252 2150 385 2205 fallor,
416 2153 517 2193 sunt
550 2163 660 2206 quae
691 2151 829 2193 nostri
857 2150 1016 2193 saeculi
1045 2151 1150 2192 viris
1168 2151 1303 2193 doctis
1320 2150 1491 2207 probari
1507 2151 1682 2194 soleant.

179 2224 263 2276 Qui
294 2226 381 2268 illis
412 2239 466 2269 ex
500 2230 616 2268 tanta
650 2227 772 2282 copia
800 2226 1007 2282 eligendis
1035 2240 1142 2281 quas
1170 2227 1322 2269 ceteris
1339 2227 1539 2270 omnibus
1555 2227 1682 2284 longe

178 2306 391 2358 praestare
425 2307 637 2357 censeant,
670 2315 715 2345 se
747 2303 863 2358 ipsos
892 2303 1207 2358 quodammodo
1235 2303 1477 2359 prudentes,
1493 2304 1683 2359 idoneos,

178 2379 354 2422 callidos
383 2378 549 2421 iudices
581 2391 674 2420 esse
705 2378 1010 2420 demonstrant.
1045 2377 1158 2429 Quid
1189 2380 1303 2422 enim
1330 2380 1557 2422 venustius
1583 2393 1681 2436 pro-

127 2476 136 2481 s
176 2455 415 2498 babiliusve
462 2455 638 2510 cogitari
682 2458 821 2510 potest
869 2469 999 2511 quam
1037 2455 1323 2511 Peerlkampii
1356 2457 1600 2499 coniectura
1631 2457 1674 2499 in

175 2533 292 2576 hisce
325 2533 527 2575 carminis
558 2531 637 2587 III,
670 2532 725 2574 20
761 2533 944 2588 strophis

501 2664 600 2708 Non
631 2665 751 2708 vides
784 2668 944 2720 quanto
976 2677 1148 2707 moveas
1180 2664 1353 2721 periclo,

501 2741 680 2796 Pyrrhe,
713 2740 918 2783 Gaetulae
950 2740 1117 2783 catulos
1147 2740 1319 2784 leaenae
1337 2741 1358 2783 Ρ

502 2817 623 2860 Dura
653 2820 753 2874 post
780 2817 909 2873 paulo
939 2815 1078 2873 fugies
1109 2817 1300 2860 inaudax

620 2893 787 2936 Proelia
817 2896 974 2949 raptor,
