2034 3334
1024 254 1112 300 142

332 379 386 422 21
407 393 469 435 sq.
502 377 754 421 Innumeras
786 376 982 421 volucres
1013 391 1259 435 anguesque
1289 391 1529 436 agmenque
1561 378 1749 423 ferarum

498 448 731 492 Maenades
765 447 924 504 Orphei
956 447 1137 492 titulum
1170 462 1346 505 rapuere
1377 448 1549 492 theatri.

270 521 506 579 Egregium
540 534 609 564 me
634 519 776 563 iudice
803 518 1004 562 Merkelii
1031 521 1316 563 coniecturam
1345 519 1538 575 briumphi
1564 519 1686 563 docte
1709 519 1870 564 refutet

269 591 527 643 Ehwaldue,
561 591 634 635 sed
667 590 815 634 docere
842 591 986 633 omisit
1013 590 1115 647 quid
1142 594 1253 633 esset
1279 590 1429 633 theatri
1454 590 1612 633 titulus.
1646 590 1703 633 At
1718 582 1871 635 vocem*

270 663 415 706 titubas
456 667 607 720 sponte
641 663 786 719 quivis
817 675 916 705 cum
949 661 1147 716 triumpho
1178 663 1354 720 iungat,
1387 666 1533 705 contra
1563 651 1715 705 theatri
1744 659 1868 706 facile

269 748 314 777 se
345 733 519 777 librario
554 747 576 776 e
608 733 886 790 sequentibus
918 731 1064 775 offerre
1096 736 1274 789 poterat.

332 880 390 924 83
499 879 667 924 Robora
700 883 802 923 sunt
833 880 1001 931 umeri,
1035 879 1169 933 lonqoe
1199 893 1349 936 quoque
1378 878 1574 922 bracchia
1604 891 1727 923 veros

499 951 600 995 Esse
632 956 758 1008 putes
789 965 956 1003 ramos,
989 954 1033 993 et
1063 965 1146 994 non
1177 949 1323 994 fallare
1355 949 1556 1007 putando.

270 1022 340 1066 Sic
373 1022 551 1066 codices.
584 1021 671 1065 Alii
702 1021 807 1074 alia;
841 1020 1076 1064 Ehwaldus

1014 1091 1168 1149 longos
1199 1105 1367 1149 quoque
1398 1091 1592 1135 bracchia
1622 1103 1744 1135 versa

497 1164 600 1208 Esse
632 1167 758 1221 putes
788 1177 954 1215 ramos,
987 1167 1028 1206 et
1061 1177 1143 1205 non
1174 1162 1325 1206 fallare
1356 1162 1562 1219 putando.

270 1236 387 1289 Quae
427 1237 667 1280 coniectura
706 1234 814 1277 lenis
856 1233 1031 1291 quidem
1072 1239 1157 1285 est,
1201 1233 1274 1277 sed
1304 1247 1374 1277 me
1404 1232 1577 1290 quidem
1608 1231 1750 1276 iudice
1780 1245 1865 1276 non

271 1307 444 1364 praebet
485 1305 649 1363 aliquid
681 1305 795 1362 quod
827 1305 929 1348 ferri
962 1306 1108 1362 possit.
1140 1306 1298 1362 Aperte
1330 1306 1446 1348 enim
1474 1305 1539 1347 vis
1570 1302 1662 1347 fieri
1693 1302 1866 1347 videtur

269 1379 455 1422 sermoni
486 1377 635 1429 latino,
667 1378 742 1433 qui
774 1390 851 1419 suo
881 1377 976 1419 iure
1003 1375 1122 1418 istud
1149 1376 1283 1430 lonyos
1309 1390 1460 1433 quoque
1478 1399 1534 1407 —
1550 1389 1679 1417 ramos
1705 1374 1866 1418 subiec-

269 1452 364 1492 tum
407 1462 497 1491 esse
539 1448 682 1499 iubet,
726 1446 1023 1503 praedicatum
1063 1460 1154 1489 esse
1191 1450 1321 1490 vetat.
1355 1445 1478 1489 Nihil
1511 1445 1619 1488 mihi
1651 1449 1864 1502 praestare

269 1519 443 1562 videtur
474 1518 713 1562 editionum
746 1520 944 1561 veterum
976 1516 1174 1560 lectioni:
1199 1521 1466 1573 porrectaque
1497 1515 1696 1560 bracchia.

333 1653 419 1696 134
436 1668 497 1710 sq.
531 1654 641 1697 Mite
674 1653 803 1696 deum
835 1666 1017 1696 numen:
1050 1652 1240 1696 Bacchus
1272 1667 1464 1709 peccasse
1497 1653 1701 1696 fatentem

528 1724 736 1767 Restituit
765 1725 963 1780 pactique
995 1722 1075 1766 fide
1106 1723 1206 1767 data
1235 1737 1414 1767 munera
1444 1722 1589 1766 solvit.

269 1795 340 1839 Sic
386 1795 520 1838 edidit
567 1794 798 1837 Ehwaldus
845 1797 887 1836 et
929 1795 989 1837 sic
1033 1798 1203 1837 auctore
1247 1795 1409 1852 Magno
1450 1794 1732 1851 interpunxit.
1779 1791 1863 1836 Sed

270 1879 477 1909 verumne
520 1869 584 1908 est
614 1864 723 1907 illud
756 1879 915 1907 numen
948 1864 1124 1908 deorum
1157 1867 1263 1908 mite
1295 1879 1408 1916 esse,
1441 1865 1485 1907 id
1518 1869 1583 1908 est
1613 1878 1742 1907 omnes
1771 1864 1865 1907 deoc

270 1939 399 1979 mites
442 1934 559 1979 esse?
597 1935 775 1991 Saepius
818 1934 998 1978 Ovidius
1037 1937 1128 1991 ipse
1171 1935 1268 1978 deos
1298 1934 1591 1992 implacabiles
1618 1933 1864 1992 legentibus

270 2012 368 2050 ante
409 2006 552 2049 oculos
593 2007 726 2062 ponit.
770 2005 928 2049 'Potum
972 2020 1144 2049 versum
1185 2007 1379 2063 graviter
1410 2010 1662 2063 corruptum
1691 2017 1863 2058 censam

270 2078 322 2121 ab
355 2077 510 2121 Ovidio
542 2078 631 2133 ipse
662 2076 854 2120 Bacchus
886 2078 1007 2120 mitis
1040 2077 1180 2120 dictus
1205 2080 1293 2128 est,
1322 2077 1434 2133 quod
1460 2078 1748 2121 verissimum.
1781 2077 1865 2121 Pro

271 2153 384 2191 certo
431 2162 532 2191 vero
579 2148 689 2191 mihi
736 2152 901 2191 constat
938 2148 1056 2202 pacti
1090 2149 1180 2202 fide
1221 2147 1260 2190 d.
1295 2162 1353 2190 m.
1387 2162 1420 2190 s.
1464 2152 1715 2204 corruptum
1757 2160 1861 2192 esse.

271 2219 391 2272 Quod
434 2222 610 2261 annotat
652 2218 904 2261 Ehwaldus:
939 2232 1014 2269 „er
1045 2218 1223 2261 befreite
1256 2218 1329 2261 das
1362 2218 1605 2262 verliehene
1636 2216 1863 2262 Geschenk

271 2304 352 2333 von
395 2290 468 2332 der
506 2288 739 2345 Erfiillung
780 2288 852 2331 des
894 2287 1125 2346 Vertrags'’
1167 2302 1320 2344 parum
1353 2288 1536 2344 prodest.
1579 2287 1626 2331 Si
1657 2287 1761 2345 quid
1791 2288 1862 2331 hic

269 2360 485 2417 legeretur
526 2360 638 2415 quod
681 2358 933 2402 Germanice
974 2361 1034 2401 sic
1076 2361 1187 2402 verti
1229 2363 1392 2415 posset:
1453 2374 1526 2410 „er
1568 2359 1745 2403 befreite
1786 2357 1860 2402 des

270 2430 412 2472 Midas
457 2430 668 2472 Wiinsche
713 2444 796 2472 von
842 2429 915 2472 der
960 2429 1029 2472 bei
1070 2428 1253 2486 Vertrag
1294 2433 1556 2486 zugesagten
1597 2427 1858 2486 Erffillung”

268 2500 451 2543 libenter
482 2501 720 2557 probarem.
752 2500 809 2542 Et
841 2499 953 2556 quod
985 2499 1099 2542 idem
1132 2501 1191 2542 sic
1218 2502 1382 2556 pergit:
1419 2499 1558 2551 „Ovid
1583 2500 1657 2543 hat
1682 2499 1864 2543 absicht·

268 2570 354 2613 lich
387 2570 608 2613 denselben
643 2570 869 2612 Ausdruck
901 2572 980 2612 wie
1007 2584 1071 2613 vs.
1103 2570 1202 2621 104,
1235 2571 1334 2613 aber
1363 2572 1407 2612 in
1434 2570 1728 2614 verendertem
1754 2569 1860 2613 Sina

269 2640 504 2696 gewiihlff.
539 2641 736 2696 equidem
764 2640 1013 2683 crediderim
1042 2642 1186 2696 potius
1215 2655 1388 2683 versum
1419 2641 1505 2683 104
1533 2653 1703 2684 causam
1730 2639 1861 2682 fuisse

270 2726 345 2753 cur
386 2711 550 2753 librarii
594 2725 744 2753 manus
786 2715 828 2752 et
873 2725 992 2753 mens
1024 2712 1068 2752 in
1099 2724 1228 2753 versu
1265 2710 1348 2752 135
1383 2710 1602 2753 scribendo
1634 2710 1859 2752 aberraret.

270 2781 380 2833 Quid
414 2783 632 2836 scripserit
665 2780 845 2823 Ovidius
878 2794 1002 2823 nemo
1035 2780 1160 2823 facile
1191 2780 1359 2823 dixerit.

334 2924 418 2966 138
437 2939 496 2979 sq.
531 2924 695 2979 Perque
726 2926 882 2980 iugum
913 2925 1021 2966 vitae
1052 2924 1292 2966 labentibus
1325 2924 1479 2967 obvius
1513 2923 1638 2965 un‘dis

527 2991 661 3048 Carpe
692 2995 821 3035 viam.
