2034 3334
915 379 997 421 131

361 505 432 548 An
461 505 567 547 mihi
598 505 654 548 sit
682 505 790 547 tanti
821 504 965 547 doctas
997 516 1253 560 cognoscere
1283 503 1476 546 Athenas

423 581 567 637 Atque
596 581 727 623 Asiae
757 584 920 624 veteres
951 592 1123 623 cernere
1154 580 1338 635 divitias,

362 657 422 700 Ut
451 658 557 699 mihi
587 657 768 700 deducta
797 657 923 699 faciat
953 657 1138 699 convitia
1168 657 1304 712 puppi

423 732 607 787 Cynthia
637 735 678 776 et
707 733 872 775 insanis
904 745 977 775 ora
1008 735 1126 775 notet
1156 731 1369 787 manibus,

365 808 608 865 Osculaque
637 811 844 871 opposito
861 809 975 858 dicat
1006 808 1087 851 sibi
1119 808 1261 851 debita
1291 810 1424 856 {ento

422 886 478 929 Et
507 886 614 928 nihil
644 885 776 929 infido
807 886 957 929 durius
988 898 1082 929 esse
1111 886 1205 928 viro
1221 886 1241 927 P

245 995 562 1039 Paenultimum
609 1008 736 1051 quem
777 995 900 1038 attuli
939 1007 1112 1038 versum
1155 1008 1283 1050 quam
1323 994 1463 1050 lepide
1494 993 1679 1049 explicet

187 1072 464 1115 Burmannus
495 1072 593 1115 vide
624 1073 671 1114 in
702 1071 893 1115 Santenii
924 1072 1210 1114 annotatione.

245 1146 366 1207 Dura
398 1152 462 1191 est
495 1147 687 1204 Cynthia,
720 1148 794 1191 sed
825 1149 910 1191 nisi
940 1147 1093 1191 fuisset
1122 1160 1210 1190 non
1241 1149 1330 1190 tam
1363 1146 1416 1189 ob
1447 1159 1579 1189 unam
1598 1145 1680 1188 sibi

191 1236 437 1267 concessam
492 1227 660 1267 noctem
712 1224 926 1267 exsultare
971 1225 1179 1280 potuisset
1223 1227 1356 1280 poeta.
1402 1223 1531 1266 Nunc
1577 1223 1684 1265 mihi

191 1299 345 1356 elegias
388 1300 412 1341 6
456 1303 498 1343 et
540 1301 562 1341 7
605 1300 704 1343 libri
734 1300 803 1342 ΙΙΙ
830 1301 943 1356 legat
977 1301 1173 1356 quamvis
1205 1313 1379 1343 severus
1412 1302 1453 1342 et
1484 1312 1682 1341 morosus

191 1389 360 1419 censor:
408 1390 560 1420 manus
601 1377 700 1420 dare
741 1380 917 1434 cogetur
958 1377 1275 1420 efficacissimae
1318 1377 1475 1420 summi
1507 1375 1683 1418 artificis

195 1453 407 1495 scientiae.

249 1527 391 1579 Quum
437 1542 564 1571 avara
606 1542 698 1572 esse
740 1529 872 1572 soleat
914 1529 1107 1585 Cynthia,
1141 1532 1300 1586 quanto
1333 1530 1526 1585 agnoscit
1557 1531 1679 1584 poeta

188 1604 344 1660 gaudio
379 1618 457 1648 sua
488 1604 540 1648 ab
573 1605 646 1647 illa
677 1606 865 1648 carmina
896 1605 1055 1648 divitiis
1086 1606 1285 1662 anteponi
1316 1605 1411 1662 (ΙΙΙ,
1439 1606 1508 1660 22,
1538 1606 1562 1646 5
1581 1607 1682 1660 sq.):

365 1713 475 1756 Nam
509 1727 603 1756 mea
634 1727 732 1757 cum
764 1715 924 1769 recitat,
954 1714 1057 1756 dicit
1090 1726 1135 1757 se
1169 1714 1310 1756 odisse
1341 1712 1512 1757 beatos:

428 1789 625 1833 Carmina
655 1793 740 1832 tam
774 1793 919 1833 sancte
950 1790 1071 1833 nulla
1101 1790 1244 1846 puella
1277 1790 1387 1832 colit.

250 1897 335 1949 Qui
379 1898 565 1954 puellam
607 1911 735 1954 quam
768 1897 850 1940 sibi
880 1897 1171 1940 fidelissimam
1202 1897 1437 1941 crediderat
1469 1911 1568 1940 cum
1601 1898 1683 1940 alio

193 1974 480 2030 deprehendit,
525 1975 620 2016 iure
665 1974 788 2029 dolet,
831 1975 1035 2030 queritur,
1076 1974 1343 2016 lamentatur.
1386 1973 1548 2016 Eodem
1589 1974 1683 2015 iure

190 2053 323 2093 semet
365 2052 508 2107 ipsum
550 2054 720 2093 accusat
759 2050 1007 2106 Propertius
1048 2054 1090 2093 et
1123 2050 1362 2106 Cynthiam,
1394 2064 1523 2106 quam
1555 2051 1680 2092 toties

188 2127 373 2170 levitatis
420 2128 638 2182 accusarit,
683 2126 882 2169 laudibus
929 2126 1068 2169 effert:
1112 2139 1237 2169 mane
1279 2127 1393 2169 enim
1425 2126 1682 2181 suspicionis

190 2203 344 2259 plenus
391 2203 444 2246 ad
485 2216 578 2246 eam
618 2203 696 2246 ubi
725 2204 854 2258 venit,
885 2206 999 2246 caste
1031 2206 1072 2245 et
1102 2203 1257 2258 pudice
1288 2203 1421 2245 solam
1457 2201 1683 2244 cubantem

190 2279 376 2333 invenit3
421 2279 807 2345 dignissimumque
848 2292 894 2321 se
928 2279 1007 2321 hac
1037 2280 1198 2321 amicae
1227 2279 1555 2335 reprehensione
1590 2290 1687 2319 cum
1701 2317 1726 2325 ψ

194 2354 338 2398 dolore
369 2355 559 2411 agnoscit
589 2354 681 2409 (ΠΙ,
714 2353 783 2410 27,
815 2355 868 2396 31
903 2356 1036 2410 sqq.):

375 2454 495 2510 „Quo
527 2457 575 2497 tu
605 2453 869 2497 matutinus’'
903 2455 962 2496 ait
995 2454 1260 2510 „speculator
1292 2453 1482 2496 amicae?

429 2531 498 2574 Me
530 2531 714 2574 similem
743 2531 896 2573 vestris
926 2530 1119 2573 moribus
1150 2543 1244 2572 esse
1275 2530 1435 2585 putas?

371 2606 469 2649 Non
498 2619 574 2662 ego
605 2609 692 2648 tam
722 2605 881 2648 facilis:
916 2609 981 2648 sat
1012 2607 1091 2648 erit
1122 2607 1227 2648 mihi
1259 2607 1462 2661 cognitus
1493 2619 1620 2661 unuS‚

430 2682 514 2725 Vel
543 2685 592 2724 tu
621 2681 687 2724 vel
721 2682 857 2737 siquis
890 2683 1030 2724 verior
1061 2694 1153 2724 esse
1183 2681 1361 2737 potest.'’

196 2790 296 2835 Iure
326 2794 418 2834 tum
451 2804 496 2834 se
529 2790 752 2833 exclusum
783 2789 949 2832 fatetur.

257 2867 388 2924 Saepe
432 2869 579 2924 peccat
624 2865 816 2922 Cynthia,
862 2866 936 2908 sed
976 2878 1174 2922 peccasse
1214 2879 1306 2910 eam
1347 2869 1545 2923 poenitet.
1579 2866 1687 2910 Tum
