2034 3334
949 422 973 457 9

182 547 352 588 Cariam
379 548 566 597 profecto
584 546 788 595 narravit,
809 546 871 585 sic
888 545 1145 584 Phaedriam
1163 544 1393 591 alloquitur
1411 546 1488 589 (vs.
1512 545 1592 583 126
1611 547 1716 592 sqq.)
1733 555 1740 582 :

1004 631 1047 668 te
1081 628 1245 667 interea
1276 628 1357 667 loci

389 706 589 756 Cognovi.
624 707 732 745 Tute
764 706 850 746 scis
880 705 1054 755 postilla
1085 716 1214 753 quam
1247 705 1464 743 intumum

388 783 584 822 Habeam
616 785 659 822 te
692 784 735 821 et
766 793 865 821 mea
897 781 1075 821 consilia
1105 782 1154 820 ut
1185 781 1263 819 tibi
1296 781 1466 819 credam
1499 780 1656 819 omnia.

183 869 264 908 Hic
295 878 393 907 eam
425 867 670 916 interpellat
701 868 935 906 Parmeno:

552 960 614 999 Ne
646 960 726 999 hoc
757 959 929 1008 quidem
962 959 1123 998 tacebit
1154 959 1378 997 Parmeno.

185 1053 344 1102 Quibus
374 1052 517 1092 verbis
550 1051 708 1091 auditis
740 1052 892 1090 Thais:

855 1145 919 1184 Oh
951 1143 1185 1183 dubiumne
1217 1143 1258 1181 id
1291 1144 1389 1181 est?

553 1220 646 1260 Hoc
677 1220 791 1269 agite
824 1220 1050 1259 amabo...

185 1314 295 1352 Tum
322 1323 495 1352 narrare
528 1312 678 1361 pergit.
713 1312 782 1351 Sic
813 1312 929 1350 enim
962 1311 1006 1350 in
1037 1310 1345 1350 recentioribus
1371 1309 1528 1358 legitur
1555 1311 1745 1349 editioni-

184 1390 269 1428 bus
305 1388 892 1428 aut-emnssbus-fflss-eefte
934 1387 1173 1436 permultis.
1209 1386 1345 1436 Quam
1376 1397 1588 1436 perverse,
1625 1387 1747 1426 docet

187 1466 428 1505 Scholiasta
470 1464 626 1513 duplici
669 1465 721 1502 ad
763 1474 826 1502 vs.
866 1464 947 1502 130
982 1463 1280 1502 annotatione:
1319 1462 1455 1512 „Hoc
1487 1463 1639 1511 agite
1672 1474 1746 1511 pro

186 1541 385 1581 adverbio
428 1540 696 1589 corripientis
739 1541 805 1578 est
845 1539 1035 1588 positum
1078 1540 1153 1578 aut
1194 1539 1308 1578 certe
1343 1549 1418 1587 pro
1450 1538 1747 1577 adhortatione

187 1617 428 1656 audientiae
459 1617 767 1666 praebendae.’'
799 1615 912 1662 (Pro
946 1614 1212 1654 adverbio
1246 1615 1393 1653 autem
1425 1615 1468 1653 et
1500 1614 1746 1653 adverbi-

187 1693 359 1733 aliter
385 1693 456 1732 ille
483 1693 597 1743 dicit,
625 1694 698 1732 ubi
725 1694 775 1732 de
804 1694 920 1732 certa
947 1693 1132 1741 quadam
1159 1692 1359 1740 loquendi
1374 1691 1561 1731 formula
1578 1691 1747 1740 agitur).

186 1769 240 1808 Et
278 1769 435 1808 melius
478 1769 633 1808 etiam:
683 1770 807 1818 „hoc
850 1769 1002 1818 agite
1045 1769 1086 1807 id
1130 1770 1208 1818 est,
1244 1768 1348 1807 illud
1380 1768 1562 1807 desinite
1595 1769 1638 1806 et
1669 1768 1749 1806 hoc

187 1844 437 1883 attendite’'.
471 1845 538 1884 Ita
569 1846 657 1884 est:
692 1845 887 1894 ineptum
919 1844 1035 1883 enim
1068 1846 1135 1884 est
1166 1844 1327 1883 dicere:
1361 1844 1467 1894 „hoc
1494 1844 1635 1892 agite’'
1665 1843 1749 1882 nisi

188 1919 240 1958 iis
272 1919 343 1967 qui
375 1930 473 1958 cum
504 1921 697 1959 maxime
725 1921 872 1959 alias
899 1931 987 1959 res
1015 1922 1159 1969 agunt,
1190 1921 1233 1958 et
1259 1920 1331 1968 qui
1357 1919 1443 1958 illis
1469 1919 1613 1958 verbis
1643 1919 1749 1968 „hoc

189 1994 330 2042 agite''
359 1994 523 2042 aliquos
546 1995 786 2045 alloquitur,
808 1997 859 2035 ab
882 1996 935 2035 iis
952 1997 1056 2036 facit
1073 1996 1315 2044 alloquendi
1333 1995 1528 2042 initium;
1547 1994 1747 2044 praemit-

189 2071 279 2108 tere
305 2069 411 2108 nihil
438 2071 591 2118 potest.
620 2071 878 2110 Rectissime
906 2083 1005 2120 ergo
1033 2071 1136 2111 olim
1154 2072 1216 2111 ita
1233 2072 1436 2110 edebatur
1452 2071 1584 2119 locus,
1605 2080 1747 2118 quem-

190 2146 419 2185 admodum
463 2147 506 2184 et
546 2156 571 2184 a
611 2146 850 2185 Scholiasta
880 2147 1018 2185 lectus
1049 2147 1142 2196 fuit,
1176 2148 1225 2185 ut
1257 2146 1534 2185 Phaedria
1566 2146 1747 2184 diceret:

193 2231 272 2271 „ne
313 2222 391 2260 hoc
429 2221 600 2269 quidem
633 2221 792 2260 tacebit
822 2222 1075 2271 Parmeno’',
1109 2223 1204 2260 tum
1237 2223 1528 2260 Parmeno:
1566 2221 1646 2270 „oh
1678 2221 1748 2259 du-

189 2298 364 2337 biumne
420 2298 461 2336 id
518 2298 642 2336 est?”
701 2297 796 2335 Iure
843 2308 956 2336 nunc
1002 2298 1152 2336 ambos
1199 2298 1261 2335 sic
1309 2297 1549 2345 corripit
1595 2297 1748 2335 Thais:

194 2374 299 2422 „hoc
345 2373 459 2421 agite
492 2373 696 2411 amabo’':
736 2383 835 2411 cum
867 2372 982 2411 enim
1015 2373 1068 2411 iis
1100 2373 1229 2411 fuerit
1261 2373 1605 2421 auscultandum,
1639 2372 1751 2411 inter

191 2459 237 2488 se
279 2449 460 2496 colloqui
502 2450 545 2487 et
577 2448 722 2487 alias
763 2458 851 2486 res
883 2459 1046 2496 agere
1079 2449 1320 2497 coeperunt.
1355 2448 1495 2496 Atque
1528 2447 1750 2486 sciendum

190 2525 259 2566 hic
301 2525 366 2563 est
408 2534 489 2572 quo
530 2524 656 2562 modo
698 2533 834 2572 pauca
875 2523 948 2562 illa
990 2524 1121 2562 verba
1163 2524 1214 2562 ab
1256 2525 1436 2571 utroque
1468 2523 1627 2561 suerint
1659 2534 1748 2571 pro-

190 2600 400 2638 nuntiata.
435 2599 542 2638 Cum
575 2599 739 2647 gemitu
771 2609 869 2647 ergo
902 2599 945 2637 et
977 2599 1099 2647 quasi
1130 2599 1362 2638 lacrimans
1389 2599 1598 2637 Phaedria
1625 2599 1748 2637 dicit:

195 2685 290 2724 „ne
315 2675 394 2714 hoc
436 2675 608 2723 quidem
650 2674 810 2713 tacebit
850 2675 1102 2724 Parmeno”‚
1148 2676 1242 2713 tum
1284 2675 1517 2714 Parmeno:
1565 2675 1642 2723 „ob
1679 2675 1749 2712 du-

190 2750 365 2789 biumne
397 2750 438 2788 id
471 2751 537 2788 est
548 2751 596 2788 ‘?’'
626 2749 740 2799 Quae
767 2749 1056 2789 dissimulatio
1084 2751 1294 2798 quantum
1320 2750 1477 2788 habeat
1503 2749 1750 2789 acerbitatis

191 2825 273 2864 dici
303 2826 380 2864 vix
410 2826 564 2874 potest.

251 2901 591 2940 Prudentissime
619 2900 953 2948 acutissimeque
981 2901 1181 2939 observat
1209 2900 1448 2940 Scholiasta
1473 2901 1565 2940 tam
1583 2901 1750 2939 certum

195 2986 289 3015 esse
349 2977 514 3024 sibique
561 2971 779 3015 constare'
802 2975 1095 3015 meretricium
1141 2986 1399 3027 sermonem,
1447 2977 1496 3014 ut
1541 2976 1752 3023 quaedam
