2034 3334
1036 374 1118 414 142

357 503 422 541 15.
471 501 689 541 Laudatur
734 502 862 551 poeta
903 502 1013 551 quod
1050 502 1289 553 Pamphilo,
1323 502 1427 543 dum
1458 503 1596 553 patris
1625 501 1863 553 decipiendi

293 587 425 618 causa
455 577 683 617 simularet
713 587 760 617 se
792 587 974 618 uxorem
1007 578 1161 618 ducere
1193 580 1251 626 (et
1282 579 1471 619 amicam
1496 569 1681 619 missam
1707 577 1862 626 facere)

292 654 415 705 velle,
450 656 599 694 tamen
630 653 803 694 tristem
836 654 999 694 dederit
1033 654 1215 695 vultum.
1247 655 1384 705 „Nam
1410 656 1455 695 et
1480 655 1663 695 honesto
1688 653 1863 695 iuveni”
2026 699 2027 702 ,

294 730 536 770 Scholiasta
562 730 625 770 ait
653 740 765 780 „non
791 730 1053 780 congruebat
1078 731 1319 781 versipellis
1344 731 1505 781 vultus,
1534 732 1579 771 et
1604 731 1649 771 in
1669 731 1865 772 amatore
2022 715 2034 775 J

294 806 529 846 absurdum
570 805 712 846 fuerat
753 806 989 856 ingenuum
1026 806 1165 847 celare
1196 807 1467 847 tristitiam.”
1500 806 1610 847 Male
1640 806 1760 858 haec,
1791 815 1865 847 me
2025 797 2034 846 ’ἑ

294 883 444 933 iudice,
489 883 703 932 emendat,
738 882 810 932 qui
842 882 969 932 legit:
1008 884 1078 933 „et
1109 883 1154 923 in
1185 885 1380 924 amatore
1412 884 1597 933 ingenuo
1629 882 1866 924 absurdum
2030 879 2034 884 ’

293 959 435 999 fuerat
481 959 620 999 celare
661 958 931 999 tristitiam.”
974 958 1091 999 Duas
1133 960 1251 999 enim
1291 960 1343 1000 ob
1385 970 1540 1000 causas
1571 958 1866 1010 Antiphonem

294 1046 380 1075 non
426 1035 604 1075 decebat
649 1036 776 1085 plena
822 1037 951 1085 atque
995 1036 1185 1086 perfecta
1229 1037 1474 1076 simulatio:
1522 1036 1712 1086 primum
1754 1033 1867 1085 quod

295 1111 572 1150 honestus
604 1114 652 1157 (s.
686 1112 981 1160 ingenuus)
1019 1114 1086 1152 est
1117 1112 1380 1163 adolescens,
1414 1112 1567 1152 deinde
1597 1112 1700 1162 quia
1730 1120 1865 1151 ama-

295 1188 394 1226 tor.
438 1187 533 1226 Iam
575 1187 739 1227 dictum
782 1189 872 1228 est:
909 1188 1117 1238 „honesto
1150 1189 1295 1228 iuveni
1326 1198 1412 1228 non
1444 1187 1706 1238 congruebat
1734 1185 1866 1227 versi·

294 1263 420 1312 pellis
466 1263 667 1312 vultus'’;
715 1264 990 1304 substantivo
1033 1266 1181 1304 autem
1213 1266 1466 1305 amatore
1497 1275 1584 1305 non
1615 1264 1684 1304 est
1713 1263 1866 1304 adden·

295 1340 400 1380 dum
447 1341 710 1380 adiectivum
757 1341 882 1390 quale
924 1342 992 1381 est
1033 1342 1277 1391 ingenuo
1319 1342 1389 1382 vel
1430 1342 1685 1382 honesto.
1727 1339 1866 1391 Lego:

300 1418 370 1466 „et
410 1416 455 1455 in
487 1418 682 1456 amatore
714 1417 949 1457 absurdum
981 1418 1122 1458 fuerat
1159 1418 1393 1468 ingenium,
1428 1417 1566 1458 celare
1597 1415 1867 1458 tristitiam.”

297 1491 357 1531 Cf.
406 1493 517 1541 quod
563 1503 669 1532 mox
715 1494 930 1542 sequitur:
982 1494 1231 1544 „ingenium
1278 1495 1322 1534 et
1362 1495 1524 1534 amoris
1554 1493 1794 1534 necessitas
1824 1493 1868 1533 in

296 1569 524 1609 tristitiam
566 1570 855 1609 retrahebat.”
897 1570 1071 1610 Dictum
1114 1572 1262 1610 autem
1304 1570 1442 1610 istud:
1489 1572 1558 1620 „et
1598 1570 1643 1610 in
1673 1571 1869 1611 amatore

298 1646 533 1685 absurdum
580 1646 722 1685 fuerat
768 1647 989 1696 ingenium
1037 1647 1175 1687 celare
1221 1647 1477 1687 tristitiam’'
1525 1647 1608 1687 erit
1652 1646 1734 1703 boc
1778 1645 1869 1686 fere

297 1732 451 1761 sensu:
488 1722 750 1771 „absurdum
782 1724 850 1762 est
882 1725 925 1762 et
951 1724 1132 1763 naturae
1159 1723 1423 1763 contrarium
1451 1723 1693 1763 amatorem
1708 1721 1870 1772 fingere

298 1799 371 1847 qui
401 1798 526 1837 facile
557 1799 784 1838 tristitiam
817 1799 955 1839 celare
987 1801 1167 1849 possit.'’
1201 1801 1336 1840 Amor
1367 1799 1484 1839 enim
1513 1799 1692 1838 iuvenes
1717 1798 1772 1838 ad
1796 1797 1868 1838 tri·

250 1931 253 1934 ·
297 1875 466 1914 stitiam
513 1875 651 1914 reddit
696 1886 944 1925 propensos.
988 1877 1042 1916 Et
1083 1876 1202 1916 nulla
1233 1878 1300 1916 est
1331 1875 1477 1916 fabula
1507 1875 1767 1916 Terentiana
1796 1873 1870 1915 ubi

298 1961 383 1990 non
414 1950 648 1990 lacrimans
680 1952 908 1991 inducatur
940 1954 1122 1992 amator.
1147 1948 1172 1999 ¹)

361 2027 427 2066 17.
462 2026 603 2065 Senex
636 2027 768 2066 dixit:
806 2027 1031 2077 „Nondum
1063 2029 1171 2067 mihi
1203 2028 1275 2067 ille
1307 2027 1521 2077 Pamphili
1548 2036 1755 2067 assensus
1780 2036 1868 2067 om-

298 2103 399 2143 nino
446 2113 621 2142 omnem
669 2105 830 2144 ademit
878 2104 1236 2144 sollicitudinem:
1281 2115 1380 2143 cum
1422 2105 1539 2144 enim
1580 2114 1629 2143 se
1668 2104 1870 2154 paratum

299 2179 544 2219 declarabat
590 2180 643 2219 ad
690 2181 930 2220 ducendam
977 2191 1073 2220 eam
1123 2191 1253 2230 quam
1292 2191 1370 2230 ego
1402 2180 1614 2230 iubebam,
1647 2179 1870 2220 subtristis

299 2256 407 2295 mihi
438 2256 559 2295 visus
597 2258 706 2296 est.”
740 2257 986 2307 Respondet
1016 2257 1185 2297 Davus:
1224 2256 1454 2306 „tristitiae
1487 2257 1580 2295 erat
1611 2265 1743 2296 causa
1766 2254 1869 2295 levi-

299 2333 472 2371 uscula:
506 2332 549 2371 in
577 2333 834 2382 apparandis
861 2333 1023 2383 nuptiis
1050 2343 1228 2383 parcum
1254 2334 1298 2372 te
1324 2332 1540 2372 videbat.''
1567 2331 1629 2371 De
1654 2332 1736 2371 hoc
1760 2330 1871 2371 Davi

300 2410 444 2447 astuto
486 2410 711 2449 mendacio
750 2410 991 2449 Scholiasta
1022 2410 1244 2449 observat:
1282 2409 1420 2458 „quod
1451 2408 1523 2447 ille
1555 2418 1581 2448 a
1611 2417 1785 2448 summo
1816 2406 1871 2447 ad

300 2484 437 2523 imum
487 2486 686 2534 opposuit
732 2486 802 2525 hic
844 2495 1000 2525 causae
1042 2485 1355 2524 derivationem
1398 2484 1638 2533 opposuit.”
1681 2483 1803 2524 Istud
1844 2493 1871 2523 a

300 2570 512 2599 summo
555 2562 617 2599 ad
661 2561 828 2600 imum
870 2562 1057 2601 formula
1088 2562 1156 2600 est
1187 2571 1210 2600 e
1242 2560 1390 2600 schola
1427 2559 1652 2610 rhetorica,
1685 2559 1795 2599 satis
1824 2558 1871 2598 in

300 2636 476 2675 scholiis
532 2637 746 2685 frequens
805 2638 960 2677 Totam
1012 2637 1336 2677 annotationem
1383 2637 1446 2676 sic
1491 2636 1675 2685 accipio:
1708 2634 1870 2686 ·‚‚Quod

301 2724 435 2752 senex
493 2717 798 2763 argumentum
856 2715 1014 2765 attulit,
1064 2725 1146 2764 quo
1194 2725 1286 2753 rem
1333 2715 1472 2754 totam
1520 2712 1771 2763 infirmaret,
1819 2721 1870 2751 eo

302 2791 499 2828 contra
536 2790 695 2829 illum
729 2791 875 2830 Davus
907 2791 1045 2830 utitur
1074 2792 1124 2830 ut
1155 2801 1248 2829 rem
1280 2790 1363 2829 alio
1395 2789 1581 2828 vertat.’‘
1613 2789 1723 2838 Ergo
1753 2788 1870 2827 recte

340 2958 360 2992 ¹)
382 2957 424 2985 In
432 2965 453 2993 g
461 2964 478 2985 e
486 2965 506 2985 n
515 2958 524 2986 i
534 2966 553 2986 u
563 2966 595 2986 m
617 2959 747 2994 Belgice
767 2960 980 2988 vertendum:
1002 2959 1283 2996 „karaktertrek.”
