2034 3334
1043 411 1127 454 156

331 536 418 579 tius
461 539 536 579 aut
566 549 731 593 parum.
763 536 973 594 Alioquin
1005 538 1121 580 enim
1153 550 1342 595 servum,
1376 551 1505 595 quem
1538 551 1708 596 operam
1741 537 1843 583 dare

332 612 453 655 iubet
494 615 543 655 ut
583 614 844 668 convivium,
882 614 998 670 quod
1029 617 1202 671 propter
1231 614 1398 658 felicem
1432 613 1625 659 Caesaris
1655 614 1842 659 reditum

333 689 625 733 celebraturus
657 693 733 746 est,
766 704 899 747 quam
930 691 1324 748 splendidissimum
1355 692 1411 735 sit
1436 692 1844 750 hilarissimumque‚

333 765 495 822 alloqui
526 767 589 810 sic
621 780 706 809 non
738 768 950 823 potuisset
981 767 1273 827 (lLL—IAAKQ
1307 770 1439 826 sqq.):

662 875 743 920 Dic
774 881 816 920 et
845 881 1022 935 argutae
1052 882 1251 935 properet
1281 877 1471 922 Neaerae

665 953 887 998 Murreum
920 955 1032 998 nodo
1064 955 1290 999 cohibente
1319 956 1505 1010 crinem3

665 1030 711 1074 Si
741 1044 818 1088 per
847 1032 1039 1075 invisum
1071 1045 1189 1075 mora
1220 1033 1447 1075 ianitorem

726 1107 831 1164 Fiet,
863 1108 991 1152 abito.

397 1223 494 1267 Hoc
539 1227 615 1280 est,
657 1225 703 1267 ni
743 1225 889 1268 fallor:
928 1225 1054 1281 „Huc
1085 1229 1127 1269 et
1157 1225 1366 1269 Neaeram
1399 1226 1708 1283 lepidissimam
1739 1238 1847 1270 voca

338 1300 542 1356 puellam,
582 1300 656 1343 sed
690 1302 726 1343 si
759 1302 906 1345 venire
938 1306 1013 1345 aut
1046 1315 1131 1345 non
1165 1303 1259 1345 vult
1289 1306 1365 1346 aut
1396 1316 1483 1346 non
1516 1302 1657 1358 audet,
1687 1302 1850 1346 instare

339 1377 440 1419 noli.
473 1377 584 1420 Nam
617 1378 814 1434 equidem
849 1382 997 1421 utrum
1023 1379 1097 1422 illa
1123 1379 1235 1422 adsit
1261 1393 1315 1422 an
1343 1393 1430 1423 non
1458 1379 1584 1436 plane
1601 1392 1687 1422 non
1704 1377 1848 1422 curo.'’

342 1453 455 1505 Quid
486 1467 587 1511 ergo
620 1456 878 1499 mentionem
911 1457 1005 1499 eius
1036 1457 1191 1512 iniicis,
1222 1457 1379 1513 poeta?
1410 1456 1565 1500 Tacere
1591 1456 1645 1500 de
1670 1469 1722 1500 ea
1737 1468 1850 1513 quae

341 1535 427 1575 tam
470 1545 623 1588 parum
667 1531 744 1575 tibi
780 1533 900 1575 cordi
940 1534 996 1576 sit
1027 1534 1164 1576 satius
1194 1533 1288 1576 fuit.
1322 1532 1437 1585 Quid
1466 1534 1582 1577 enim
1614 1546 1710 1589 nos,
1739 1545 1850 1590 quos

341 1608 394 1651 ad
442 1608 591 1665 epulas
631 1612 729 1652 tuas
770 1610 941 1665 invitas,
981 1610 1214 1666 pristinum
1247 1614 1373 1653 tuum
1405 1610 1600 1653 ardorem
1632 1622 1851 1666 curamus,

342 1685 380 1728 si
426 1697 544 1727 nunc
589 1687 676 1727 tam
723 1685 869 1728 lentus
916 1686 994 1728 es‘?
1041 1686 1100 1728 At
1141 1686 1315 1729 deerant
1356 1686 1536 1729 carmini
1579 1686 1690 1730 duae
1720 1686 1849 1730 etiam

344 1761 555 1818 strophae,
596 1762 695 1805 illae
725 1775 825 1818 ergo
857 1762 1002 1806 verbis
1033 1776 1056 1806 e
1087 1775 1132 1806 re
1163 1763 1367 1806 amatoria
1399 1764 1582 1819 sumptis
1613 1766 1851 1820 utcumque

344 1841 465 1881 erant
496 1838 867 1881 consarcinandae.
898 1839 1045 1895 Atque
1075 1839 1148 1881 illa
1176 1853 1310 1895 quum
1339 1839 1551 1882 scribebat
1575 1839 1852 1902 Qi-

344 1929 463 1977 {num
496 1916 644 1958 aetatis
677 1929 838 1958 annum
875 1915 1026 1972 agebat
1063 1915 1283 1959 Horatius.

404 1992 463 2034 At
508 1995 643 2047 antea,
689 1992 863 2047 dixeris,
895 1992 1074 2035 amabat.
1108 1992 1256 2047 Credo,
1285 1993 1360 2035 sed
1392 2006 1479 2035 non
1511 1994 1572 2036 ita
1602 1996 1652 2036 ut
1683 1995 1852 2050 poetam

347 2069 555 2111 eroticum
605 2069 734 2112 decet.
782 2068 953 2127 Enilem
1003 2070 1116 2112 enim
1163 2070 1202 2113 ei
1250 2083 1369 2112 amor
1411 2069 1612 2131 can-tandi
1653 2067 1854 2126 praebuit

347 2146 579 2196 mat—eriem.
621 2133 847 2201 Propertii&
869 2149 910 2189 et
941 2145 1150 2200 Cynthiae
1182 2158 1349 2189 amores
1383 2129 1512 2202 quam
1545 2145 1663 2202 pleni
1692 2144 1854 2188 fuerint

348 2206 697 2265 vicissitudinum
743 2223 943 2277 vidimus,
985 2235 1166 2279 eamque
1208 2222 1261 2265 ob
1294 2236 1468 2265 causam
1501 2222 1620 2279 digni
1650 2225 1771 2265 erant
1801 2221 1854 2265 de

350 2298 508 2354 quibus
550 2302 673 2354 poeta
705 2302 884 2342 caneret.
919 2299 978 2342 At
1008 2299 1214 2363 Horatius
1245 2300 1291 2341 in
1325 2311 1469 2342 amore
1501 2311 1670 2359 semper
1700 2297 1854 2341 infelix

348 2375 482 2418 fuisse
525 2375 705 2418 videtur.
737 2375 999 2432 Plerumque
1031 2376 1144 2419 enim
1179 2376 1230 2418 de
1264 2377 1356 2419 suis
1389 2374 1562 2432 ignibus
1593 2387 1679 2417 non
1712 2376 1856 2418 cantat

351 2452 426 2495 sed
457 2453 726 2494 lamentatur.

410 2529 443 2583 I,
476 2530 545 2570 23.
576 2528 704 2571 Chloe
734 2532 902 2584 poetam
932 2528 1045 2585 fugit
1076 2529 1270 2584 vitatque
1301 2528 1507 2570 hinnuleo
1539 2527 1704 2570 similis.

411 2605 488 2660 III,
532 2606 596 2647 10.
645 2605 873 2648 Porrectus
918 2606 1027 2648 iacet
1067 2609 1166 2648 ante
1207 2604 1344 2659 Lyces
1386 2606 1560 2646 ianuam
1602 2606 1750 2660 poeta3
1782 2603 1856 2646 illa

352 2685 493 2723 tamen
539 2695 686 2737 preces
733 2683 826 2724 eius
873 2686 1136 2738 aspernatur,
1183 2683 1383 2738 quamvis
1428 2682 1623 2736 mugiant
1663 2681 1781 2724 venti
1813 2682 1856 2723 et

352 2760 460 2810 (rara
490 2759 535 2799 in
566 2758 689 2800 Italia
721 2760 803 2811 res)
835 2759 971 2815 glacie
1004 2759 1147 2807 omnia
1181 2760 1268 2801 sint
1301 2758 1512 2801 adstricta.
1538 2758 1598 2799 At
1626 2757 1721 2799 aliis
1736 2756 1854 2799 illam

353 2847 445 2876 esse
492 2838 577 2875 tam
626 2835 776 2876 duram
824 2839 999 2890 tamque
1041 2835 1257 2877 crudelem
1301 2836 1407 2877 viris
1440 2836 1516 2876 vix
1548 2837 1613 2876 est
1643 2832 1855 2876 credibile.

354 2909 499 2965 Nupta
539 2911 652 2952 enim
692 2915 754 2953 est
787 2912 937 2953 marito
970 2924 1055 2953 non
1086 2924 1233 2954 severo
1267 2924 1322 2954 ex
1354 2911 1530 2966 antiqua
1561 2909 1852 2952 Romanorum
