2034 3334
141 454 598 538 fh‚ffl.
621 457 804 487 Μ
829 460 974 487 m
1073 405 1619 485 lmffl
1640 468 1700 486 ..-
1725 451 2017 504 ena-7³4·-

355 531 396 575 1.
442 531 758 573 Annotationes
803 531 1006 571 rhetorici
1051 531 1234 585 generis,
1282 531 1437 580 quibus
1483 531 1769 573 admonemur
1813 533 1868 575 ad

295 610 511 658 quodnam
554 609 661 649 artis
697 609 910 649 oratoriae
942 610 1071 658 caput
1101 618 1255 648 versus
1287 608 1443 659 aliquis
1474 609 1543 648 vel
1574 608 1747 659 aliquod
1775 619 1879 659 vei-2

294 685 446 724 borum
479 687 700 725 certamen
731 685 790 725 sit
821 685 1107 725 referendum.
1141 684 1301 725 Audire
1333 685 1526 735 cogimur
1557 694 1773 734 quaenam
1798 684 1870 726 hic

294 761 551 814 qualitas
584 762 691 808 (sive
724 762 930 807 status)
969 762 1274 810 cognoscatur:
1307 761 1423 800 sitne
1449 759 1867 817 comparapgg,

294 847 349 877 an
395 838 736 892 negotialis,
780 847 835 877 an
877 837 1182 892 Ieffisstivar'
1226 835 1312 876 illic
1355 836 1565 886 disputari
1596 846 1623 876 a
1652 846 1867 877 summo

293 914 355 953 ad
388 913 579 964 imum,
612 912 766 972 πλοκῄν
797 913 881 953 dici
912 913 992 952 hoc
1024 912 1350 953 demonstrandi
1381 922 1530 963 genus,
1563 912 1732 962 aliaque
1757 911 1867 953 eius-

292 990 523 1041 demmodi,
572 990 728 1039 quibus
775 990 828 1029 ad
874 989 1127 1029 Terentium
1168 988 1327 1028 melius
1368 988 1697 1039 intelligendum
1737 997 1867 1029 nemo

291 1066 525 1115 quidquam
558 1066 799 1106 adiuvatur.
833 1065 994 1106 Taedet
1026 1065 1228 1114 exempla
1259 1064 1426 1104 afferre.
1460 1064 1576 1104 Satis
1608 1064 1695 1105 illis
1725 1064 1865 1106 obser-

292 1142 539 1182 vationibus
570 1144 775 1182 enecatur
806 1142 879 1191 qui
911 1140 1276 1181 commentarium
1307 1141 1425 1191 legit.

349 1218 418 1262 11.
466 1219 612 1272 Nugas
659 1219 710 1258 de
757 1218 1046 1272 fflammatica
1091 1217 1230 1257 multo
1273 1217 1406 1258 etiam
1453 1217 1687 1268 ineptiores
1732 1229 1864 1268 quam

290 1295 388 1335 illae
430 1296 534 1335 sunt
575 1295 626 1334 de
668 1295 881 1335 rhetorica
923 1294 1239 1334 annotationes.
1283 1293 1443 1333 Earum
1485 1295 1634 1334 autem
1665 1294 1863 1335 maxima

290 1381 390 1420 pars
432 1372 484 1410 ad
527 1371 735 1420 syntaxin
777 1371 985 1420 pertinet:
1020 1371 1256 1410 identidem
1287 1370 1411 1410 nobis
1443 1370 1650 1423 obgannit
1678 1369 1864 1411 stridula

291 1448 526 1502 magistelli
554 1459 662 1487 vox:
692 1449 798 1487 haec
825 1450 892 1487 est
918 1448 1133 1500 syllepsis,
1162 1447 1242 1487 hoc
1259 1460 1315 1485 πα
1342 1444 1470 1497 έλκον,
1485 1446 1567 1486 hoc
1581 1443 1864 1487 ἀνακόλουθον

289 1525 492 1574 primum,
535 1524 786 1574 secundum,
830 1524 1021 1574 tertium,
1066 1525 1282 1572 quartum.
1325 1522 1390 1575 Ra
1429 1532 1526 1576 gres
1556 1524 1660 1563 sunt
1689 1522 1861 1575 εἰσ-φι-

290 1600 479 1659 mologia
505 1601 841 1650 observationes,
861 1600 1034 1639 illarum
1054 1610 1154 1639 vero
1171 1599 1383 1648 quaedam
1401 1598 1591 1638 hominis
1607 1597 1863 1639 insanabilis

290 1687 386 1716 esse
431 1677 644 1716 videntur.
695 1677 829 1726 Saepe
876 1676 946 1715 hic
986 1676 1122 1715 Varro
1163 1675 1413 1715 nominatur
1444 1685 1583 1724 neque
1615 1673 1862 1714 incredibile

289 1754 356 1792 est
387 1753 525 1792 multo
557 1753 767 1792 maiorem
799 1754 968 1802 partem
1000 1762 1056 1791 ex
1087 1751 1160 1791 illo
1192 1761 1288 1790 esse
1316 1751 1581 1800 excerptam.
1609 1749 1738 1790 Brevi
1765 1760 1860 1790 con-

288 1830 438 1878 spectu
485 1828 592 1868 dabo
640 1839 814 1867 omnes:
863 1828 1060 1877 cognitae
1107 1827 1222 1866 enim
1271 1836 1367 1866 esse
1409 1826 1566 1866 debent
1607 1825 1660 1877 ei,
1703 1825 1776 1876 qui
1807 1826 1860 1866 de

78 1959 84 1964 ·
288 1904 552 1954 quaestione,
586 1915 717 1952 quam
750 1914 864 1943 nunc
894 1905 1148 1953 tractamus,
1182 1903 1371 1942 iudicare
1402 1902 1531 1941 velit:

50 1960 299 2093 Msud’st.
347 1980 478 2019 Andr.
512 1979 622 2018 Prol.
660 1981 711 2019 15
791 1980 1126 2029 vituperant
1158 1980 1247 2018 est:
1286 1978 1469 2027 „vitium
1502 1978 1563 2017 rei
1594 1978 1792 2027 parant.”

515 2056 545 2104 Ι,
585 2057 620 2105 1,
655 2057 680 2094 4
789 2066 901 2095 ars:
936 2066 961 2095 a
993 2055 1154 2095 Graeco
1186 2052 1316 2107 ἀρετή.

520 2132 550 2180 Ι,
589 2133 624 2181 1,
659 2132 714 2171 58
793 2132 1099 2171 contradicitur
1145 2131 1199 2170 iis
1245 2131 1316 2179 qui
1363 2130 1530 2170 sodes
1572 2139 1668 2169 esse
1710 2128 1859 2169 dicunt

850 2213 950 2255 σῶος
984 2208 1063 2263 ζῇς.

520 2284 550 2332 Ι,
586 2284 624 2333 4,
661 2284 685 2322 2
792 2286 1010 2323 temetum:
1035 2283 1136 2332 quia
1160 2284 1261 2322 tenet
1293 2283 1477 2321 mentem.
1506 2281 1625 2327 (Eun.
1650 2280 1721 2331 IV,
1739 2281 1779 2331 3,
1802 2281 1855 2320 13

850 2360 950 2408 quia
982 2360 1123 2398 tentat
1154 2359 1180 2398 i.
1214 2369 1250 2397 e.
1284 2357 1517 2397 labefactat
1547 2357 1770 2403 mentem).

518 2436 548 2485 Ι,
585 2438 622 2485 ὃ,
658 2437 713 2475 64
777 2433 1854 2484 obstetrix:quaeopemtuleritoetiamm,1‚15).

516 2512 589 2560 ΙΙΙ,
626 2512 664 2561 2,
699 2513 724 2550 3
788 2512 875 2551 fac
922 2513 1106 2551 istaec
1152 2513 1211 2549 ut
1261 2510 1438 2549 lavet:
1489 2510 1636 2559 istaec,
1679 2518 1789 2558 quae
1829 2518 1855 2548 e

841 2588 1063 2637 puerperio
1095 2586 1337 2626 sordebant.

515 2663 588 2712 ΙΙΙ,
626 2664 663 2712 2,
700 2665 721 2701 7
786 2663 1216 2712 superstitiosi:
1261 2662 1361 2710 quia
1403 2671 1530 2700 senes
1572 2664 1769 2710 (quorum
1809 2660 1852 2700 id

840 2739 1011 2785 vitium)
1044 2738 1196 2778 multis
1228 2737 1486 2787 superstites
1515 2738 1631 2776 sunt.

516 2814 589 2861 III,
624 2816 663 2863 4,
703 2816 753 2853 18
787 2815 1046 2854 irritare:
1090 2825 1116 2853 a
1157 2813 1346 2862 canibus,
1390 2813 1462 2861 qui
1503 2811 1716 2852 restrictis
1751 2811 1849 2852 den'-

847 2891 962 2929 tibus
994 2891 1167 2930 literam
1198 2889 1234 2928 R
1266 2889 1505 2928 imitantur.

524 2965 588 3003 IV.
625 2967 662 3005 3
703 2967 750 3003 11
789 2967 1088 3005 verbenae:
1123 2966 1245 3014 quasi
1277 2965 1502 3004 herberiae.
