2034 3334
1032 391 1058 429 8

259 514 401 562 puella
444 515 528 565 illa,
568 517 655 556 iam
688 518 847 567 adulta,
882 518 1083 557 veneunt.
1118 517 1244 557 Forte
1273 516 1447 556 fortuna
1478 515 1638 556 emitur
1657 512 1744 556 'ma
1764 513 1826 557 *ab
1899 487 1930 511 ἰ
1993 520 2002 555 2

259 589 395 630 altero
427 591 602 632 Thaidis
634 595 840 644 amatore,
874 593 1027 643 milite,
1060 592 1197 633 rivale
1221 591 1300 649 2ffl⁰
1331 591 1579 643 Phaedriae,
1611 590 1666 632 ad
1696 600 1827 643 quem

260 667 353 706 tota
379 667 486 708 haec
510 670 679 718 spectat
704 669 861 710 fabula.
890 670 933 709 Is
960 669 1077 709 enim
1099 659 1361 711 iterfaciens
1376 669 1422 709 in
1437 667 1611 709 Cariam
1624 666 1827 722 Rhodum

259 743 494 792 appulerat.
539 745 757 785 Reversus
799 746 995 786 Athenas
1036 747 1124 786 iam
1161 746 1271 786 dono
1302 745 1482 786 daturus
1513 746 1607 785 erat
1636 742 1826 795 puellam

259 818 423 870 Thaidi,
458 830 557 860 cum
589 822 808 871 cognoscit
835 824 1036 862 exortum
1069 822 1152 862 sibi
1183 822 1404 862 aemulum
1429 820 1710 871 Phaedriam3
1726 820 1827 861 inde

259 896 427 944 quaerit
468 897 638 948 effugia,
681 899 885 946 daturum
927 910 974 939 se
1016 901 1147 949 negat
1188 899 1272 939 nisi
1304 899 1449 939 certus
1478 898 1538 938 sit
1567 897 1620 938 de
1649 895 1827 938 'thaidis

258 970 363 1020 flde;
397 982 507 1022 quae
529 983 730 1022 ⁴sororem
757 986 883 1015 suam
909 976 1160 1025 adoptivam
1186 957 1470 1015 vehementer
1494 983 1644 1015 secum
1668 971 1827 1022 habete

258 1048 435 1108 cupiens
479 1049 562 1090 hoc
607 1050 689 1090 sibi
730 1051 946 1100 agendum
993 1062 1088 1091 esse
1134 1051 1291 1091 statuit
1330 1052 1398 1091 ut
1419 1061 1495 1101 per
1533 1059 1695 1101 paucos
1727 1038 1829 1091 dien
1876 1046 1882 1049 ⁴

257 1123 446 1164 militem
516 1125 653 1176 illum,
721 1128 1043 1177 ineptissimum
1104 1127 1368 1178 mortalium,
1431 1126 1574 1167 solum
1633 1123 1825 1176 recipiat,

258 1198 528 1251 Phaedriam,
562 1202 664 1242 licet
695 1203 767 1243 ille
797 1204 891 1243 sibi
910 1204 970 1244 sit
999 1204 1138 1244 multo
1171 1204 1319 1254 carior,
1353 1203 1567 1244 excludat.

318 1277 441 1317 Hanc
482 1280 787 1331 narrationem,
831 1291 962 1330 quam
1004 1292 1082 1330 ego
1123 1281 1399 1330 grammatici
1439 1280 1578 1320 instar
1612 1278 1658 1319 in
1696 1277 1827 1318 breve

258 1354 455 1393 contraxi
487 1357 790 1407 summarium,
819 1357 1085 1407 lepidissime
1112 1357 1341 1397 exornavit
1365 1357 1513 1406 poeta;
1542 1354 1617 1395 sed
1642 1352 1828 1405 lepidius

260 1428 320 1467 nil
355 1430 533 1479 cogitari
566 1434 710 1480 potest
742 1433 834 1473 ioco
866 1433 938 1473 illo
971 1444 1100 1482 quem
1131 1432 1391 1472 Parmenoni
1421 1430 1584 1471 tribuit.
1618 1429 1662 1471 Is
1693 1429 1824 1481 enim,

260 1503 420 1545 Thaide
453 1509 686 1556 antequam
719 1519 894 1549 narrare
923 1507 1101 1559 incipiat
1132 1509 1389 1549 Phaedriam
1421 1507 1735 1557 interrogante:
1779 1501 1782 1503 Α

1327 1609 1404 1649 Dic
1434 1608 1544 1648 mihi

586 1685 679 1725 Hoc
710 1686 913 1736 primum,
948 1686 1068 1735 potin
1100 1686 1168 1726 est
1199 1686 1268 1726 hic
1299 1686 1474 1725 tacere?

259 1785 334 1823 pro
366 1775 438 1815 illo
470 1778 721 1826 respondet:

1199 1855 1365 1904 egone?
1397 1855 1585 1903 optume.

379 1929 540 1969 Verum
572 1930 681 1970 heus
711 1931 772 1980 tu,
806 1931 887 1970 hac
919 1931 1012 1980 lege
1045 1931 1123 1970 tibi
1155 1941 1298 1970 meam
1332 1930 1553 1979 adstringo
1584 1927 1738 1968 fldem:

377 2005 492 2054 Quae
524 2017 627 2045 vera
658 2006 815 2056 audivi,
849 2008 971 2046 taceo
1003 2009 1046 2046 et
1077 2006 1274 2046 contineo
1307 2008 1504 2055 optume:
1529 2001 1555 2052 ¹)

376 2082 451 2121 Sin
481 2082 641 2122 falsum
675 2084 750 2121 aut
775 2093 939 2122 vanum
966 2085 1042 2122 aut
1066 2082 1293 2122 finctumst
1311 2078 1352 2132 ²),
1383 2081 1584 2122 continuo
1609 2051 1823 2131 palamst:

374 2159 533 2197 Plenus
565 2159 777 2198 rimarum
809 2169 920 2209 sum,
956 2159 1037 2198 hac
1069 2161 1198 2207 atque
1230 2159 1329 2198 illac
1360 2157 1535 2209 perfluo,

255 2259 406 2298 deinde
440 2259 579 2308 ipsam
612 2260 788 2299 Thaidis
820 2260 1113 2300 narrationem
1140 2260 1375 2300 identidem
1402 2259 1669 2300 facetissime
1694 2258 1823 2301 inter-

254 2335 415 2383 rumpit
459 2336 510 2374 ad
546 2335 647 2374 illud
682 2346 937 2385 responsum
971 2337 1179 2376 alludens.
1215 2337 1295 2376 Sed
1328 2347 1378 2376 eo
1410 2336 1515 2386 loco,
1548 2336 1622 2375 ubi
1652 2335 1723 2375 vel
1753 2336 1839 2385 op?

252 2411 360 2449 time
392 2414 697 2450 ornamentum
730 2412 833 2451 illud
867 2423 892 2451 a
924 2414 1050 2461 poeta
1083 2414 1150 2452 est
1181 2412 1435 2461 adhibitum,
1465 2411 1523 2451 ibi
1549 2421 1703 2451 versus
1728 2410 1823 2451 eius

252 2486 550 2534 turpissimam
594 2489 903 2526 contraxerunt
939 2488 1172 2538 maculam,
1217 2499 1301 2527 non
1343 2470 1509 2527 incuria
1549 2486 1822 2529 librariorum

252 2562 692 2607 grammaticorumve
726 2563 1067 2613 importunitate,
1101 2564 1176 2603 sed
1208 2563 1447 2603 recentium
1480 2563 1704 2603 doctorum
1729 2571 1820 2612 per-

251 2647 388 2685 versa,
434 2637 470 2675 si
514 2638 611 2686 quid
655 2638 791 2687 video,
832 2639 1058 2688 sapientia.
1093 2639 1328 2688 Postquam
1360 2638 1491 2678 Thais
1522 2639 1574 2677 de
1605 2637 1745 2678 milite
1774 2637 1822 2677 in

288 2839 307 2872 ¹)
328 2840 381 2866 An
401 2839 553 2874 omnia,
573 2840 610 2867 ut
630 2840 762 2875 ingrata
782 2841 910 2870 vitetur
930 2842 1105 2876 repetitio?

285 2890 307 2923 2)
329 2890 433 2920 Multo
456 2892 642 2926 elegantius
662 2893 846 2927 Bentlejus:

567 2945 622 2972 Sin
645 2945 767 2973 falsum
787 2944 899 2974 audivi
923 2954 962 2975 ac
982 2946 1106 2975 fictum.
