2034 3334
986 393 1068 432 237

301 516 354 565 II,
400 517 438 566 2,
486 517 552 556 17.
596 516 829 557 Charinum
870 519 1001 558 simul
1038 529 1136 560 cum
1168 519 1340 558 domino
1372 530 1449 558 suo
1480 521 1601 558 metu
1633 519 1806 559 solvens

241 591 388 631 Davus
419 592 518 632 huic
549 603 723 632 narrare
755 594 816 633 sic
849 594 1019 643 incipit:

419 668 536 707 Tuus
566 670 688 717 pater
718 680 790 708 me
821 671 947 709 modo
979 671 1225 719 prehendit:
1259 671 1320 710 ait
1351 671 1429 710 tibi
1460 681 1641 710 uxorem
1674 671 1774 710 dare

421 743 523 783 Sese
564 744 700 794 hodie,
745 745 851 784 item
893 745 977 784 alia
1018 746 1168 796 multa,
1212 757 1320 794 quae
1352 757 1465 785 nunc
1496 757 1581 785 non
1614 748 1681 785 est
1712 756 1804 785 nar-

1447 822 1583 869 [randi
1613 822 1745 861 locus.

240 895 306 934 Ad
348 895 533 934 alterum
576 907 751 936 versum
793 898 1056 946 adscriptum
1093 898 1314 937 videmus:
1351 898 1483 948 „bene
1515 897 1683 937 distulit
1713 907 1804 935 nar-

240 970 466 1021 rationem,
510 983 575 1022 ne,
620 973 657 1011 si
699 974 896 1012 audirent
937 973 1147 1013 Charinus
1189 976 1231 1013 et
1262 975 1424 1024 Byrria,
1458 974 1657 1013 desinant
1688 973 1807 1012 dolos

240 1048 407 1086 struere
454 1049 685 1087 adversum
731 1049 1116 1098 vigilantissimum
1163 1051 1354 1089 senem.”
1403 1049 1683 1089 Rectissime:
1727 1049 1806 1087 hoc

241 1123 358 1162 enim
389 1125 557 1172 spectat
586 1126 713 1173 poeta
743 1126 792 1164 ut
824 1125 996 1164 Charini
1028 1127 1070 1164 et
1101 1126 1278 1174 Byrriae
1310 1136 1517 1174 personae
1548 1135 1634 1164 non
1665 1124 1806 1163 solum

240 1198 496 1238 adiiciantur
535 1200 716 1249 fabulae,
751 1201 825 1239 sed
858 1200 991 1239 etiam
1023 1201 1354 1250 admisceantur,
1389 1202 1415 1240 i.
1435 1211 1469 1240 e.
1503 1202 1552 1239 ut
1582 1210 1732 1238 revera
1764 1201 1807 1238 et

240 1273 359 1322 ipsae
390 1285 492 1313 suas
524 1275 606 1314 sibi
635 1277 781 1324 partes
813 1277 955 1324 agant.
990 1276 1082 1315 Hoc
1113 1277 1237 1315 docet
1269 1278 1312 1315 et
1343 1276 1536 1316 scholion
1568 1275 1621 1314 ad

301 1350 354 1400 II,
390 1350 428 1400 2,
463 1351 534 1390 35.

421 1426 550 1475 Quasi
576 1437 753 1466 necesse
779 1428 837 1466 sit
863 1428 901 1466 si
927 1427 1027 1466 huic
1053 1438 1138 1466 non
1165 1428 1238 1466 dat
1258 1429 1302 1466 te
1319 1428 1438 1467 illam
1456 1438 1637 1467 uxorem
1654 1428 1806 1467 ducere

418 1501 511 1540 Nisi
542 1502 675 1552 vides,
710 1503 793 1541 nisi
825 1503 942 1542 senis
973 1503 1136 1542 amicos
1168 1513 1277 1553 oras,
1312 1503 1463 1543 ambis.

299 1577 380 1616 His
407 1578 549 1616 verbis
576 1577 810 1617 Charinum
837 1579 950 1617 iusto
978 1579 1104 1618 citius
1131 1579 1391 1627 gaudentem
1418 1579 1634 1628 vituperat
1660 1579 1806 1618 Davus

242 1652 385 1698 (huic
415 1663 521 1692 non
552 1654 644 1692 dat
676 1654 701 1692 i.
722 1664 756 1693 e.
790 1654 1014 1703 Pamphilo
1046 1665 1131 1693 non
1162 1655 1235 1692 dat
1265 1653 1401 1693 filiam
1433 1654 1665 1701 Chremes).

300 1728 565 1767 Annotatur:
609 1729 704 1779 „hic
735 1729 900 1768 laborat
931 1729 1077 1768 Davus
1109 1730 1472 1777 quemadmodum
1504 1730 1806 1769 Philumenam

242 1802 453 1843 Charinus
484 1804 666 1853 propriis
696 1805 912 1844 laboribus
943 1806 1238 1853 promereatur
1268 1806 1493 1844 uxorem.’'

301 1880 372 1929 IV,
424 1881 460 1929 1,
513 1881 578 1919 18.
631 1881 759 1930 „Mire
807 1882 850 1919 et
890 1880 1119 1920 artificiose
1159 1881 1261 1920 fecit
1302 1881 1578 1930 Pamphilum
1619 1882 1805 1931 priorem

242 1955 398 2004 alloqui
440 1956 493 1994 ad
524 1955 869 2004 perfringendam
901 1956 1166 1995 iracundiam
1194 1956 1388 1995 Charini:
1422 1957 1590 2006 alioqui,
1625 1958 1662 1995 si
1693 1957 1807 2006 prior

241 2031 467 2071 vociferari
517 2031 742 2081 potuisset,
789 2032 954 2080 tragica
995 2032 1309 2071 exclamatione
1350 2042 1457 2071 usus
1499 2033 1656 2071 esset.”
1700 2032 1805 2071 Vide

242 2108 371 2147 huius
402 2107 498 2146 libri
529 2118 568 2156 p.
603 2107 672 2146 89.

303 2259 385 2297 Sed
416 2258 600 2298 fortasse
631 2259 801 2307 ineptus
834 2268 923 2307 ego,
957 2259 1030 2306 qui
1060 2259 1130 2297 hic
1161 2259 1246 2298 illic
1279 2259 1389 2308 apud
1415 2259 1664 2299 Terentium
1689 2259 1806 2298 locos

244 2333 444 2382 colligam
471 2334 523 2372 ad
551 2333 935 2372 demonstrandum
961 2344 1047 2372 non
1073 2334 1201 2372 anxie
1226 2334 1437 2382 pressisse
1464 2344 1563 2372 eum
1581 2335 1805 2373 auctorum

243 2419 422 2448 suorum
447 2409 643 2458 vestigia,
672 2419 758 2447 non
783 2409 828 2447 in
853 2409 984 2447 verba
1010 2409 1318 2457 magistrorum
1345 2409 1604 2448 Graecorum
1626 2410 1803 2459 iurasse,

245 2494 344 2523 cum
373 2485 492 2523 totus
518 2485 645 2533 poeta
670 2484 808 2523 multo
835 2484 991 2522 melius
1018 2484 1132 2523 idem
1159 2485 1308 2523 docere
1334 2485 1483 2533 possit.
1512 2485 1572 2524 Ut
1597 2495 1804 2533 magnum

245 2560 404 2609 aliquid
435 2560 583 2609 paucis
615 2560 755 2599 dicam
782 2559 947 2599 verbis:
975 2559 1052 2598 vix
1077 2560 1191 2598 ullus
1218 2562 1285 2599 est
1311 2560 1499 2599 Terentii
1524 2570 1677 2599 versus
1703 2561 1805 2608 quin

246 2637 394 2684 aptum
421 2635 530 2674 mihi
557 2635 842 2683 idoneumque
868 2635 1070 2683 praebeat
1096 2637 1413 2684 argumentum.
1442 2636 1662 2675 Innumeri
1689 2636 1804 2674 enim

197 2711 200 2714 ’
246 2712 348 2750 sunt
374 2711 485 2759 apud
511 2721 611 2750 eum
632 2711 810 2760 lepores,
830 2711 1056 2749 innumera
1072 2711 1278 2750 orationis
1295 2713 1560 2761 ornamenta,
1580 2711 1806 2750 innumera

246 2787 399 2835 quibus
425 2786 652 2825 hominum
676 2796 820 2824 mores
847 2785 1110 2833 affectusque
1137 2786 1420 2834 depingantur
1446 2785 1648 2834 artificia;
1677 2787 1805 2834 atque

246 2861 354 2900 nihil
395 2861 464 2900 hic
505 2860 618 2899 inest
659 2861 848 2910 scurrile,
892 2861 967 2899 sed
1009 2861 1154 2900 omnia
1193 2862 1294 2899 sunt
1336 2871 1466 2909 quam
1502 2861 1803 2900 urbanissima.

249 2937 365 2987 Quod
412 2936 528 2975 enim
575 2938 641 2974 est
686 2946 814 2975 verae
859 2935 1116 2974 urbanitatis
1162 2936 1480 2986 documentum,
1529 2936 1609 2975 hoc
1654 2946 1805 2975 omnes
