2034 3334
980 215 1038 259 89

219 339 441 383 Praeclara
482 339 732 395 descriptio,
777 338 887 381 nihil
929 338 1068 388 deest,
1112 341 1155 380 et
1196 336 1246 380 de
1288 337 1382 390 lupo
1423 337 1518 392 agi,
1561 337 1598 377 si
1637 348 1721 376 non
1754 347 1805 376 ex

217 412 367 453 ceteris
410 410 633 461 omnibus,
667 423 717 452 ex
750 423 835 452 uno
866 408 941 451 illo
972 408 1141 450 vertitur
1171 408 1215 449 in
1238 408 1412 462 pecudes
1440 406 1580 448 lucide
1612 408 1800 460 apparet.

217 480 321 533 Quis
369 495 472 538 ergo
511 481 554 522 in
594 481 724 523 media
766 481 840 521 hac
881 479 1128 532 sinyularum
1171 494 1301 520 rerum
1343 476 1632 519 enumeratione
1677 475 1806 517 inseri

215 551 323 593 ferat
358 564 550 602 versum,
584 553 658 607 qui
691 555 826 593 totam
860 551 1179 592 conversionem
1213 547 1533 604 complectitur:

395 621 466 663 Fit
498 621 628 677 lupus
660 625 703 663 et
736 622 894 664 veteris
926 624 1066 663 servat
1098 621 1284 676 vestigia
1316 615 1504 661 formae?

215 691 430 748 Vestigia:
489 706 626 734 nonne
685 693 828 734 omnia
874 706 981 747 quae
1027 691 1284 747 praecedunt
1331 703 1520 746 quaeque
1567 692 1804 744 sequuntur

215 762 383 817 vesciqia
414 764 571 806 veteris
603 762 764 805 formae
795 760 922 805 sunt?

277 938 364 981 264
409 938 584 983 Olaudit
615 939 780 995 Iupiter
810 944 962 982 ventos
994 938 1188 996 pluviam
1219 939 1418 995 fugantes

397 1010 657 1066 Emittitque
689 1010 866 1052 Notum.
901 1010 1088 1052 Madidis
1119 1010 1257 1052 Notus
1287 1009 1430 1051 evolat
1460 1007 1551 1051 alis.

218 1079 399 1122 Minime
431 1081 662 1136 spernenda
693 1080 821 1123 lectio
854 1081 1009 1123 codicis
1043 1096 1061 1121 ε
1093 1080 1268 1129 advolat,
1295 1094 1395 1121 nam
1420 1078 1537 1121 istud
1566 1079 1727 1120 emittit

220 1149 359 1193 evolat
401 1150 443 1193 et
482 1152 704 1207 ingratum
747 1156 811 1193 est
854 1151 896 1194 et
937 1150 1216 1207 languidum:
1263 1151 1404 1193 emitti
1445 1154 1487 1191 et
1517 1148 1684 1192 evolare
1717 1148 1805 1190 fere

215 1220 330 1263 idem
372 1225 447 1263 est.
495 1219 651 1265 Contra
683 1222 845 1263 advolat
875 1226 949 1272 (sc.
984 1221 1036 1263 ad
1070 1235 1176 1276 opus
1209 1221 1291 1263 sibi
1321 1220 1573 1263 mandatum
1606 1233 1807 1275 peragen-

217 1290 339 1344 dum)
370 1293 532 1333 mirum
564 1295 773 1348 quantum
805 1292 934 1334 habet
965 1293 1139 1348 vigoris.

278 1456 365 1500 288
382 1471 471 1513 sqq.

398 1528 529 1584 Siqua
560 1528 714 1571 domus
745 1530 904 1571 mansit
935 1529 1160 1585 potuitque
1191 1529 1386 1570 resistere
1418 1531 1536 1570 tanto

395 1598 607 1641 Indeiecta
639 1599 772 1650 malo,
806 1599 978 1641 culmen
1010 1596 1153 1641 tamen
1186 1598 1312 1641 altior
1342 1599 1472 1640 huius

397 1668 520 1712 Unda
554 1671 664 1726 tegit
696 1684 945 1726 pressaeque
976 1669 1111 1712 latent
1143 1670 1221 1711 sub
1254 1671 1430 1726 gurgite
1463 1674 1614 1711 turres.

217 1738 264 1780 Si
296 1743 425 1780 turres
455 1741 533 1782 sub
563 1742 739 1796 gurgite
771 1740 927 1791 latent,
960 1741 1139 1781 minime
1170 1742 1332 1782 mirum
1363 1739 1495 1782 latere
1525 1739 1693 1790 domos3
1723 1753 1805 1781 non

218 1814 396 1864 possunt
427 1810 529 1852 haec
560 1810 746 1866 simplici
776 1812 1071 1853 coniunctione
1104 1825 1177 1866 que
1208 1812 1320 1852 inter
1353 1825 1396 1852 se
1426 1812 1574 1866 iungi:
1610 1824 1716 1866 opus
1744 1814 1807 1851 eet

218 1878 391 1921 vinculo
414 1879 537 1934 quale
563 1884 627 1922 est
653 1880 750 1936 quin
776 1880 906 1922 etiam.
936 1879 1089 1922 Veram
1115 1879 1339 1922 lectionem
1369 1894 1392 1922 a
1417 1880 1574 1922 Seneca
1593 1884 1806 1922 servatam

219 1953 330 1991 recte
361 1949 566 1992 Heinsius
598 1952 798 1992 statuisse
831 1950 1000 1992 videtur
1032 1951 1193 1992 labant:
1228 1955 1388 2000 turres,
1424 1954 1542 1992 tanto
1576 1964 1706 2006 quam
1738 1949 1807 1991 do-

219 2033 317 2061 mus
363 2019 556 2070 altiores,
606 2021 791 2062 emicant
833 2021 1006 2076 quidem
1048 2021 1121 2063 sed
1161 2022 1206 2061 in
1249 2021 1375 2063 breve
1419 2024 1612 2076 tempus:
1644 2034 1805 2076 gurges

219 2103 366 2131 earum
406 2089 652 2132 inferiorem
692 2094 859 2146 partem
901 2092 1061 2145 quatit,
1104 2104 1205 2132 mox
1245 2089 1464 2132 concident
1494 2104 1630 2145 neque
1661 2089 1803 2131 ullum

220 2160 480 2216 praebebunt
510 2160 758 2202 hominibus
784 2160 1123 2216 animalibusque
1149 2161 1409 2217 perfugium.
1441 2160 1535 2203 Non
1563 2174 1668 2215 opus
1695 2173 1806 2202 nunc

220 2243 320 2272 cum
360 2229 564 2271 Ehwaldo
607 2244 655 2272 eo
696 2231 923 2286 confugere
955 2234 1003 2272 ut
1036 2230 1243 2273 vocabulo
1276 2245 1314 2286 q.
1333 2245 1368 2272 e.
1403 2235 1531 2272 turres·
1562 2231 1632 2272 hic
1663 2231 1807 2272 omnia

220 2299 452 2356 significari
499 2299 687 2342 aedificia
734 2299 885 2342 altiora
932 2301 1136 2342 dicamus.
1188 2300 1324 2352 Quem
1366 2314 1466 2342 vero
1515 2300 1807 2357 Lycophronis

220 2368 363 2412 locum
411 2369 641 2412 Ehwaldus
690 2371 759 2412 hic
805 2370 946 2422 affert,
996 2372 1032 2412 si
1081 2370 1234 2413 Ovidio
1277 2370 1439 2413 lectum
1481 2371 1806 2427 Lycophronem

218 2439 456 2490 crederem,
505 2440 618 2482 haud
661 2440 944 2496 spernendum
985 2440 1063 2483 illo
1105 2445 1274 2483 nostrae
1314 2443 1547 2483 sententiae
1590 2441 1806 2484 auxilium

219 2509 319 2551 ferri
352 2506 549 2553 dicerem.
583 2509 872 2566 Lycophronis
904 2511 1017 2552 enim
1048 2511 1148 2552 haec
1181 2515 1281 2553 sunt
1312 2511 1607 2554 hemistichia:

1008 2580 1040 2622 οἱ
1073 2580 1114 2622 δὲ
1147 2580 1240 2631 πρὸς
1276 2579 1382 2632 πέδῳ

644 2650 790 2702 πύργοι
823 2650 1126 2701 κατηρείποντο.

286 2803 373 2846 388
399 2818 459 2860 sq.

405 2874 571 2917 Interea
602 2877 800 2930 repetunt
832 2876 963 2917 caecis
995 2876 1171 2918 obscura
1201 2875 1376 2919 latebris

406 2943 543 2986 Verba
573 2944 694 2986 datae
725 2946 850 2987 sortis
883 2959 1027 2987 secum
1058 2947 1169 2989 inter
1201 2960 1327 3002 seque
1358 2946 1565 2991 volutant.
