2034 3334
1006 360 1088 399 166
1144 342 1149 352 '

322 486 388 526 19.
421 496 513 536 sqq.
814 513 817 517 -
1082 484 1154 525 ille
1186 486 1336 525 contra
1367 484 1475 524 haec
1505 482 1652 523 omnia

556 562 660 601 Ruri
692 571 819 612 agere
851 561 1012 601 vitam:
1046 571 1220 610 semper
1250 570 1376 610 parce
1409 569 1460 600 ac
1489 559 1653 600 duriter
1723 567 1731 575 “

557 638 610 677 Se
642 637 812 688 habere,
846 647 1029 677 uxorem
1062 637 1209 677 duxit:
1242 636 1335 676 nati
1365 635 1455 676 filii.

259 714 325 753 Ad
357 724 421 753 vs.
456 714 511 754 20
540 715 794 754 annotatur:
829 714 1006 763 „contra
1032 713 1139 754 haec
1166 713 1314 753 omnia
1338 712 1571 753 suffecerat
1595 711 1830 753 brevitas?

260 789 456 830 Ridicula
487 790 724 840 corruptio:
759 790 959 830 contra
989 790 1127 830 haec
1158 789 1344 830 omnia
1370 799 1393 829 e
1419 799 1549 828 versu
1579 788 1632 828 19
1659 787 1830 829 citatur.

260 866 561 906 Abiiciendum
588 876 688 915 ergo
716 865 832 905 istud
857 865 1129 915 brevitas,
1159 867 1208 905 ut
1232 865 1339 905 haec
1366 866 1570 904 nascatur
1590 862 1830 904 sententia:

265 953 391 992 „cum
449 942 629 982 dixerit:
678 942 862 982 frater
909 943 1110 981 contra
1156 941 1292 981 haec
1338 941 1545 990 omnia,
1594 949 1680 980 non
1725 949 1832 990 opus
1878 962 1881 964 >

262 1019 356 1058 erat
396 1018 568 1067 singula
608 1018 737 1058 haec:
781 1017 898 1058 ruri
942 1027 1109 1076 agere
1147 1017 1347 1067 vitam,
1382 1026 1614 1056 uxorem
1644 1015 1830 1065 duxit,

262 1094 384 1134 nati
425 1093 544 1134 filii
576 1094 873 1133 enumerare.’'

323 1170 567 1210 Uxorem
599 1169 787 1216 duxit]
826 1169 1145 1219 „adiuvandum
1177 1168 1525 1218 pronuntiatione
1557 1168 1636 1218 est,
1668 1177 1724 1208 ne
1749 1167 1832 1206 sin-

264 1246 365 1296 gula
416 1246 617 1295 utrinque
665 1246 853 1286 assecuti
899 1245 1169 1285 videantur.’‘
1218 1244 1437 1295 Quomodo
1484 1245 1684 1294 corrupta
1727 1243 1835 1284 haec

265 1322 479 1372 corrigam
510 1332 596 1362 non
627 1321 777 1362 habeo.

325 1399 394 1438 32.
428 1409 492 1448 sq.
639 1398 805 1438 Pudore
838 1399 882 1437 et
913 1397 1171 1437 liberalitate
1202 1397 1359 1437 liberos

641 1474 843 1514 Retinere
875 1474 1014 1514 satius
1046 1483 1142 1513 esse
1174 1474 1298 1513 credo
1330 1484 1462 1523 quam
1492 1474 1626 1513 metu.

265 1551 532 1590 Annotatur:
586 1551 819 1600 „pudore
867 1550 919 1589 ad
966 1549 1123 1589 liberos
1169 1549 1329 1600 retulit,
1377 1548 1741 1589 liberalitate
1781 1549 1836 1589 ad

265 1628 480 1677 parentes.
513 1627 834 1676 Argumentum
867 1636 893 1666 a
924 1626 1208 1675 coniugatiS.”
1237 1626 1343 1675 Quid
1370 1625 1527 1665 ultima
1552 1625 1659 1665 haec
1684 1635 1834 1675 argu—

265 1704 512 1742 mentum
546 1713 571 1743 a
603 1702 932 1752 coniugatis
963 1700 1240 1751 significant?
1266 1702 1357 1741 An:
1390 1702 1460 1751 „in
1487 1702 1581 1751 ipsa
1605 1700 1837 1741 verborum

266 1779 535 1829 copulatione
594 1779 709 1819 inest
755 1780 1061 1828 argumentum
1074 1779 1122 1817 ?'’
1171 1778 1557 1818 Liberalitate
1603 1778 1720 1818 enim
1767 1777 1835 1818 ad-

265 1865 418 1895 versus
449 1854 665 1895 liberos
697 1865 804 1905 opus
836 1865 932 1895 esse
965 1865 1021 1894 ex
1053 1855 1158 1904 ipsis
1189 1854 1410 1894 vocabulis
1442 1855 1631 1904 apparet.

325 1932 395 1971 33.
427 1931 570 1981 „Vitia
596 1931 708 1971 filios
730 1932 919 1971 retinent
935 1941 1043 1980 quos
1060 1931 1249 1970 retinent
1264 1932 1452 1983 patres.'’
1470 1931 1583 1980 Lege
1601 1941 1700 1971 cum
1714 1930 1835 1972 Wes·
1866 1948 1869 1951 ·

264 2008 483 2047 terhovio:
526 2007 682 2047 Vitia
723 2008 886 2047 filios
918 2009 1130 2048 tenent.
1163 2007 1393 2047 Klotziana
1422 2008 1667 2057 praeterea:
1703 2017 1838 2058 „quos

265 2094 293 2123 n
306 2095 329 2123 o
342 2095 370 2123 n
397 2084 586 2124 retinent
611 2085 786 2134 patres'’
805 2084 947 2125 habet.
966 2085 1174 2134 Equidem
1192 2084 1489 2124 huiuscemodi
1505 2084 1610 2124 olim
1625 2084 1760 2125 fuisse
1775 2084 1836 2124 to·

266 2162 361 2199 tum
378 2161 573 2200 scholion
590 2161 808 2210 suspicor:
831 2162 966 2211 „vitia
982 2160 1093 2201 filios
1105 2162 1266 2211 tenent,
1281 2171 1306 2200 a
1317 2161 1437 2200 vitiis
1447 2160 1637 2200 retinent
1647 2161 1836 2210 patres.'’

324 2237 393 2276 45.
551 2236 665 2276 Dum
697 2237 738 2276 id
771 2237 979 2277 rescitum
1014 2237 1065 2276 iri
1098 2237 1232 2277 credit
1262 2237 1475 2286 tantisper
1505 2237 1642 2276 cavet.

265 2312 385 2351 Sch.:
433 2313 566 2362 „bene
605 2315 731 2353 cavet
762 2313 886 2362 quasi
918 2313 1079 2353 malo.’'
1111 2313 1237 2352 Haud
1270 2312 1395 2352 dubie
1427 2322 1530 2351 vera
1562 2313 1630 2352 est
1659 2311 1838 2362 antiqua

262 2389 389 2429 lectio
422 2389 640 2429 malum.

323 2466 392 2505 50.
437 2465 497 2504 De
540 2467 632 2505 tota
673 2466 754 2505 hac
794 2465 988 2505 Micionis
1020 2465 1322 2514 disputatione,
1356 2474 1440 2513 qua
1471 2474 1598 2503 suam
1629 2464 1838 2504 adversus

263 2540 401 2580 filium
449 2542 700 2591 adoptivum
747 2542 974 2581 lenitatem
1022 2541 1222 2590 defendit,
1267 2540 1523 2580 annotatum
1566 2539 1834 2581 invenimus:

266 2620 390 2667 „vide
434 2618 798 2666 quemadmodum
836 2627 965 2656 suum
997 2618 1049 2656 ad
1082 2617 1394 2667 indulgentiam
1427 2616 1633 2658 affectum
1662 2618 1837 2657 revocet

267 2695 455 2743 optimae
488 2693 781 2742 disciplinae.’'
815 2693 1020 2733 Potestne
1052 2703 1324 2733 revocare
1356 2693 1438 2732 dici
1471 2692 1836 2732 adscribendi

267 2771 430 2809 sensu?
472 2770 563 2809 Hoc
606 2770 721 2809 enim
765 2780 872 2819 opus
909 2770 979 2809 hic
1011 2772 1100 2809 est:
1134 2770 1245 2818 quod
1276 2770 1429 2818 sponte
1460 2770 1563 2808 fecit
1593 2769 1729 2819 Micio,
1761 2768 1835 2817 qui
1870 2774 1874 2778 ”

267 2846 351 2884 10111
394 2846 539 2884 animo
582 2848 710 2884 natus
743 2847 822 2895 est,
857 2846 898 2884 id
930 2855 977 2884 se
1010 2846 1061 2884 de
1093 2845 1305 2884 industria
1335 2845 1489 2884 fecisse
1521 2844 1655 2894 fingit,
1689 2845 1835 2884 ratum

267 2921 377 2959 hanc
409 2932 503 2959 esse
537 2922 748 2970 optimam
781 2921 1066 2971 disciplinam.
