2034 3334
1072 408 1144 447 22,

583 534 651 574 Nil
683 535 813 574 habet
844 534 994 575 infelix
1025 536 1256 585 paupertas
1287 535 1436 575 durius
1466 535 1511 574 in
1541 544 1590 575 se

584 612 721 662 Quam
755 612 865 661 quod
896 612 1099 651 ridiculos
1130 612 1328 652 homines
1357 612 1474 652 facit.

307 690 391 728 Res
434 689 722 728 clarissimam
765 688 919 738 accipit
961 688 1103 728 lucem
1145 688 1198 728 ab
1239 688 1294 728 iis
1334 698 1444 738 quae
1482 697 1590 730 mox
1618 688 1870 738 sequuntur.
1930 740 1934 743 ,

306 765 426 804 Nova
467 765 552 814 illa,
597 774 728 813 quam
771 764 941 804 Gnatho
983 764 1170 813 collegae
1211 774 1291 804 suo
1321 763 1520 805 famelico
1552 762 1767 815 describit,
1800 773 1872 805 ars

307 841 602 880 huiuscemodi
629 841 734 883 ,estz
782 840 1007 890 „homines
1049 850 1206 889 quaero
1248 850 1355 889 quos
1395 840 1531 881 stulta
1561 840 1774 891 quaedam
1802 835 1873 887 sui

306 917 463 966 abripit
495 917 746 964 admiratio;
781 926 888 965 quos
918 916 991 956 ubi
1023 917 1177 956 nactus
1208 926 1307 956 sum

815 1043 817 1047 Ι
870 993 989 1032 111800
1020 1003 1099 1042 ego
1130 1002 1216 1032 non
1245 1002 1350 1043 paro
1380 1003 1453 1032 me
1482 994 1532 1032 ut
1560 991 1730 1033 rideant

406 1069 487 1108 Sed
520 1069 582 1108 eis
614 1070 727 1109 ultro
760 1068 925 1108 arrideo
958 1070 1002 1108 et
1033 1078 1182 1109 eorum
1214 1068 1387 1119 ingenia
1418 1068 1607 1134 admiror
1637 1067 1782 1109 simul.

307 1145 517 1194 Quoniam
545 1147 692 1185 autem
719 1145 979 1185 vocabulum
1005 1145 1158 1185 ultro
1183 1147 1280 1186 tum
1307 1145 1477 1185 additur
1493 1155 1592 1185 cum
1609 1144 1873 1186 contrarium

305 1221 354 1261 fit
396 1222 488 1261 eius
530 1222 639 1271 quod
682 1221 793 1262 solet
835 1222 1029 1278 quodque
1072 1222 1361 1278 exspectatur,
1395 1221 1507 1261 hano
1537 1221 1749 1262 habemus
1778 1230 1872 1262 sen-

326 1299 512 1337 entiam:
556 1298 660 1338 011111
701 1298 904 1347 parasitis
946 1299 1026 1347 hoc
1068 1300 1161 1338 erat
1202 1298 1470 1348 propositum
1501 1299 1550 1338 ut
1579 1297 1753 1348 regibus
1781 1297 1870 1339 fau-

305 1374 554 1423 toribusque
585 1375 676 1414 suis
708 1375 845 1414 risum
876 1376 1103 1415 moverent
1134 1375 1206 1415 vel
1233 1375 1375 1415 iocose
1400 1374 1610 1424 loquendo
1634 1374 1707 1415 vel
1730 1376 1874 1416 semet

306 1451 423 1500 ipsos
463 1451 644 1490 ludibrio
681 1461 777 1490 esse
813 1451 1027 1500 patiendo.
1060 1451 1154 1491 Iam
1186 1451 1290 1491 illud
1321 1452 1502 1491 semet
1541 1451 1699 1501 ipsos
1737 1451 1871 1492 ludi·

306 1526 426 1566 brio
455 1537 579 1566 esse
605 1527 724 1576 pati
752 1529 898 1566 nostro
925 1528 1187 1567 locoverbis
1214 1527 1410 1577 plagas
1436 1527 1552 1576 pati
1581 1525 1870 1576 significatum

307 1604 444 1642 restat
484 1604 533 1642 ut
563 1602 847 1642 ridiculus
878 1613 1004 1642 esse
1035 1613 1140 1643 non
1171 1613 1398 1652 possum
1430 1603 1510 1642 sit:
1543 1602 1670 1643 dicax
1700 1608 1797 1643 0880
1827 1603 1874 1643 et

306 1678 472 1718 facetus
504 1689 588 1719 non
620 1689 810 1728 possum,
845 1680 976 1728 atque
1004 1679 1288 1718 ridiculus
1320 1678 1434 1717 idern
1467 1678 1578 1727 quod
1602 1676 1873 1743 χελωτοπωὲ.

311 1755 395 1804 „At
436 1756 576 1794 nunc'’
619 1755 682 1794 810
718 1755 887 1794 Gnatho
918 1754 1058 1804 pergit
1092 1764 1196 1804 „ego
1227 1754 1467 1793 fautoribus
1498 1754 1610 1794 meis
1636 1753 1803 1795 arrideo
1827 1754 1873 1794 et

307 1833 422 1876 (nam
454 1832 648 1880 sequitur
679 1841 761 1880 quo
793 1841 862 1870 res
893 1830 1028 1870 etiam
1057 1828 1135 1870 fiat
1166 1829 1319 1869 clarior
1348 1829 1386 1868 si
1417 1829 1567 1879 possit)

722 1911 870 1947 eorum
891 1906 1075 1956 ‚ingenia
1105 1906 1293 1946 admiror
1324 1906 1468 1946 simul.

365 1985 595 2033 Nunquam
636 1986 728 2023 tam
770 1983 922 2041 frigide
963 1982 1094 2022 iocari
1134 1982 1197 2022 illi
1238 1984 1420 2032 possunt
1461 1982 1564 2032 quin
1604 1984 1755 2024 tamen
1794 1993 1883 2033 ego,

304 2060 467 2100 rideam
499 2060 828 2110 plaudamque.’'

395 2136 603 2185 Quidquid
631 2137 789 2186 dicunt,
809 2136 958 2175 laudo:
978 2135 1019 2175 id
1037 2146 1210 2175 rursum
1227 2135 1265 2175 si
1286 2137 1458 2186 negant,
1478 2136 1605 2176 laudo
1622 2135 1664 2176 id
1681 2127 1871 2186 quoque:

393 2212 531 2261 Negat
563 2212 659 2260 quis
692 2222 812 2261 nego,
848 2211 909 2251 ait
941 2211 1021 2251 aio.

306 2288 520 2336 Multoque
553 2288 923 2336 quaestuosiorem
958 2298 1053 2327 esse
1081 2298 1241 2328 novam
1268 2289 1408 2327 artem
1435 2287 1714 2337 parasiticam
1741 2297 1873 2338 quam

305 2366 494 2402 veterem
543 2374 647 2402 mox
694 2363 891 2413 apparuit
943 2374 1042 2403 cum
1090 2364 1146 2403 in·
1174 2364 1409 2403 macellum
1451 2363 1746 2403 veniebamus.
1787 2362 1872 2404 Ubi

305 2450 401 2477 cum
445 2440 644 2478 omnibus
687 2440 1000 2489 cuppedinariis
1041 2451 1113 2479 me
1155 2439 1199 2479 in
1241 2450 1414 2479 summo
1447 2450 1542 2479 esse
1573 2439 1687 2479 vidit
1712 2439 1872 2480 honore

304 2517 380 2558 (vs.
417 2516 497 2554 ‘261
534 2519 662 2564 sqq.):

906 2593 1034 2632 homo
1068 2592 1209 2642 coepit
1234 2602 1306 2631 me
1338 2592 1573 2642 obsecrare,

480 2668 539 2706 Ut
571 2668 651 2706 sibi
683 2668 833 2707 liceret
866 2669 1029 2708 discere
1062 2669 1102 2708 id
1135 2669 1186 2708 de
1219 2679 1313 2707 me:
1347 2668 1504 2707 sectari
1537 2667 1655 2716 iussi,

480 2743 522 2780 Si
556 2745 667 2792 potis
701 2746 777 2793 est,
815 2748 1039 2793 tamquam
1072 2744 1424 2794 philosophorum
1456 2744 1615 2782 habent

1373 2818 1638 2867 [disciplinae
1670 2829 1725 2857 ex
1761 2818 1868 2868 ipsis

479 2894 705 2943 Vocabula‚
742 2896 919 2944 parasiti
953 2896 1014 2934 ita
1046 2898 1095 2935 ut
1127 2895 1383 2935 Gnathonici
1415 2895 1634 2934 vocentur.

314 2968 417 3005 illud
461 2969 504 3005 si
549 2970 698 3017 potis
742 2973 825 3009 est
865 2971 1042 3010 Daceria
1078 2971 1231 3010 vertit:
1270 2981 1401 3020 „pour
1431 2964 1525 3009 v'oir
1555 2969 1623 3008 s'il
1654 2980 1708 3008 ne
1738 2969 1872 3013 serait

2017 1376 2031 1459 ἐ
