2034 3334
931 243 988 287 79

154 368 315 411 duntur
355 371 456 411 nota
496 369 601 410 ista:
653 366 853 423 „culpam
895 368 1007 410 inter
1049 368 1165 410 viros
1207 381 1254 409 ac
1297 368 1476 410 feminas
1519 368 1747 425 vulgatam

153 441 279 496 gravi
303 441 478 482 nomine
510 438 723 480 laesarum
753 437 1014 494 religionum
1047 452 1094 480 ac
1126 437 1310 480 violatae
1342 440 1580 482 maiestatis
1612 439 1754 496 appel-

153 510 278 553 lando
312 510 586 553 clementiam
612 510 826 551 maiorum
855 523 1037 564 suasque
1064 510 1154 564 ipse
1181 508 1298 565 leges
1326 510 1668 565 egrediebatur.'’
1703 510 1752 552 In

153 583 267 637 ipso,
295 582 382 632 aio,
414 581 566 636 capitis
601 579 656 622 25
690 581 816 621 initio
848 579 951 621 haec
985 579 1034 621 de
1067 578 1235 621 Tiberio
1269 580 1518 622 traduntur:
1555 583 1752 631 „relatu-m

157 651 250 692 inde
280 653 330 693 de
361 651 601 693 moderanda
634 650 766 703 Papia
793 649 1029 703 Poppaea&
1064 649 1221 702 Quidni
1248 664 1350 706 ergo
1378 650 1574 694 Tiberius
1599 650 1752 694 Ovidio

159 721 348 764 reditum
380 723 425 764 in
458 722 608 764 urbem
640 718 873 763 concessit?

215 793 327 835 Nam
372 818 427 824 —-
469 797 519 834 ut
562 793 711 834 statim
754 792 852 833 hinc
894 791 946 833 ad
987 790 1188 842 alteram,
1238 806 1345 847 quae
1395 792 1579 843 affertur,
1628 793 1748 835 exilii

153 877 323 907 causam
351 868 616 906 transeamus
646 887 697 893 -
725 863 810 918 ipsi
842 861 976 904 Iuliae
1009 861 1200 904 adultero
1232 864 1277 904 in
1308 863 1458 905 urbem
1493 864 1628 906 redire
1661 879 1752 920 per-

153 935 286 976 misit.
320 934 377 977 Et
408 935 493 976 fuit
524 933 697 990 quidem
726 933 827 975 haec
853 934 979 976 venia
1005 947 1103 975 cum
1131 934 1388 976 contumelia
1413 934 1555 990 aliqua
1580 937 1746 987 iuncta,

154 1006 311 1047 etenim
360 1004 473 1058 (Tac.
518 1005 628 1047 Ann.
672 1003 749 1055 III,
784 1003 883 1056 24):
934 1003 1157 1054 „Tiberius
1204 1006 1365 1060 gratias
1413 1007 1558 1061 agenti
1605 1005 1748 1048 Silano

153 1076 293 1127 (fratri
334 1074 536 1127 adulteri)
580 1075 773 1131 patribus
817 1088 956 1116 coram
1000 1074 1216 1130 respondit
1403 1076 1607 1118 adversus
1649 1091 1750 1119 eum

151 1147 343 1203 integras
383 1147 571 1202 parentis
614 1147 681 1187 sui
722 1145 992 1195 offensiones,
1033 1160 1168 1201 neque
1203 1146 1342 1188 reditu
1374 1145 1511 1188 Silani
1543 1147 1750 1190 dissoluta

152 1231 258 1272 quae
301 1218 526 1273 Augustus
568 1215 803 1259 voluisset''
849 1216 920 1258 sed
964 1217 1171 1258 miserum
1213 1220 1356 1259 tamen
1400 1216 1606 1260 Ovidium
1646 1219 1749 1261 haec

153 1302 319 1344 quoque
354 1288 623 1344 „benignitas
654 1289 756 1329 satis
789 1301 999 1342 superque
1032 1287 1252 1330 ditasset''.

215 1357 407 1414 Denique
450 1372 525 1400 cur
566 1357 720 1400 Tomos
753 1361 862 1399 esset
895 1356 1111 1413 relegatus
1144 1357 1350 1412 quamdiu
1382 1360 1493 1400 vixit
1524 1359 1743 1416 ignoravit

155 1428 354 1480 Ovidius,
389 1428 460 1470 sed
493 1428 671 1470 credidit
703 1429 850 1479 (mitto
882 1429 997 1469 enim
1030 1441 1141 1469 nunc
1174 1427 1353 1470 alteram
1385 1442 1580 1480 causam,
1616 1444 1744 1485 quam

151 1500 241 1555 ipse
284 1514 451 1540 errorem
492 1501 707 1550 nominat,
742 1512 824 1553 quo
857 1497 1064 1540 vocabulo
1097 1499 1199 1554 quid
1232 1499 1313 1541 sibi
1344 1499 1532 1542 voluerit
1565 1515 1744 1557 semper,

155 1574 202 1612 ut
246 1572 407 1626 opinor,
452 1572 496 1611 in
538 1570 723 1612 tenebris
764 1569 932 1621 latebit)
977 1583 1020 1611 se
1052 1574 1223 1625 propter
1256 1572 1405 1612 Artem
1437 1571 1514 1613 hac
1546 1572 1744 1615 affectum

152 1655 298 1697 poena.
348 1639 528 1684 Credere
574 1646 721 1683 autem
768 1655 849 1683 non
896 1641 1039 1695 potuit
1080 1642 1162 1682 nisi
1203 1641 1254 1683 ab
1294 1641 1447 1683 idoneo
1491 1648 1662 1685 auctore
1706 1645 1746 1685 ei

153 1711 316 1754 dictum
358 1716 491 1754 esset:
534 1713 655 1753 iussu
697 1725 798 1766 ergo
841 1711 1032 1767 Augusti
1073 1711 1151 1753 hoc
1184 1713 1223 1753 ei
1254 1711 1419 1754 dictum
1451 1717 1527 1754 est.
1562 1714 1619 1755 At
1650 1715 1740 1770 ipse

150 1782 376 1838 Augustus
418 1786 481 1824 est
526 1783 754 1824 mentitus:
799 1783 904 1824 scire
947 1783 1061 1823 enim
1098 1786 1266 1837 poterat
1298 1783 1531 1825 absurdum
1564 1798 1654 1826 esse
1685 1786 1746 1826 in-

150 1854 277 1894 nocui
317 1854 543 1902 carminis,
586 1852 699 1908 quod
742 1857 839 1894 ante
880 1852 1026 1894 decem
1069 1866 1201 1894 annos
1242 1854 1286 1894 in
1318 1852 1458 1896 lucem
1492 1855 1744 1909 prodiisset,

150 1927 319 1978 poetam
366 1924 491 1978 gravi
538 1922 812 1977 pessumdare
860 1924 1081 1965 sententia.
1139 1923 1254 1965 Scire
1304 1927 1493 1979 poterat,
1537 1927 1627 1975 aio,
1672 1926 1744 1968 sed

152 1992 496 2042 obliviscebatur,
542 1992 638 2034 aliis
669 1994 999 2048 instigantibus,
1034 1993 1187 2035 iisdem
1221 1995 1295 2048 qui
1328 1993 1487 2036 falsum
1519 1996 1636 2036 istud
1670 1998 1746 2038 cri-

154 2077 253 2106 men
285 2067 384 2104 sunt
416 2064 659 2105 commenti.

214 2133 270 2174 Et
311 2134 405 2188 quis
447 2146 591 2174 senem
623 2133 860 2188 principem
893 2133 1067 2189 regebat
1098 2134 1159 2174 ita
1189 2137 1237 2175 ut
1272 2137 1361 2175 tam
1393 2135 1619 2177 absurdam
1650 2150 1741 2178 rem

151 2205 191 2245 ei
233 2217 463 2259 suggerere
503 2200 672 2258 posset?
720 2202 948 2245 Neminem
989 2205 1161 2245 invenio
1201 2208 1367 2258 praeter
1397 2204 1581 2248 Liviam.
1624 2205 1741 2248 Haec

151 2287 252 2329 ergo
294 2286 466 2315 causam
507 2287 582 2315 cur
611 2277 779 2328 poetam
810 2277 1003 2315 nostrum
1036 2273 1192 2315 odisset
1223 2274 1404 2315 habebat
1434 2289 1634 2330 gravem,
1670 2277 1741 2319 sed

152 2343 283 2386 simul
327 2343 536 2386 eiusmodi
577 2346 626 2384 ut
667 2343 717 2385 de
762 2357 810 2385 ea
851 2343 1047 2385 celandus
1089 2347 1199 2385 esset
1241 2344 1490 2399 Augustus,
1525 2350 1566 2387 et
1599 2361 1744 2390 omnes

154 2418 368 2470 praeterea
401 2413 601 2455 mortales
632 2427 718 2455 uno
749 2417 924 2469 excepto
953 2413 1135 2455 Tiberio.
1169 2414 1301 2469 Atqui
1331 2416 1367 2456 si
1392 2414 1541 2458 Liviae
1567 2418 1744 2459 victima

150 2485 302 2527 cecidit
346 2483 548 2534 Ovidius,
593 2483 724 2525 simul
764 2483 1050 2540 intelligimus
1092 2498 1312 2539 nunquam
1345 2499 1444 2526 eum
1476 2487 1639 2542 erigere
1671 2502 1743 2530 vo-

148 2553 281 2596 luisse
312 2553 552 2603 Tiberium;
589 2553 744 2595 melius
777 2555 907 2595 etiam
939 2554 1017 2595 hoc
1048 2553 1356 2609 intelligimus,
1391 2556 1427 2597 si
1457 2557 1546 2611 ipse
1573 2571 1741 2613 quoque

151 2623 345 2666 Tiberius
388 2625 604 2678 propriam
636 2623 788 2665 habuit
820 2623 905 2665 odii
938 2637 1123 2665 causam.
1156 2623 1212 2665 Et
1245 2624 1395 2666 habuit
1564 2627 1740 2670 eandem

153 2707 282 2749 quam
308 2694 444 2736 Livia.
473 2693 685 2749 Legerant
713 2695 826 2735 enim
854 2708 1000 2735 versus
1017 2694 1221 2749 quosdam
1241 2709 1365 2749 quos,
1382 2695 1459 2737 illo
1475 2697 1568 2752 ipso
1588 2711 1694 2740 anno
1713 2698 1740 2740 8

152 2766 343 2820 primum
375 2765 457 2806 sibi
489 2765 679 2820 cognitos
712 2763 963 2815 (admodum
994 2766 1110 2806 enim
1142 2764 1376 2807 verisimile
1407 2764 1516 2808 illud
1543 2771 1637 2819 est),
1665 2770 1739 2810 vix

151 2837 345 2890 poterant
375 2849 458 2876 non
492 2836 563 2884 „in
595 2833 770 2876 offensas
801 2848 898 2876 suas
923 2834 1115 2876 vertere''
1145 2838 1213 2887 (ut
1237 2834 1429 2890 loquitur
1455 2836 1735 2893 Propertius).

153 2903 216 2945 De
244 2904 365 2946 ferrei
391 2903 549 2946 saeculi
576 2905 696 2947 vitiis
724 2905 798 2959 qui
823 2907 976 2955 cantat,
1004 2904 1054 2946 de
1080 2919 1153 2946 sua
1180 2907 1342 2960 cogitat
1369 2909 1527 2957 aetate3
1557 2909 1593 2949 si
1617 2907 1738 2951 illius

154 2973 309 3015 scelera
333 2975 521 3029 insignia
552 2974 759 3029 quaedam
790 2974 968 3029 profert,
1001 2974 1124 3017 facile
1155 2977 1297 3030 putari
1328 2980 1467 3031 potest
1498 2979 1741 3035 principum
