2034 3334
1011 425 1068 468 48

248 547 414 599 Ergone
440 549 654 590 nihildum
681 550 734 591 de
760 560 906 591 sorore
933 551 1104 601 reperta
1120 549 1338 593 Chremes
1362 551 1541 603 audivit,
1559 552 1633 594 ubi
1647 561 1716 597 va.
1732 552 1821 596 748
1961 550 1969 584 ’ἶ

248 625 302 664 ad
328 624 538 666 Thaidem
564 626 718 667 venit?
744 626 813 667 Ita
837 627 1031 667 videtur:
1059 637 1175 668 nuno
1199 627 1318 669 enim
1343 629 1502 669 retinet
1517 627 1823 672 tantummodo
1879 624 1882 625 ⁷

251 700 382 741 Thais
409 701 747 768 adolescentemq
770 704 923 753 postea
947 703 999 744 de
1026 703 1204 745 inventa
1223 713 1370 746 sorore
1385 706 1626 747 narratiua.
1643 704 1714 746 An
1727 713 1826 759 νοῦ,

249 776 354 817 bum
380 778 435 818 in
447 779 473 819 d
486 779 500 818 i
511 789 535 819 c
545 790 572 820 a
583 790 612 820 n
623 779 676 820 di
701 780 1006 821 tantummodo
1027 780 1081 821 ad
1097 790 1168 821 res
1184 791 1295 830 quae
1310 778 1614 834 ἀναγνωρισμόν
1629 779 1822 823 efficiunt

249 854 448 905 pertinet,
477 856 522 895 et
546 855 770 905 tempus
795 855 864 895 hic
891 855 1007 896 idem
1033 857 1102 896 est
1122 857 1234 906 quod
1254 856 1533 908 facultas,
1560 856 1821 899 occasio?
1891 854 1893 856 ’
1970 825 1982 867 3⁵

309 931 444 983 Miles,
472 933 595 972 ratus
620 931 704 972 sibi
730 941 756 972 a
781 931 944 972 Thaide
960 933 1062 972 ante
1077 932 1225 973 oculos
1241 933 1394 977 adduci
1410 933 1633 974 aemulum
1652 932 1821 984 „facore
1845 941 1871 972 Q

249 1009 399 1048 contra
433 1007 534 1049 huic
565 1008 721 1058 aegre‘'
755 1008 781 1048 i.
800 1018 837 1048 e.
869 1018 994 1048 urere
1025 1018 1124 1048 eam
1156 1010 1201 1049 et
1230 1009 1428 1050 mordere
1459 1009 1544 1057 (Gr.
1590 1010 1745 1057 λυπεῖν)
1775 1011 1822 1052 et

249 1085 327 1129 (vs.
361 1083 449 1126 624
479 1086 584 1135 sqq:

708 1161 870 1211 „heus”
903 1161 1042 1210 inquit
1076 1171 1219 1212 „puer,
1253 1171 1425 1202 arcesse
1455 1161 1731 1213 Pamphilam

426 1237 487 1277 Ut
517 1237 702 1277 delectet
732 1238 803 1277 hic
833 1238 955 1277 nos.’'

207 1354 209 1357 ,
247 1313 405 1363 Lepide
452 1314 695 1354 scholiasta
742 1315 924 1354 annotat
973 1313 1124 1364 „quasi
1170 1314 1298 1365 dicat,
1346 1315 1488 1364 quod
1532 1296 1670 1356 hade
1712 1325 1821 1358 non

247 1389 422 1430 facit...
456 1391 500 1429 et
531 1390 639 1429 bene
671 1390 761 1430 hic
792 1389 917 1439 quasi
949 1389 1190 1429 insuaviter
1221 1400 1335 1430 nunc
1366 1390 1648 1431 tractemur.''

794 1646 941 1685 Ac‘rus
972 1644 1031 1684 IV
1063 1645 1208 1684 Scmu
1240 1644 1280 1684 2.

304 1772 464 1812 Eodem
491 1771 592 1821 fere,
621 1781 705 1820 quo
730 1770 894 1821 Dorias,
918 1772 1114 1820 tempore
1131 1769 1308 1810 advenit
1323 1769 1536 1809 Phaedria
1551 1769 1815 1827 adoleecens.

246 1848 325 1898 Qui
352 1848 469 1887 enim
501 1848 570 1887 vel
597 1849 740 1887 totum
766 1847 958 1886 triduum
987 1847 1075 1886 ruri
1101 1856 1278 1886 manere
1304 1845 1580 1895 decrevisset,
1608 1845 1687 1886 vix
1710 1845 1816 1886 inte-

245 1935 371 1973 grum
403 1924 517 1963 diem
550 1923 602 1963 ab
634 1923 738 1962 urbe
770 1924 817 1962 et·
845 1933 871 1962 a
901 1932 983 1962 sua
1013 1922 1174 1961 Thaide
1206 1922 1358 1961 abesse
1389 1921 1542 1971 potuit.
1574 1921 1629 1961 Et
1653 1921 1740 1962 alia
1763 1921 1818 1961 dae

245 2010 323 2038 suo
356 2002 513 2039 conatu
544 2001 693 2039 narrat
723 2000 768 2038 et
798 1999 911 2039 haee.
936 2000 1015 2044 (vs.
1049 1999 1135 2038 635
1167 2001 1299 2046 sqq.):

423 2075 506 2114 Ubi
538 2075 591 2114 ad
624 2075 767 2124 ipsum
799 2074 899 2113 veni
931 2073 1257 2123 deverticulum,
1292 2073 1491 2113 constiti:

424 2152 577 2201 Occepi
610 2161 783 2190 mecum
815 2150 1026 2200 cogitare:
1060 2150 1175 2201 hem,
1208 2150 1387 2190 biduum
1418 2150 1489 2189 hic

424 2227 729 2267 Manendumst
759 2226 840 2267 soli
872 2226 966 2265 sine
997 2225 1103 2265 illa?
1135 2226 1236 2275 quid
1267 2228 1363 2266 tum
1394 2226 1577 2276 postea?

424 2304 493 2342 Nil
526 2306 606 2343 est.
640 2303 774 2351 quid?
806 2302 899 2341 nil?
930 2302 969 2341 si
1001 2312 1087 2341 non
1118 2302 1323 2351 tangendi
1354 2301 1531 2351 copiast,

422 2381 511 2418 Eho
543 2390 597 2419 ne
628 2379 800 2419 videndi
831 2378 1005 2427 quidem
1038 2378 1152 2417 erit?
1183 2378 1221 2417 si
1254 2377 1357 2417 illud
1389 2387 1475 2416 non
1505 2376 1618 2427 licet,

424 2455 588 2494 Saltem
622 2456 702 2494 hoc
732 2454 890 2494 licebit.
926 2453 1051 2493 Certe
1083 2454 1282 2492 extrema
1312 2453 1427 2492 linea

423 2533 582 2570 Amare
615 2531 729 2570 haud
761 2531 821 2570 nil
854 2532 933 2569 est.

245 2607 358 2646 Nihil
402 2618 592 2655 unquam
635 2607 818 2646 facetius
859 2605 1134 2644 enuntiatum
1165 2604 1248 2643 fuit
1279 2614 1410 2653 quam
1441 2604 1521 2644 hoc
1558 2606 1648 2644 est:
1683 2604 1812 2655 „hem

245 2683 421 2721 biduum
469 2683 537 2721 hic
584 2682 894 2721 manendumst
939 2681 1019 2720 soli
1065 2680 1160 2719 sine
1201 2679 1317 2719 illa.''
1361 2680 1411 2718 In
1452 2680 1652 2720 omnibus
1693 2679 1812 2720 hisce

247 2758 465 2797 vocabulis
512 2754 690 2806 hem¹),
739 2758 988 2806 biduum,
1037 2757 1149 2806 hic,
1197 2755 1329 2805 soli,
1378 2756 1501 2794 sine
1549 2755 1652 2795 illa
1697 2755 1811 2795 inest

284 2899 303 2927 ¹)
332 2895 394 2922 Hic
423 2902 551 2928 quoque
581 2895 668 2922 hem
698 2894 936 2928 gravissimam
966 2893 1070 2921 habet
1097 2893 1286 2929 emphasim
1317 2899 1383 2921 non
1411 2893 1522 2928 possis
1542 2892 1672 2927 Belgica
1689 2892 1810 2922 mellus

245 2949 373 2975 vertere
403 2954 502 2980 quam
531 2946 592 2974 sic:
625 2948 720 2981 „mijn
751 2946 848 2974 God.’'
874 2947 986 2979 Atque
1006 2945 1068 2973 hoc
1088 2945 1137 2973 ita
1156 2944 1439 2980 pronuntiandum
1459 2946 1497 2973 ut
1517 2946 1658 2978 utraque
1678 2944 1810 2980 syllaba

246 3006 344 3032 quam
365 2999 509 3026 maxime
528 2998 735 3032 producatur.
1588 3002 1591 3005 ‘
1614 3002 1619 3004 ’
