2034 3334
964 347 1048 389 216

285 471 392 515 vll.
440 472 553 512 Nihil
602 473 645 512 in
693 473 927 514 comoediis
969 484 1067 514 esse
1108 473 1336 514 Terentius
1377 473 1539 524 patitur
1580 471 1747 522 tragici.
1767 466 1798 519 ¹)

221 549 327 588 Vide
358 560 398 598 p.
433 549 488 588 88
522 548 651 588 huius
682 549 792 589 libri.
1784 542 1787 543 ⁷

281 625 451 665 Addam
477 635 614 674 pauca
640 635 749 674 quae
777 626 830 665 ad
856 627 969 675 quod
995 636 1133 676 genus
1159 627 1438 676 potissimum
1465 626 1554 666 sint
1575 623 1799 665 referenda

222 711 308 741 non
342 701 486 741 video:
1128 756 1130 759 y

283 777 456 816 Phorm.
499 777 552 827 II,
588 778 627 827 3,
663 780 702 818 5.
736 778 940 818 Phormio
973 778 1026 818 ad
1057 778 1371 828 Demiphonem
1405 778 1625 828 accedens,
1659 786 1686 816 a
1714 785 1800 826 quo

223 853 277 892 ad
324 863 503 893 causam
551 853 778 893 dicendam
824 854 967 894 fuerat
1013 855 1261 905 arcessitus,
1309 864 1473 903 secum,
1522 853 1598 893 sed
1643 851 1706 893 ita
1750 851 1802 892 ut

222 929 435 980 Demipho
467 930 627 980 audiat,
662 931 768 970 haec
799 931 1012 980 loquitur:

1047 1006 1129 1046 Pro
1162 1007 1291 1046 deum
1324 1006 1664 1046 immortalium!

374 1082 514 1131 Negat
543 1081 759 1121 Phanium
791 1092 888 1122 esse
918 1083 1031 1122 hanc
1061 1083 1143 1122 sibi
1176 1084 1404 1132 cognatam
1437 1081 1682 1133 Demipho?

226 1158 494 1198 Annotatur:
531 1167 717 1207 „magno
750 1157 922 1207 ingenio
953 1157 1182 1198 Terentius
1218 1158 1534 1208 impudentiam
1567 1157 1800 1198 calumnia-

225 1235 332 1274 toris
379 1234 607 1283 expressit.
655 1234 768 1273 Nam
815 1235 859 1274 et
904 1234 1020 1283 prior
1065 1235 1216 1284 incipit
1257 1235 1301 1274 et
1341 1235 1457 1284 prior
1497 1234 1716 1275 accusat.”
1747 1233 1804 1274 Et
1841 1250 1848 1254 ·

227 1310 362 1360 ipsius
407 1309 598 1349 Terentii
644 1310 725 1350 hoc
771 1320 868 1349 esse
914 1310 1142 1350 inventum
1190 1310 1326 1350 efficio
1373 1320 1429 1350 ex
1475 1309 1663 1350 Andriae
1707 1309 1802 1350 loco

227 1387 297 1437 IV,
346 1388 382 1437 1,
428 1387 496 1426 20.
541 1386 790 1436 Charinum,
835 1387 992 1426 iniuria
1033 1386 1114 1426 sibi
1157 1387 1316 1426 iratum
1359 1387 1511 1426 sedare
1549 1386 1654 1427 dum
1684 1386 1803 1437 cupit

229 1463 495 1513 Pamphilus,
529 1463 644 1512 prior
675 1463 907 1512 alloquitur
938 1463 1006 1502 his
1039 1463 1204 1502 verbis:

349 1538 545 1589 Charine,
580 1540 624 1578 et
654 1549 726 1578 me
757 1540 802 1579 et
832 1541 876 1578 te
907 1539 1170 1589 imprudens,
1205 1539 1290 1578 nisi
1321 1540 1423 1588 quid
1454 1540 1497 1579 di
1527 1527 1775 1589 respiciunt,

1534 1614 1726 1678 [perdidi.

230 1691 498 1730 Annotatur:
561 1691 697 1740 „mire
755 1692 799 1730 et
855 1690 1087 1731 artificiose
1143 1691 1247 1731 fecit
1291 1691 1568 1740 Pamphilum
1593 1683 1803 1741 'priorem

227 1767 387 1815 alloqui
428 1767 482 1806 ad
512 1766 861 1816 perfringendam
892 1766 1160 1806 iracundiam
1193 1766 1379 1816 Charini,
1413 1766 1584 1816 alioqui,
1617 1766 1657 1806 si
1686 1767 1803 1817 prior

227 1843 452 1882 vociferari
484 1843 709 1892 potuisset,
743 1842 909 1891 tragica
939 1843 1258 1883 exclamatione
1289 1853 1396 1882 usus
1427 1843 1625 1883 fuisset.”
1663 1829 1670 1834 ’

287 1919 496 1970 Quamvis
553 1920 670 1959 enim
729 1919 932 1959 contrarii
988 1919 1102 1959 inter
1157 1930 1204 1959 se
1260 1919 1305 1959 hi
1361 1920 1443 1959 loci
1501 1920 1582 1959 dici
1634 1919 1803 1970 possint

226 1996 376 2041 (altero
424 1995 542 2035 enim
588 1996 839 2044 impostoris
885 1995 1155 2044 impudentia
1201 1995 1456 2045 depingitur,
1506 1995 1643 2036 altero
1669 2005 1799 2036 --vere-

226 2072 353 2111 cundi
403 2072 574 2110 iuvenis
624 2071 792 2121 placida
834 2071 1012 2118 indoles)
1056 2072 1250 2111 eiusdem
1293 2073 1443 2111 tamen
1484 2082 1580 2111 esse
1622 2070 1802 2112 artificis

223 2147 349 2187 facile
380 2147 531 2187 sentis.

283 2223 404 2262 Adel.
448 2223 523 2272 III,
569 2224 608 2273 3,
643 2225 713 2263 65.
746 2223 934 2262 Demeae
966 2233 1118 2262 severo
1150 2223 1212 2262 illi
1244 2223 1339 2262 seni
1370 2222 1472 2262 ficta
1503 2223 1717 2272 quaedam
1747 2223 1801 2263 de

224 2299 313 2349 filii,
342 2309 473 2348 quem
501 2300 592 2348 ipse
619 2300 736 2339 domi
763 2300 975 2350 educavit,
1006 2300 1219 2349 probitate
1247 2299 1382 2348 Syrus
1408 2299 1626 2348 narravit;
1644 2299 1801 2348 quibus

224 2375 383 2414 auditis
425 2375 580 2423 gaudio
622 2375 695 2414 ille
738 2376 844 2414 adeo
885 2375 1156 2424 perfunditur
1186 2376 1236 2414 ut
1267 2385 1403 2424 paene
1435 2375 1524 2414 iam
1554 2375 1678 2415 mitis
1707 2373 1798 2415 flat.

223 2451 304 2490 Sed
332 2451 474 2490 subito
501 2451 753 2490 scurrilibus
780 2451 886 2490 iocis
912 2461 1063 2490 senem
1090 2451 1272 2490 ludibrio
1288 2451 1446 2490 habere
1463 2458 1617 2491 servus
1634 2450 1796 2501 incipit.

222 2528 488 2566 Annotatur:
547 2537 702 2577 „prope
749 2527 954 2566 delinitus
1001 2528 1094 2566 erat
1139 2526 1303 2566 Demea
1349 2528 1499 2566 contra
1545 2526 1798 2567 institutum

221 2603 479 2651 argumenti.
523 2601 768 2642 Artificiose
810 2602 942 2651 igitur
982 2604 1111 2652 poeta
1151 2603 1335 2642 subiecit
1366 2613 1422 2642 ex
1452 2612 1637 2652 persona
1666 2601 1795 2652 servi,

222 2679 336 2717 unde
369 2678 493 2717 illum
526 2679 578 2717 ad
613 2678 951 2718 amaritudinem
982 2679 1228 2727 provocet.’'

256 2805 276 2838 ¹)
305 2804 391 2833 Puto
417 2804 604 2833 Ciceronem
632 2805 873 2840 Caesaremque
891 2805 1038 2834 Terentii
1057 2805 1252 2835 comitatem
1272 2813 1348 2835 cum
1366 2805 1434 2834 levi
1454 2805 1703 2841 vituperatione
1720 2804 1790 2834 lau·

218 2861 336 2890 dantes
364 2863 496 2896 praeter
525 2868 711 2891 sermonem
740 2862 813 2891 eius
840 2862 950 2891 lenem
979 2861 1199 2897 sedatumque
1229 2863 1264 2892 et
1291 2862 1359 2892 alia
1381 2863 1553 2899 spectasse
1577 2863 1612 2892 et
1631 2862 1721 2892 hunc
1741 2864 1798 2891 τοῦ

217 2919 364 2954 τραγικοῦ
385 2915 524 2943 metum.
