2034 3334
1035 369 1118 410 110

287 494 451 534 Laudat
498 494 568 534 hic
615 495 707 534 eius
754 494 1026 545 vigilantiam
1067 495 1426 546 prudentiamque
1461 496 1652 547 Antipho
1692 496 1858 538 duobus

287 571 452 612 verbis:
489 570 590 621 „Eu,
624 570 775 611 Geta.”
808 571 919 611 Tum
951 581 1105 612 servus
1135 572 1199 612 sic
1228 572 1390 622 pergit:

1106 648 1189 688 Hic
1219 648 1560 699 pulcherrimum

374 723 560 763 Facinus
591 724 758 764 audivi:
791 724 937 774 itaque
968 735 1104 775 paene
1135 724 1278 765 hercle
1309 725 1554 766 exclamavi
1584 718 1754 776 gaudio.

286 800 469 839 Brevem
502 800 573 840 hic
604 800 870 840 scholiastae
897 801 1109 841 habemus
1136 801 1485 842 annotationem:
1517 801 1857 853 „Pulcherri-

285 886 427 915 mum
471 876 698 916 facinus
740 877 956 916 audivi:
1000 877 1249 917 huiusmodi
1289 877 1407 918 locos
1447 879 1601 928 poetae
1641 877 1859 920 actoribus

286 952 520 1003 indulgent,
553 953 666 1002 quod
698 953 742 992 in
772 953 840 993 his
872 953 1032 994 actoris
1063 955 1131 994 est
1162 953 1524 1003 commendatio?

253 1052 256 1060 ι
344 1029 494 1069 Nonne
525 1029 720 1079 legentes
750 1030 982 1070 admonere
1014 1030 1185 1070 videtur
1215 1030 1265 1070 ut
1290 1030 1402 1070 hanc
1427 1032 1597 1081 partem
1622 1030 1706 1082 ipsi
1730 1041 1859 1082 agere

286 1106 525 1146 conentur?

345 1182 405 1222 Ib.
439 1183 539 1223 358.
567 1182 681 1222 Dum
707 1182 919 1233 Demipho
946 1193 1083 1223 senex
1109 1194 1209 1224 cum
1237 1183 1459 1224 advocatis
1485 1183 1631 1224 adstat
1646 1193 1874 1234 quaerens⁴

284 1259 497 1307 quomodo
532 1259 707 1308 nuptiae
738 1259 838 1299 illae
869 1270 895 1299 a
926 1259 1185 1300 Phormione
1217 1259 1428 1300 conflatae
1459 1259 1646 1300 rescindi
1674 1259 1856 1312 possint,

284 1334 354 1374 hic
399 1335 491 1384 ipse
537 1345 636 1375 cum
683 1335 793 1376 Geta
838 1337 1135 1377 sermocinans
1181 1337 1362 1386 incedit;
1405 1336 1522 1377 clara
1563 1337 1712 1377 autem
1751 1346 1859 1377 voce

283 1411 472 1460 loquitur
512 1413 562 1451 ut
603 1422 628 1451 a
659 1422 763 1452 sene
795 1413 933 1452 audiri
963 1413 1114 1464 possit,
1148 1414 1300 1462 estque
1330 1423 1474 1453 sermo
1506 1413 1600 1465 eius
1629 1413 1857 1462 tamquam

283 1487 486 1527 mirantis
527 1489 571 1528 et
611 1488 877 1538 indignantis
918 1489 970 1528 ob
1012 1489 1054 1528 id
1086 1490 1198 1538 quod
1229 1489 1357 1529 modo
1389 1499 1415 1529 a
1445 1488 1554 1529 Geta
1584 1489 1856 1539 cognoverit:

284 1574 441 1613 negare
483 1574 634 1604 senem
677 1566 907 1614 cognatam
950 1565 1032 1605 sibi
1074 1575 1170 1605 esse
1211 1565 1438 1616 virginem,
1481 1575 1614 1615 quam
1645 1565 1801 1607 ducere
1831 1575 1858 1606 a

283 1640 494 1680 iudicibus
536 1641 725 1691 Antipho
766 1640 882 1681 filius
924 1642 1016 1681 eius
1058 1643 1126 1681 est
1167 1643 1354 1692 coactus,
1391 1641 1462 1681 vel
1492 1642 1645 1682 notum
1675 1640 1858 1691 virginis

282 1718 464 1765 patrem.
495 1717 603 1756 Sunt
630 1719 778 1757 autem
804 1717 937 1757 verba
963 1718 1056 1757 eius
1082 1717 1349 1767 lepidissime
1374 1715 1478 1757 ficta
1505 1718 1549 1757 et
1564 1716 1651 1757 alia
1666 1718 1710 1757 et
1725 1717 1855 1757 haec:

462 1792 569 1842 Quia
601 1804 732 1843 egens
763 1794 914 1834 relicta
946 1795 1014 1833 est
1044 1794 1218 1844 misera,
1251 1794 1474 1843 ignoratur
1504 1803 1674 1844 parens,

462 1869 702 1918 Negligitur
732 1870 848 1919 ipsa:
883 1870 980 1910 vide
1012 1870 1196 1910 avaritia
1227 1870 1328 1919 quid
1359 1870 1495 1910 facit?

282 1945 511 1994 Adscripta
557 1945 626 1985 hic
672 1947 739 1985 est
785 1946 1008 1985 annotatio
1055 1946 1367 1995 cognatissima
1411 1945 1649 1985 narrationi
1694 1944 1757 1985 illi
1803 1945 1856 1985 de

281 2020 484 2060 Ambivio
502 2021 639 2060 ebrio:
673 2022 825 2071 „vide
857 2022 1111 2062 avaritia
1142 2022 1272 2071 quid
1303 2021 1469 2061 facit:
1497 2021 1855 2061 haecconversus

282 2096 334 2135 ad
368 2097 576 2136 circulum
609 2099 652 2137 et
685 2108 888 2138 coronam
921 2098 1300 2138 circumstantium
1331 2098 1435 2137 dicit
1466 2099 1510 2137 et
1537 2097 1854 2147 conqueritur?

341 2173 416 2213 Ph.
451 2175 550 2214 935.
579 2175 628 2213 In
655 2176 849 2224 tempore
877 2175 1078 2224 cognovit
1103 2185 1196 2214 rem
1223 2174 1439 2224 Phormio,
1468 2183 1553 2222 qua
1578 2172 1854 2213 Chremetem

282 2253 476 2288 coercere
507 2250 656 2300 possit,
691 2251 727 2290 si
761 2250 832 2290 ille
863 2250 907 2289 in
939 2250 1171 2299 repetenda
1201 2250 1394 2300 pecunia,
1422 2259 1555 2298 quam
1581 2247 1855 2288 astutissima

281 2325 429 2363 fraude
476 2326 514 2364 ei
563 2326 736 2376 abrasit,
786 2327 915 2366 fuerit
961 2326 1207 2366 molestior:
1251 2326 1405 2365 certior
1446 2325 1562 2364 enim
1603 2324 1746 2364 factus
1786 2325 1855 2364 est

282 2401 416 2450 illum,
461 2402 563 2440 dum
607 2403 791 2441 Athenis
832 2413 1015 2442 uxorem
1056 2402 1247 2452 haberet,
1291 2412 1347 2440 ex
1389 2401 1525 2440 altera
1559 2410 1695 2440 uxore
1726 2399 1854 2440 Lesbi

281 2487 528 2525 procreasse
575 2476 723 2517 filiam.
772 2478 1007 2518 Minitando
1055 2488 1154 2527 ergo
1201 2488 1248 2517 se
1294 2476 1398 2516 illud
1445 2477 1498 2516 ad
1539 2476 1853 2516 Atheniensem

282 2564 462 2592 uxorem
514 2554 758 2593 delaturum
810 2555 981 2603 quidvis
1031 2565 1079 2593 se
1131 2554 1184 2593 ab
1226 2565 1276 2593 eo
1318 2554 1652 2603 impetraturum
1692 2551 1850 2602 sperat.

281 2629 449 2676 Vixque
482 2629 587 2667 haec
618 2630 770 2669 verba:
1192 2674 1195 2679 ,
1253 2679 1257 2682 ⁴

905 2705 1015 2756 Quin
1045 2707 1094 2745 tu
1125 2705 1188 2744 mi
1220 2706 1449 2754 argentum
1481 2705 1584 2744 cedo

282 2780 446 2818 audivit
478 2790 577 2818 cum
609 2781 860 2829 respondet:

460 2856 599 2894 Immo
633 2867 733 2895 vero
766 2867 947 2895 uxorem
979 2858 1027 2896 tu
1059 2857 1175 2896 cedo.

283 2931 397 2969 Haec
440 2933 651 2978 quomodo
696 2933 737 2970 in
780 2943 908 2971 scena
945 2933 1104 2971 suerint
1136 2934 1233 2971 acta
1265 2933 1574 2981 ignoraremus,
1608 2931 1692 2970 nisi
1723 2930 1848 2970 habe·
