2034 3334
1013 232 1038 274 5

244 354 343 407 XII,
381 354 466 398 192
514 354 759 398 Multorum
790 355 950 398 frustra
981 357 1092 398 votis
1126 358 1271 411 optata
1301 367 1542 410 procorum.

378 425 466 469 236
513 426 716 482 Antiqua&
749 431 878 468 crater
885 445 903 476 ;
934 442 1043 482 quem
1074 430 1227 467 vastum
1257 425 1409 467 vastior
1439 425 1535 478 ipse.

375 496 463 540 256
512 495 708 553 Cumque
739 501 830 540 atro
862 499 1020 540 mixtos
1052 500 1326 553 spumantem
1359 496 1566 552 sanguine
1599 494 1756 536 dentes.

377 566 463 611 357
513 569 710 609 Annosam
734 569 878 622 pinum
909 583 1045 621 maqno
1077 567 1274 609 molimine
1306 570 1480 620 temptat.

377 637 465 680 453
514 639 579 679 Ad
609 643 775 680 mentum
808 638 948 692 linqua
978 643 1179 694 mentoque
1209 639 1264 678 ad
1289 641 1456 690 yuttura
1476 637 1580 691 fisco.

227 708 344 760 XIII,
380 707 466 752 347
514 707 732 752 Gestasset
764 709 888 752 laeva
919 714 1140 752 taurorum
1174 713 1342 765 tergora
1375 711 1550 763 septem.

255 804 312 812 —
377 779 461 822 611
510 780 590 822 Ter
621 780 795 837 clangor
805 795 815 832 ;
851 785 1001 836 quarto
1033 780 1241 822 seducunt
1272 783 1407 821 castra
1438 777 1600 820 volatu.

222 850 336 902 XIV,
370 850 458 893 398
504 851 778 907 Nequiquam
810 852 912 894 Pico
944 851 1148 907 nullaque
1179 852 1224 892 in
1255 854 1373 906 parte
1405 852 1584 904 reperto.

252 946 308 953 —
372 920 459 964 427
506 921 680 964 Fessam
712 926 754 964 et
786 923 873 964 iam
904 921 1033 978 longa
1063 926 1294 978 ponentem
1326 933 1500 975 corpora
1531 921 1636 974 ripa.

255 1017 307 1024 ·—
373 992 461 1035 819
508 993 769 1049 Innixusque
800 993 960 1042 hastae,
993 1007 1158 1049 pressos
1190 997 1358 1034 temone
1390 996 1578 1033 cruento.

243 1062 336 1114 XV,
371 1062 456 1105 339
506 1063 621 1116 Quae
653 1078 765 1106 nunc
796 1065 1000 1112 immotae
1032 1066 1223 1119 perstant
1257 1064 1481 1117 ventisque
1514 1062 1732 1103 resistunt.

280 1133 444 1177 Eodem
469 1134 677 1177 referendi
704 1138 804 1176 sunt
830 1134 876 1176 hi
903 1133 975 1184 24,
1005 1148 1028 1176 3
1055 1135 1188 1176 ternis
1214 1134 1462 1189 incipientes
1489 1131 1685 1188 spondeis
1710 1145 1811 1174 non-

219 1218 457 1260 numquam
499 1204 583 1247 alia
625 1219 669 1247 re
710 1204 932 1247 accedente
973 1218 1078 1261 quae
1109 1204 1274 1260 pondus
1307 1208 1485 1259 augeat,
1519 1206 1646 1258 atque
1678 1203 1810 1244 etiam

218 1289 330 1317 unus
361 1279 404 1317 et
435 1274 542 1318 alter
573 1279 658 1318 tres
690 1275 885 1331 deinceps
917 1276 1073 1318 habens
1106 1274 1311 1331 spondeos
1341 1276 1385 1316 in
1418 1273 1572 1316 medio.

304 1345 338 1397 I,
370 1345 459 1388 282
506 1345 563 1388 Et
596 1346 810 1389 defrenato
843 1346 1080 1389 volvuntur
1110 1348 1155 1388 in
1186 1359 1369 1401 aequora
1399 1359 1540 1387 cursu.

369 1415 458 1458 294
504 1416 561 1458 Et
593 1416 710 1458 ducit
742 1431 880 1459 remos
911 1416 1001 1459 illic
1033 1417 1108 1458 ubi
1140 1418 1259 1472 prius
1291 1419 1443 1458 ararat.

369 1485 456 1529 329
504 1486 561 1528 Et
592 1486 707 1529 caelo
739 1490 870 1530 terras
903 1487 1088 1529 ostendit
1116 1474 1161 1529 'et
1193 1487 1365 1529 aethera
1397 1486 1533 1528 terris.

427 1556 451 1600 '7
500 1556 814 1613 Terrarumque
847 1558 995 1600 orbem
1028 1556 1279 1612 caelumque
1312 1555 1424 1612 quod
1456 1557 1655 1598 imminet
1685 1556 1789 1598 orbi.

370 1627 454 1670 351
504 1627 667 1671 Avellit
698 1628 887 1680 frondes;
923 1629 1025 1670 haec
1057 1629 1204 1684 stipite
1238 1641 1359 1670 crura
1390 1629 1538 1669 teneri.

371 1698 458 1742 ’732
506 1698 620 1751 Quae
645 1713 907 1755 quamquam
933 1701 1048 1741 iusta
1077 1702 1154 1749 est,
1186 1712 1286 1740 cura
1313 1702 1458 1740 tamen
1474 1697 1650 1739 adiuvat
1666 1696 1804 1740 illam.

370 1767 455 1812 792
502 1769 742 1824 Exuritque
773 1770 924 1812 herbas
956 1773 998 1811 et
1029 1782 1195 1811 summa
1230 1769 1452 1811 cacumina
1482 1769 1631 1823 carpit.

401 1838 454 1882 15
501 1839 790 1881 Incustoditam
823 1840 927 1882 lente
956 1839 1065 1881 videt
1096 1839 1156 1881 ire
1186 1839 1402 1880 iuvencam.

396 1910 452 1953 21
500 1911 569 1952 Ad
598 1911 747 1953 eaebum
766 1911 950 1968 frontem
981 1910 1195 1964 muqitibus
1226 1910 1386 1964 impulit
1417 1924 1552 1951 auras.

395 1980 452 2023 89
501 1979 695 2024 Cedendo
727 1982 894 2024 arcebat
924 1996 1000 2024 nec
1030 1981 1204 2038 longius
1234 1983 1296 2023 ire
1330 1981 1506 2022 sinebat.

366 2049 452 2092 441
501 2051 568 2091 Ad
597 2051 892 2093 circumstantes
923 2053 1085 2094 tendens
1115 2067 1189 2093 sua
1223 2051 1407 2092 bracchia
1432 2050 1572 2092 silvas.

372 2120 456 2163 183
505 2122 682 2164 Mittere
712 2123 757 2163 in
789 2122 868 2164 hoc
900 2123 1037 2165 haesit
1068 2125 1243 2180 signum
1274 2125 1324 2167 de
1357 2141 1568 2170 marmore
1600 2133 1741 2186 gestu.

367 2191 452 2233 545
501 2191 548 2233 In
580 2196 768 2234 rostrum
800 2196 843 2234 et
873 2192 1043 2248 plumas
1076 2199 1117 2235 et
1147 2195 1326 2250 grandia
1357 2195 1524 2239 lumina
1556 2201 1699 2242 vertit.

389 2260 445 2304 69
491 2261 548 2303 Et
579 2265 704 2304 vetus
734 2263 780 2303 in
810 2262 895 2304 tela
927 2263 1152 2306 deducitur
1183 2272 1503 2321 argumentum.

367 2331 454 2374 334
502 2331 658 2374 Orbem
687 2332 912 2375 interdixit
944 2347 1071 2389 quam
1104 2336 1178 2377 vix
1210 2338 1387 2378 erratica
1417 2337 1558 2381 Delos.

367 2401 453 2444 335
501 2401 596 2444 Illic
627 2403 876 2445 incumbens
908 2417 1007 2445 cum
1038 2403 1227 2447 Palladis
1259 2407 1405 2449 arbore
1438 2407 1617 2463 palmae.

365 2472 450 2515 555
499 2472 578 2515 Ille
608 2472 904 2529 indignantem
936 2478 979 2516 et
1010 2489 1163 2517 nomen
1193 2479 1326 2531 patris
1358 2492 1492 2533 usque
1525 2485 1760 2525 vocantem.

363 2542 449 2585 668
498 2543 743 2585 Pendebant
775 2546 924 2599 pennis
956 2558 1138 2600 quarum
1169 2548 1279 2601 petit
1310 2547 1441 2591 altera
1472 2549 1615 2594 silvas.

231 2612 324 2662 VII,
359 2613 443 2656 581
493 2613 576 2655 Hic
606 2613 698 2655 illic
729 2614 804 2655 ubi
833 2628 948 2656 mors
979 2614 1254 2670 deprenderat
1287 2618 1545 2662 exhalantes.

212 2681 326 2734 VIII,
361 2682 447 2725 585
494 2685 534 2725 A
567 2682 687 2725 silvis
721 2683 850 2726 silvas
883 2688 926 2726 et
956 2685 1007 2726 ab
1040 2688 1155 2728 arvis
1186 2701 1288 2729 arva
1320 2689 1494 2732 revulsi.

258 2778 315 2785 —
364 2753 450 2795 694
498 2754 699 2795 Nitamur
732 2754 846 2806 lonqo
877 2754 1044 2808 vestiffia
1067 2771 1218 2809 ponere
1249 2758 1364 2800 clivo.

250 2823 326 2875 XI,
361 2822 447 2866 ’733
494 2824 719 2877 Strinqebat
749 2840 915 2866 summas
947 2826 1030 2867 ales
1061 2827 1302 2869 miserabilis
1333 2831 1476 2872 undas.

229 2893 324 2944 XII,
389 2893 445 2936 83
492 2894 574 2937 Sed
607 2909 868 2950 quamquam
899 2900 1012 2938 certa
1042 2896 1187 2939 nullus
1220 2898 1301 2941 fuit
1333 2914 1448 2942 error
1476 2903 1521 2942 in
1553 2902 1685 2946 hasta.

254 2988 308 2994 —
357 2964 444 3007 472
491 2964 726 3007 Extentum
760 2979 888 3008 cursu
920 2968 1050 3009 missa
1080 2966 1194 3010 latus
1226 2971 1338 3011 eruit
1370 2970 1504 3013 hasta.

263 1440 320 1801 ΙΙΙΗΙΙ

298 1557 331 1608 ,1-1

257 1839 277 1882 0-1

279 1839 298 1882 Η

301 1839 320 1881 β-4

253 1871 336 2574 ιιιι,ειι,<1ιιιΒ
