2034 3334
964 357 1017 398 37

540 482 744 524 Premant
777 481 932 525 Calena
964 482 1072 525 falce
1104 482 1263 538 quibus
1300 482 1417 524 dedit

539 559 730 601 Fortuna
762 560 905 613 vitem,
939 559 1058 602 dives
1092 563 1134 602 et
1165 561 1308 602 aureis

601 635 813 678 Mercator
844 637 1031 679 exsiccet
1065 636 1238 678 culullis

665 712 778 755 Vina
811 712 919 767 Syra
951 716 1146 769 reparata
1183 726 1336 767 merce,

543 839 622 882 Dis
655 853 780 883 carus
811 841 914 895 ipse,
947 841 1105 896 quippe
1138 843 1203 882 ter
1235 843 1276 883 et
1310 843 1462 896 quater

543 917 673 959 Anno
705 917 898 960 revisens
930 930 1093 973 aequor
1124 917 1394 959 Atlanticum

602 994 796 1050 Impune.
829 994 899 1037 Me
930 998 1113 1050 pascunt
1145 994 1296 1049 olivae,

665 1071 734 1114 Me
766 1071 960 1114 cichorea
992 1071 1195 1127 levesque
1227 1071 1405 1113 malvae.

249 1227 353 1257 suae
383 1214 475 1270 ipse
499 1213 618 1256 laudi
650 1213 789 1256 offecit
820 1212 1071 1268 obstititque
1102 1215 1237 1269 poeta.

308 1290 364 1345 ΙΙ,
412 1291 479 1333 20.
526 1290 748 1333 Insulsum
797 1289 1106 1345 inficetumque
1154 1293 1292 1332 totum
1336 1289 1417 1330 hoc
1459 1301 1630 1330 carmen
1664 1301 1758 1330 esse

249 1366 388 1409 libens
420 1366 620 1421 concedo,
654 1379 794 1422 neque
826 1379 1086 1422 quemquam
1122 1369 1379 1421 negaturum
1414 1366 1577 1421 opinor.
1598 1363 1756 1415 Quam-

251 1444 317 1486 vis
358 1443 473 1486 enim
515 1443 655 1499 lepida
697 1444 752 1485 sit
795 1444 1041 1485 coniectura
1073 1456 1159 1498 qua
1191 1442 1244 1484 ad
1277 1441 1580 1498 explicandum
1614 1440 1758 1483 defen-

251 1520 530 1576 dendamque
577 1521 713 1562 utitur
755 1519 1092 1576 Peerlkampius‚
1124 1533 1229 1561 num
1262 1520 1466 1574 cuiquam
1497 1518 1759 1574 persuaserit

253 1597 454 1653 egregius
502 1597 570 1638 vir
599 1596 875 1639 vehementer
907 1595 1066 1638 dubito.
1099 1595 1196 1638 Non
1232 1595 1355 1638 video
1387 1596 1519 1651 igitur
1551 1608 1628 1637 cur
1659 1608 1759 1637 cum

251 1673 559 1729 Peerlkampio,
592 1686 716 1730 quem
753 1674 830 1715 hac
863 1674 1037 1729 quidem
1068 1675 1114 1715 in
1143 1686 1188 1716 re
1215 1673 1416 1716 nonnulli
1443 1673 1628 1715 editores
1657 1676 1761 1715 sunt
1808 1710 1811 1711 γ

253 1750 404 1806 secuti,
436 1750 650 1809 stropham
684 1751 853 1793 tertiam

551 1875 643 1918 Iam
675 1876 760 1918 iam
792 1875 989 1918 residunt
1021 1874 1220 1917 cruribus
1258 1888 1432 1931 asperae

550 1951 689 1995 Pelles
721 1956 762 1994 et
793 1951 939 1994 album
972 1954 1116 1994 mutor
1146 1952 1191 1993 in
1223 1952 1367 1994 alitem

611 2028 815 2084 Superne,
846 2031 1172 2084 nascunturque
1204 2028 1321 2071 leves

672 2104 755 2147 Per
787 2105 941 2161 digitos
973 2117 1232 2160 umerosque
1264 2104 1448 2160 plumae,

259 2245 448 2301 Horatio,
488 2245 533 2287 id
575 2249 639 2288 est
669 2247 949 2302 ineptissimis
982 2244 1141 2302 quibus
1175 2246 1363 2302 cingitur
1395 2247 1592 2302 strophis,
1625 2247 1763 2303 indig-

260 2336 358 2364 nam
400 2334 662 2377 censeamus,
695 2336 828 2378 quum
872 2324 1118 2379 praesertim
1154 2336 1240 2379 quo
1274 2323 1399 2365 modo
1434 2329 1531 2365 nata
1564 2324 1620 2366 sit
1649 2327 1763 2366 certo

260 2397 626 2454 deprehendamus
671 2398 841 2441 indicio.
889 2399 1011 2454 „Non
1055 2412 1124 2442 me
1166 2399 1374 2442 tenebunt
1416 2398 1516 2442 Orci
1548 2400 1763 2442 claustra''

259 2478 383 2531 poeta
428 2475 486 2516 ait
536 2473 692 2528 „libere
738 2474 847 2517 Icari
892 2476 1039 2530 instar,
1084 2476 1158 2518 sed
1201 2476 1275 2517 illo
1308 2476 1458 2531 tutius,
1489 2489 1566 2532 per
1597 2477 1763 2519 coelum

262 2550 485 2594 volitab0.”
532 2550 639 2592 Eam
686 2553 828 2594 autem
872 2553 1125 2594 sententiam
1171 2565 1305 2607 quum
1349 2553 1513 2607 poetice
1555 2565 1765 2596 exornare

261 2628 402 2683 vellet,
433 2641 522 2670 non
553 2630 717 2683 poterat
749 2628 811 2669 sic
842 2627 985 2670 subito
1017 2628 1069 2670 ab
1098 2627 1207 2670 Orco
1236 2628 1289 2670 ad
1316 2628 1487 2671 Icarum
1515 2629 1763 2672 transsilire.

262 2703 565 2755 Quaerendum
613 2704 776 2759 aliquid
829 2707 918 2746 erat
962 2705 1077 2760 quod
1118 2705 1212 2747 viae
1243 2706 1440 2761 pontisve
1471 2707 1607 2748 instar
1640 2709 1767 2760 esset,

261 2794 401 2837 neque
431 2785 573 2824 tamen
607 2781 842 2837 quidquam
877 2782 1017 2837 aptius
1049 2782 1311 2838 excogitavit
1346 2796 1474 2838 quam
1504 2783 1619 2839 quod
1648 2796 1764 2825 nunc

261 2856 479 2901 habemus.
