2034 3334
975 235 1060 278 129

223 357 411 400 Kornius
436 358 520 399 ista
547 355 726 399 diversis
754 357 1020 412 temporibus
1046 371 1070 399 a
1087 357 1264 399 diversis
1279 357 1394 399 haud
1410 359 1471 400 ita
1488 358 1592 400 bene
1609 358 1814 414 disposita

225 442 337 479 esse,
370 429 513 470 minus
546 427 656 469 mihi
681 431 875 470 accurate
905 427 1070 470 dictum
1098 428 1282 470 videtur.
1315 428 1436 471 Nihil
1462 430 1577 471 enim
1603 430 1648 471 in
1674 429 1811 472 hisce:

405 498 453 540 In
487 512 569 553 quo
602 497 860 548 desinimus,
895 511 977 553 quo
1010 500 1117 540 sacri
1149 500 1361 540 currimus
1393 512 1559 549 amnes,

407 568 504 610 Huc
537 568 633 610 ades
667 573 794 623 atque
826 568 925 610 audi
957 567 1172 623 placidus,
1207 568 1428 624 Neptune,
1461 574 1717 625 precantem.

406 638 521 680 Huic
553 653 634 695 ego
668 652 796 693 quam
829 644 949 694 porto
981 640 1128 688 nocui,
1164 641 1199 680 si
1233 641 1352 681 mitis
1386 644 1428 681 et
1459 653 1646 695 aequus,

409 709 456 752 Si
486 713 607 765 pater
639 709 931 765 Hippodamas
962 713 1036 751 aut
1067 711 1102 751 si
1133 711 1275 752 minus
1307 712 1467 766 impius
1500 715 1633 761 esset,

411 779 569 822 Debuit
599 779 718 822 illius
749 781 965 831 misereri,
997 781 1215 836 ignoscere
1246 781 1391 831 nobis,

227 849 298 893 vel
327 852 372 892 in
403 851 493 892 his:

411 920 493 964 Oui
525 921 736 976 quondam
769 920 898 963 tellus
930 920 1072 964 clausa
1102 924 1165 963 est
1196 921 1364 963 feritate
1396 925 1588 977 paterna,

411 992 532 1035 Hanc
565 1006 729 1048 quoque
764 991 1032 1047 complectar.
1067 992 1211 1034 Movit
1242 996 1369 1048 caput
1401 1006 1633 1048 aequoreus
1663 1006 1738 1035 rex

412 1062 718 1118 Concussitque
750 1064 838 1104 suis
871 1077 1015 1105 omnes
1050 1063 1290 1105 assensibus
1322 1063 1468 1105 undas.

412 1133 630 1175 Extimuit
660 1133 871 1190 nymphe:
906 1134 1033 1175 nabat
1065 1138 1222 1176 tamen.
1254 1133 1351 1189 Ipse
1381 1135 1568 1176 natantis

413 1204 587 1246 Pectora
618 1204 846 1260 tangebam
878 1204 1042 1259 trepido
1074 1203 1267 1246 salientia
1298 1208 1419 1246 motu

412 1274 611 1330 Dumque
642 1288 690 1316 ea
720 1277 958 1324 contrecto,
991 1278 1134 1316 totum
1168 1274 1386 1318 durescere
1418 1275 1529 1316 sensi

415 1344 577 1400 Corpus
609 1348 651 1386 et
680 1344 866 1386 inductis
899 1343 1023 1385 condi
1054 1344 1297 1399 praecordia
1330 1345 1476 1394 terris,

234 1415 359 1458 video
391 1415 502 1471 quod
532 1414 683 1457 Ovidio
715 1414 839 1470 plane
872 1416 928 1456 sit
961 1414 1211 1470 indignum,
1247 1414 1318 1456 sed
1350 1413 1489 1456 multa
1522 1428 1629 1469 quae
1660 1414 1711 1455 ab
1738 1412 1820 1455 alio

235 1487 360 1530 scribi
404 1488 592 1542 potuisse
634 1499 716 1527 non
760 1485 942 1527 credam.
986 1484 1069 1527 Hic
1113 1499 1279 1540 quoque
1321 1486 1512 1527 evenisse
1544 1484 1707 1540 aliquid
1738 1498 1822 1526 non

234 1557 452 1599 diversum
495 1556 546 1598 ab
588 1569 636 1598 ea
668 1569 711 1598 re
744 1557 946 1610 suspicor,
981 1555 1030 1596 de
1062 1569 1144 1610 qua
1175 1554 1227 1596 ad
1258 1554 1292 1605 I,
1328 1554 1412 1596 544
1448 1556 1632 1611 egimus.
1666 1554 1823 1596 Versus

234 1631 299 1670 sat
324 1626 484 1670 multos
512 1627 612 1669 huic
637 1626 729 1668 loco
757 1630 878 1681 aptos
905 1627 1086 1681 raptim,
1111 1625 1253 1667 labore
1281 1627 1454 1682 egregie
1478 1625 1753 1681 procedente,
1778 1626 1823 1666 in

234 1697 423 1740 chartam
440 1701 563 1753 poeta
581 1699 827 1747 coniecerat,
845 1696 916 1738 sed
933 1696 1123 1738 nondum
1141 1710 1285 1738 secum
1303 1699 1512 1739 statuerat
1529 1710 1633 1752 quos
1645 1695 1824 1738 illorum

233 1769 453 1819 retineret,
480 1781 584 1823 quos
612 1768 831 1809 abiiceret:
861 1766 1025 1822 aliquos
1052 1780 1141 1809 esse
1159 1766 1414 1809 abiiciendos
1432 1767 1650 1809 constabat
1666 1770 1822 1809 tamen.

236 1837 466 1894 Exemplar
497 1842 640 1880 autem
673 1837 860 1880 nondum
892 1841 1180 1892 expurgatum
1211 1839 1254 1878 in
1289 1851 1440 1879 manus
1472 1838 1709 1879 amicorum
1735 1850 1827 1892 per-

237 1912 422 1950 venerat.
466 1908 512 1950 In
554 1908 810 1950 editionibus
852 1908 1009 1948 nostris
1052 1908 1196 1948 omnia
1236 1908 1320 1949 ista
1361 1907 1462 1949 ferri
1505 1921 1589 1949 non
1622 1909 1825 1962 possunt,

238 1992 362 2028 nam,
405 1977 518 2033 quod
560 1978 793 2019 rectissime
836 1977 1032 2018 observat
1074 1975 1325 2027 Ehwaldus,
1370 1991 1517 2019 versus
1559 1978 1632 2032 qui
1676 1990 1700 2018 a
1734 1976 1827 2016 dum

241 2049 378 2104 loquor
415 2049 568 2103 incipit
603 2049 750 2089 statim
781 2048 918 2102 ipsam
950 2047 1182 2088 orationem
1217 2046 1423 2088 directam
1456 2046 1579 2088 debet
1610 2047 1826 2101 excipere,

242 2123 437 2174 recteque
468 2118 667 2159 statuisse
698 2116 795 2158 illos
828 2130 975 2158 censeo
1008 2117 1081 2171 qui
1114 2117 1174 2157 sic
1206 2115 1436 2158 ediderint:

423 2187 583 2243 Excepi
615 2190 872 2241 nantemque
905 2186 1040 2228 ferens
1076 2200 1128 2236 „o
1160 2187 1355 2240 proxima
1387 2185 1539 2237 mundi

423 2258 570 2313 Regna
601 2256 765 2313 vagae’'
800 2256 889 2298 dixi
923 2257 1100 2306 „sortite
1134 2256 1372 2297 tridentifer
1404 2255 1554 2305 undae,

423 2326 539 2370 Affer
569 2341 717 2382 opem,
751 2340 1015 2381 mersaeque,
1050 2340 1208 2381 precor,
1241 2326 1410 2367 feritate
1438 2328 1613 2380 paterna

426 2397 511 2447 Da,
545 2397 766 2452 Neptune,
799 2395 963 2447 locum;
998 2395 1069 2439 vel
1100 2397 1156 2437 sit
1187 2394 1305 2437 locus
1336 2396 1427 2450 ipsa
1457 2393 1647 2436 licebit.''

427 2466 541 2509 Dum
573 2466 725 2522 loquor
755 2480 790 2508 e.
809 2480 847 2521 q.
867 2480 899 2508 s.

247 2537 293 2580 Si
324 2539 418 2593 quis
451 2541 592 2579 tamen
620 2550 713 2578 mea
740 2540 880 2591 spreta
907 2537 1115 2578 sententia
1142 2534 1192 2577 de
1217 2533 1519 2589 interpolatore
1547 2533 1617 2575 hic
1645 2534 1832 2590 cogitare

248 2607 440 2655 mavult,
473 2607 573 2648 huic
605 2620 684 2662 ego
717 2605 956 2648 adversario
990 2605 1103 2647 ultro
1137 2604 1262 2646 affero
1296 2606 1624 2659 argumentum,
1658 2603 1833 2645 fortasse

250 2692 335 2720 non
376 2676 482 2719 leve.
528 2675 788 2718 simillimus
821 2679 884 2717 est
914 2676 984 2717 hic
1013 2675 1132 2717 locus
1165 2674 1233 2716 illi
1265 2688 1286 2716 0
1318 2673 1427 2715 libro
1458 2674 1478 2715 I
1511 2673 1561 2714 de
1593 2686 1676 2728 quo
1707 2673 1833 2715 modo

251 2747 465 2789 dicebam:
498 2746 724 2800 utrobique
754 2745 967 2787 undarum
1000 2759 1157 2787 numen
1189 2743 1458 2799 imploratur.
1492 2742 1586 2784 Non
1618 2756 1719 2798 ergo
1745 2744 1834 2785 sine

251 2819 341 2859 veri
384 2817 520 2872 specie
551 2815 733 2871 quadam
767 2815 1017 2857 contendere
1049 2816 1181 2870 possit
1212 2813 1364 2868 aliquis
1397 2812 1577 2854 eundem
1611 2813 1835 2868 utrobique

249 2888 384 2928 teneri
415 2885 647 2935 falsarium,
668 2899 793 2940 quem
813 2886 1024 2927 eiusmodi
1041 2885 1289 2940 praesertim
1308 2896 1508 2924 exornare
1524 2882 1635 2924 locos
1652 2885 1834 2924 iuvaret.

252 2957 309 2997 At
342 2955 452 2996 mihi
485 2959 629 2997 contra
660 2968 783 3009 opem
818 2954 900 2996 fert
931 2955 1114 2996 conditio
1149 2967 1348 2995 versuum
1379 2951 1629 3004 651-656,
1657 2954 1768 2994 sicut
1791 2954 1835 2993 in

1600 3030 1620 3061 9
