2034 3334
1057 385 1143 427 134

358 521 570 579 quendam
618 521 864 576 corruptum
914 530 1065 562 sanare
1111 519 1342 573 tentarunt,
1386 516 1504 560 addit
1547 515 1848 560 Burmannus:
1837 493 1992 567 ,ffiynj
2004 481 2034 582 ἦ

536 628 631 684 „Ex
661 628 729 671 his
761 628 918 684 eligant
947 626 1156 683 Propertii
1187 626 1372 670 cultores
1402 627 1528 683 periti
1555 626 1670 683 quod
1699 628 1850 684 poetae

473 706 645 762 ingenio
676 707 865 748 maxime
895 703 1260 747 accommodatum
1292 701 1527 747 videatur.'’

353 822 504 879 Neque
534 826 676 865 tamen
707 822 823 864 viros
857 821 1016 876 doctos,
1051 822 1127 877 qui
1158 833 1276 863 nuno
1300 819 1521 877 Propertio
1548 820 1650 864 dant
1667 833 1852 878 operam,

354 899 611 943 condemno:
645 912 745 954 non,
776 899 902 954 enim,
930 898 1083 953 hercle,
1107 899 1145 940 is
1173 911 1270 940 sum
1298 898 1368 940 cui
1397 897 1448 941 de
1464 897 1614 941 alienis
1630 896 1849 941 laboribus

354 988 500 1020 severe
544 975 733 1018 iudicare
778 975 901 1018 liceat
945 975 1150 1029 libeatve3
1195 977 1236 1018 et
1279 977 1344 1018 est
1387 974 1596 1031 quaedam
1636 975 1848 1019 editorum

353 1053 459 1095 ratio
483 1052 660 1094 minime
686 1052 841 1107 inepta,
871 1052 947 1107 qui
972 1051 1202 1094 lectoribus
1219 1051 1607 1108 manuscriptorum
1625 1051 1849 1096 lectionem

355 1141 485 1185 quam
517 1128 835 1171 accuratissime
866 1131 1183 1183 repraesentare
1215 1128 1426 1184 studeant,
1451 1140 1594 1185 neque
1620 1128 1751 1172 ullam
1779 1128 1851 1172 ad-

354 1205 526 1247 mittant
568 1204 908 1247 emendationem
951 1217 1061 1260 quae
1093 1217 1179 1246 non
1211 1206 1296 1247 tam
1329 1206 1444 1247 certa
1475 1205 1531 1248 sit
1560 1207 1602 1248 et
1633 1204 1852 1262 explorata

354 1283 405 1324 ut
436 1280 556 1323 nulla
586 1283 802 1323 remaneat
834 1280 1058 1323 dubitandi
1090 1293 1231 1324 causa.
1264 1279 1347 1324 Sed
1379 1281 1494 1337 quod
1519 1281 1752 1324 nemodum
1777 1281 1852 1325 illa

354 1356 596 1399 Burmanni
628 1357 917 1400 admonitione
946 1359 1167 1412 tamquam
1197 1357 1475 1400 fundamento
1502 1371 1610 1401 usus
1636 1359 1852 1402 emateria

355 1432 644 1489 Propertiana,
676 1433 713 1476 si
742 1446 830 1475 non
856 1434 999 1489 ipsum
1025 1433 1306 1490 Propertium,
1322 1437 1465 1478 tamen
1480 1434 1668 1491 aliquem
1683 1437 1851 1491 poetam

355 1508 564 1565 Propertii
597 1522 726 1565 quam
758 1509 1023 1553 simillimum
1055 1510 1230 1554 reficere
1260 1513 1438 1572 conatus
1464 1513 1540 1567 est,
1565 1511 1645 1554 hoc
1671 1514 1713 1554 et
1729 1510 1852 1555 doleo

356 1587 398 1628 et
444 1586 585 1628 miror.
631 1585 742 1628 Nam
782 1587 1000 1629 innumeri
1042 1587 1215 1643 quidem
1255 1586 1467 1643 Propertii
1506 1587 1591 1631 loci
1619 1588 1680 1631 ita
1708 1587 1852 1631 traditi

356 1665 458 1704 sunt
502 1665 552 1704 ut
597 1665 671 1705 aut
715 1662 836 1705 nulla
881 1664 1044 1706 ratione
1083 1664 1266 1720 intelligi
1305 1664 1484 1720 possint,
1525 1666 1600 1707 aut
1641 1663 1853 1708 eiusmodi

355 1738 578 1794 requirant
622 1739 963 1796 explicationem,
1007 1754 1092 1796 qua
1134 1742 1321 1783 sermoni
1362 1740 1514 1784 Latino
1558 1742 1622 1784 vis
1661 1740 1747 1797 fiat,
1777 1738 1854 1784 sed

356 1815 434 1857 vix
477 1815 595 1858 ullus
641 1803 788 1859 eorum
835 1820 899 1860 est
941 1818 1047 1873 quin
1088 1818 1140 1861 de
1171 1831 1221 1861 eo
1253 1821 1394 1862 exstet
1424 1818 1569 1875 aliqua
1598 1819 1853 1871 coniectura,

355 1890 517 1933 incerta
558 1891 731 1947 quidem
774 1893 850 1935 sed
891 1893 1043 1949 lepida,
1073 1894 1256 1951 elegans,
1287 1897 1481 1937 venusta.
1512 1893 1721 1938 Veterum
1751 1906 1853 1938 vero

359 1966 622 2010 Batavorum
667 1968 980 2025 philologorum
1027 1983 1076 2013 ea
1117 1970 1200 2014 fuit
1239 1972 1496 2027 praestantia
1527 1974 1576 2014 ut
1606 1971 1854 2028 saepissime

357 2046 443 2086 tres
489 2056 638 2087 eorum
680 2049 917 2111 quatuorve
959 2060 1038 2090 suo
1082 2048 1267 2104 quisque
1308 2047 1432 2090 modo
1464 2047 1649 2091 eundem
1677 2060 1853 2094 versum

357 2121 569 2177 corrigere
600 2123 739 2164 conati
771 2124 858 2166 sint
884 2125 1141 2168 coniecturis
1167 2125 1279 2167 inter
1309 2138 1416 2181 quas
1443 2124 1627 2168 difficilis
1653 2125 1710 2167 sit
1726 2125 1854 2182 optio,

357 2198 418 2239 ita
449 2210 596 2241 omnes
637 2199 781 2242 nescio
819 2201 922 2255 quid
955 2200 1220 2257 Propertiani
1253 2200 1421 2256 habent,
1452 2202 1512 2244 ita
1543 2214 1694 2244 omnes
1724 2201 1855 2244 docu-

359 2277 501 2316 mento
532 2278 635 2318 sunt
665 2288 811 2319 earum
842 2281 1036 2321 auctores
1066 2279 1454 2334 praestantissimos
1484 2278 1619 2321 fuisse
1648 2278 1701 2321 de
1733 2278 1855 2335 poesi

358 2349 512 2393 Latina
543 2351 737 2407 iudices„
749 2355 914 2408 poetica
937 2353 1139 2398 facultate
1167 2356 1241 2397 vix
1266 2356 1348 2411 ipsi
1375 2355 1597 2411 Propertio
1614 2354 1682 2398 vel
1700 2353 1854 2398 Ovidio

359 2427 592 2471 inferiores.
649 2428 755 2471 Illae
809 2432 951 2473 tamen
1006 2430 1093 2474 fere
1144 2444 1292 2475 omnes
1338 2432 1385 2474 in
1433 2432 1559 2487 spissi
1606 2430 1855 2475 Santeniani

360 2503 591 2546 voluminis
636 2504 769 2549 latent
808 2506 1006 2562 tenebris,
1048 2521 1136 2550 una
1176 2508 1395 2564 alteraque
1441 2520 1588 2550 earum
1634 2511 1853 2564 tamquam

361 2580 464 2621 satis
521 2580 696 2623 evidens
742 2582 790 2623 in
831 2582 1018 2638 aliquem
1073 2586 1239 2626 textum
1287 2587 1352 2627 est
1394 2587 1574 2640 recepta,
1618 2583 1764 2640 plures
1808 2584 1856 2626 in

361 2656 657 2699 annotationes
715 2658 883 2701 criticas
930 2661 1032 2701 sunt
1079 2659 1300 2716 relegatae,
1348 2662 1511 2703 ceterae
1555 2672 1611 2702 ne
1655 2660 1855 2716 cognosci

364 2731 536 2786 quidem
567 2736 749 2787 possunt
779 2735 864 2777 nisi
895 2734 947 2777 ab
981 2748 1030 2777 eo
1064 2737 1139 2791 qui
1170 2739 1356 2779 veterem
1383 2737 1501 2779 illam
1517 2737 1746 2780 editionem
1762 2749 1854 2793 per·

363 2806 564 2848 volvendi
596 2807 783 2851 laborem
812 2823 899 2851 non
930 2810 1182 2854 reformidet.
1218 2811 1331 2862 Quid
1361 2825 1460 2868 ergo
1491 2813 1595 2855 mihi
1611 2813 1657 2855 in
1674 2813 1784 2856 votis
1799 2814 1855 2856 sit

363 2893 496 2937 rogas.
529 2882 801 2927 Exstiturum
827 2886 998 2929 tandem
1025 2888 1255 2943 aliquando
1282 2890 1424 2932 virum
1449 2890 1580 2933 latine
1595 2890 1858 2946 perdoctum,

2026 585 2034 652 ξ

2026 694 2034 776 l

2022 822 2034 891 i

2024 892 2034 980 ἒ
