2034 3334
968 250 1022 294 ‘71

202 373 331 414 nimis
368 371 519 415 lascivi
561 372 697 415 videri
737 375 922 429 possint,
969 371 1112 414 Ovidii
1144 372 1390 428 aequalibus
1422 387 1504 415 non
1536 376 1790 429 potuerunt:

202 455 336 497 aequo
383 443 498 484 enim
545 444 687 485 animo
734 441 956 486 Catullum
1004 442 1194 484 tulerant
1242 446 1283 484 et
1331 443 1521 485 ferebant
1567 441 1792 484 Tibullum

203 501 570 568 Propertiumque.
605 513 692 555 Nos
719 527 818 555 cum
846 515 988 568 pueris
1014 514 1169 555 nostris
1196 514 1345 555 Artem
1373 516 1554 555 tractare
1577 527 1790 564 veremur,

203 583 275 625 sed
316 587 489 638 propter
520 584 624 625 duos
655 583 953 626 tantummodo
985 583 1123 633 locos,
1158 584 1314 638 quibus
1346 583 1533 638 demptis
1565 584 1668 638 quid
1701 588 1791 626 tot-0

203 667 326 709 opere
356 657 487 695 restat
519 653 873 709 vituperandum,
908 653 1019 709 quod
1050 668 1133 695 non
1163 657 1353 695 recurrat
1379 654 1493 708 apud
1525 668 1672 696 omnes
1699 668 1794 709 poe-

204 728 269 766 tas
312 727 401 766 tam
434 723 589 766 latinos
623 738 751 779 quam
785 723 992 774 Graecos,
1024 729 1131 779 quos
1163 726 1305 779 pueris
1339 724 1490 766 damus
1523 722 1792 766 ediscendos?

203 793 267 836 De
300 808 444 836 amore
477 796 634 850 agitur,
669 796 779 845 scio,
812 798 939 849 atque
971 794 1072 836 adeo
1102 794 1152 836 de
1180 798 1269 836 arte
1296 794 1468 836 amandi
1496 819 1551 825 -—
1581 794 1653 836 sed
1679 809 1793 850 pror-

204 878 276 906 sus
309 864 458 906 eodem
490 864 616 907 modo
649 879 731 920 quo
757 866 802 905 in
835 863 1024 906 Terentii
1056 863 1286 919 Plautique
1320 863 1489 906 fabulis.
1525 864 1618 906 Hoc
1650 863 1794 906 Ovidii

202 947 372 976 carmen
414 935 450 975 si
492 948 543 976 ex
585 935 718 976 animi
760 935 968 976 sententia
1009 935 1173 976 veritus
1215 938 1279 976 est
1310 934 1537 990 Augustus
1569 948 1622 976 ne
1653 948 1792 976 mores

201 1005 365 1047 civium
407 1019 582 1046 suorum
625 1008 936 1060 corrumperet,
982 1004 1130 1060 quidni
1171 1003 1378 1046 aedilibus
1418 1005 1535 1047 dedit
1566 1006 1791 1060 negotium

200 1078 338 1117 totam
380 1076 450 1121 τὴν
493 1075 584 1115 νέαν
627 1075 839 1127 κωμῳδίαν
872 1089 971 1117 cum
1003 1075 1200 1117 omnibus
1233 1076 1324 1117 eius
1358 1075 1622 1117 versionibus
1655 1079 1792 1117 conta-

201 1146 593 1201 minationibusque
617 1145 762 1188 latinis
790 1146 1064 1201 conquirendi
1092 1149 1133 1187 et
1158 1147 1202 1187 in
1230 1145 1319 1188 foro
1346 1144 1651 1187 comburendi?
1679 1145 1792 1187 Nam

198 1230 371 1272 prorsus
403 1216 580 1258 eandem
612 1231 702 1259 rem
735 1221 888 1258 tractat
917 1216 1097 1259 Ovidius
1123 1218 1165 1257 in
1195 1217 1298 1258 Arte
1326 1220 1452 1271 atque
1480 1216 1627 1259 eodem
1650 1217 1790 1259 modo.

198 1285 331 1328 Illum
374 1301 564 1329 amorem
596 1286 740 1337 docet,
774 1289 847 1342 qui
881 1287 992 1342 apud
1022 1287 1235 1329 Romanos
1269 1301 1468 1328 concessus
1500 1291 1542 1329 et
1573 1287 1655 1329 fuit
1686 1301 1793 1329 sem-

201 1370 276 1412 per
307 1361 348 1399 et
380 1357 519 1398 dictus
551 1361 626 1399 est.
660 1356 900 1399 Identidem
934 1356 1090 1399 clamat
1119 1359 1234 1412 ipse:

222 1427 254 1476 Ι,
290 1427 343 1469 31
363 1441 451 1483 sqq.
485 1427 586 1470 Este
618 1427 789 1483 procul,
822 1429 958 1470 vittae
991 1431 1159 1478 tenues,
1192 1428 1363 1483 insigne
1398 1427 1592 1482 pudoris,

547 1498 745 1554 Quaeque
777 1500 888 1554 tegis
920 1498 1083 1540 medios
1115 1499 1265 1539 instita
1295 1497 1423 1553 longa
1454 1497 1592 1553 pedes.

487 1567 573 1611 Nos
605 1567 813 1610 Venerem
845 1572 987 1610 tutam
1019 1582 1295 1623 concessaque
1329 1568 1443 1610 furta
1475 1582 1697 1620 canemus,

548 1638 679 1694 Inque
710 1653 806 1681 meo
837 1637 1007 1680 nullum
1041 1639 1226 1680 carmine
1256 1639 1415 1680 crimen
1447 1640 1540 1680 erit.

199 1708 254 1760 II,
289 1708 374 1751 559
393 1723 452 1765 sq.
485 1709 573 1759 En,
606 1711 765 1751 iterum
799 1713 950 1752 testor:
986 1708 1096 1750 nihil
1127 1709 1196 1750 hic
1228 1710 1311 1750 nisi
1341 1708 1436 1764 lege
1469 1710 1696 1751 remissum

547 1779 752 1831 Luditur;
784 1781 828 1821 in
860 1781 1016 1822 nostris
1047 1781 1196 1821 instita
1228 1779 1346 1821 nulla
1375 1781 1490 1822 iocis.

259 1849 338 1901 Et,
387 1864 438 1892 ne
486 1849 611 1903 ullus,
642 1852 884 1892 immeritae
928 1850 1244 1906 reprehensioni
1285 1850 1402 1892 locus
1446 1854 1600 1901 restet,
1646 1850 1787 1906 palam

203 1924 346 1962 monet
378 1919 472 1972 (III,
508 1920 593 1961 613
613 1926 715 1975 sq.):

488 1990 634 2046 Nupta
666 1992 811 2032 virum
843 1992 994 2033 timeat
1005 2005 1015 2042 3
1049 1998 1140 2033 rata
1171 1993 1227 2033 sit
1259 1991 1450 2033 custodia
1481 2000 1663 2047 nuptae:

552 2060 644 2102 Hoc
675 2061 816 2111 decet,
849 2062 927 2103 hoc
957 2060 1076 2116 leges
1107 2063 1258 2116 iusque
1291 2061 1509 2116 pudorque
1540 2063 1688 2104 iubent

202 2134 251 2173 ut
282 2132 413 2173 mirer
444 2130 632 2172 nondum
665 2133 865 2186 cuiquam
896 2132 1090 2173 virorum
1123 2131 1368 2182 doctorum,
1404 2133 1478 2186 qui
1511 2131 1711 2174 fabellam
1739 2133 1790 2175 de

202 2201 355 2244 Ovidio
397 2204 571 2256 propter
613 2202 763 2243 Artem
806 2203 1061 2243 amatoriam
1102 2203 1149 2242 in
1191 2201 1390 2243 exsilium
1423 2203 1554 2244 misso
1589 2203 1788 2245 omnibus

201 2271 338 2313 modis
381 2271 601 2313 defendere
644 2275 686 2313 et
718 2273 849 2313 tutari
881 2271 1102 2322 studeant,
1135 2273 1179 2313 in
1211 2276 1399 2313 mentem
1432 2274 1599 2314 venisse
1629 2275 1789 2316 coniec-

202 2345 346 2384 turam
384 2341 434 2383 de
466 2341 660 2383 versibus
692 2341 780 2383 illis
811 2346 957 2397 postea
986 2355 1009 2383 a
1040 2345 1164 2396 poeta
1195 2343 1365 2383 insertis
1398 2356 1497 2384 cum
1526 2341 1675 2385 lascivi
1705 2357 1790 2385 car-

203 2413 333 2454 minis
377 2425 555 2467 poenam
597 2415 671 2453 aut
710 2413 798 2453 iam
831 2412 992 2453 subiret
1026 2416 1100 2454 aut
1132 2416 1322 2454 metuere
1356 2414 1574 2468 inciperet.
1607 2413 1719 2455 Nam
1751 2415 1788 2455 si

200 2483 424 2538 Augustus
458 2481 500 2523 et
533 2485 621 2523 toto
653 2483 839 2523 carmine
869 2481 977 2524 lecto
1009 2482 1050 2523 et
1082 2482 1290 2524 eiusmodi
1323 2484 1508 2538 cognitis
1541 2487 1688 2537 poetae
1720 2498 1787 2526 ex-

200 2552 506 2601 cusationibus,
535 2565 639 2606 quas
665 2553 800 2593 iustas
826 2565 1031 2606 verasque
1059 2566 1148 2594 esse
1175 2566 1257 2594 non
1283 2556 1424 2607 posset
1446 2566 1623 2608 negare,
1642 2556 1786 2596 tamen

200 2624 289 2663 tam
331 2623 456 2677 gravi
499 2635 598 2663 eum
641 2621 909 2663 afficiendum
943 2635 1075 2676 poena
1107 2623 1292 2671 censuit,
1326 2623 1400 2676 qui
1431 2624 1574 2677 potuit
1606 2622 1786 2666 Horatio

200 2705 282 2733 non
323 2693 541 2748 ignoscere
583 2690 746 2740 solum,
787 2705 886 2733 cum
918 2693 1213 2746 turpissimam
1243 2691 1365 2732 illam
1398 2691 1585 2734 Satiram
1616 2692 1649 2743 1,
1684 2693 1710 2734 2
1741 2695 1785 2735 in

199 2761 339 2803 lucem
371 2763 602 2810 emisisset,
637 2761 708 2802 sed
741 2762 870 2802 etiam
903 2762 1014 2802 inter
1046 2760 1345 2803 dilectissimos
1377 2775 1475 2803 eum
1504 2763 1657 2805 habere
1684 2765 1787 2805 ami-

201 2845 271 2873 cos
303 2835 346 2873 et
377 2831 636 2873 carminibus
669 2832 759 2872 eius
794 2845 836 2872 se
869 2831 1141 2872 vehementer
1173 2830 1371 2873 delectari
1397 2831 1538 2886 palam
1565 2832 1785 2888 proloqui?

203 2901 345 2952 Quod,
379 2902 569 2950 obsecro,
605 2901 750 2943 Ovidii
780 2902 862 2942 Ars
895 2902 1016 2943 bonis
1044 2901 1235 2943 moribus
1262 2902 1507 2944 minabatur
1532 2903 1784 2958 periculum,

203 2971 314 3026 quod
343 2970 418 3013 illa
450 2973 580 3012 satira
609 2985 692 3013 non
724 2969 949 3013 attulerit?
981 2970 1231 3014 Garminum
1261 2971 1481 3014 lasciviam
1509 2978 1559 3014 ut
1575 2978 1787 3016 metueret
