2034 3334
968 271 1023 315 35

382 395 540 437 Tristia
571 394 691 437 mille
722 394 824 437 locis
857 393 1039 451 Stygius
1071 392 1189 435 dedit
1219 394 1362 435 omina
1383 391 1415 444 ยน)
1446 393 1572 443 bubo,

383 466 510 508 Mille
540 465 646 508 locis
678 465 921 507 lacrimavit
953 465 1059 506 ebur
1089 467 1325 519 cantusque
1354 463 1549 506 feruntur

386 536 536 578 Auditi
569 538 723 578 sanctis
756 541 798 577 et
829 535 959 577 verba
988 535 1198 576 minantia
1228 533 1349 576 lucis.

202 607 296 663 Ipse
328 606 502 649 consilio
530 621 605 649 suo
635 607 802 648 obstitit
829 610 974 661 poeta,
1002 619 1097 647 cum
1126 619 1275 647 versus
1303 604 1500 660 explendi
1526 618 1651 647 causa
1677 604 1794 647 istud

195 678 398 734 feruntur
439 680 637 733 poneret,
681 690 780 718 nam
822 690 935 718 nunc
980 675 1114 718 videri
1157 679 1268 718 certe
1300 675 1543 731 legentibus
1574 678 1714 731 potest
1745 675 1796 717 de

204 749 386 790 veritate
427 751 722 803 portentorum
762 745 939 788 illorum
971 746 1155 787 dubitare
1186 746 1284 800 ipse.
1319 746 1463 798 Quod,
1496 750 1546 788 ut
1578 747 1739 802 opinor,
1773 759 1797 788 a

205 819 421 875 proposito
453 820 546 861 eius
578 831 707 874 quam
738 819 927 861 maxime
960 821 1023 859 est
1056 816 1259 859 alienum.

267 887 353 932 817
381 903 470 945 sqq.
514 888 743 939 Venerem,
786 889 837 930 ob
880 887 1050 930 caedem
1091 886 1195 929 Iulii
1237 886 1427 931 Caesaris
1468 886 1692 939 afflictam,
1737 889 1797 930 sic

204 959 446 1003 consolatur
486 959 651 1015 Iupiter
689 964 739 1001 ut
781 960 821 1001 ei
862 963 1003 1001 narret
1045 972 1152 1014 quae
1192 959 1236 1000 in
1269 957 1500 1000 Parcarum
1537 958 1660 1000 libris
1692 958 1797 1001 olim

204 1030 360 1087 legerit
390 1032 504 1086 ipse:

388 1100 471 1142 Hic
505 1113 582 1142 sua
613 1098 870 1155 complevit,
903 1113 979 1154 pro
1010 1112 1116 1154 quo,
1150 1097 1388 1155 Cytherea,
1421 1098 1610 1151 laboras,

388 1169 618 1225 Tempora,
652 1170 871 1225 perfectis,
906 1183 1010 1225 quos
1042 1174 1178 1211 terrae
1209 1168 1380 1220 debuit,
1414 1171 1548 1212 annis.

388 1240 447 1282 Ut
480 1240 583 1282 deus
615 1239 783 1282 accedat
813 1238 926 1281 caelo
959 1238 1215 1295 templisque
1248 1238 1426 1290 colatur,

391 1310 456 1352 Tu
488 1311 614 1353 facies
646 1314 855 1366 natusque
888 1323 1013 1352 suus:
1048 1311 1123 1365 qui
1153 1311 1338 1352 nominis
1370 1310 1491 1352 heres

389 1381 649 1437 Impositum
678 1380 785 1422 feret
818 1394 930 1422 unus
962 1394 1068 1422 onus
1099 1382 1294 1435 caesique
1326 1382 1514 1435 parentis

390 1451 478 1493 Nos
508 1453 551 1492 in
585 1450 696 1492 bella
729 1465 827 1492 suos
859 1450 1121 1492 fortissimus
1154 1449 1271 1492 ultor
1302 1450 1486 1493 habebit.

208 1522 374 1566 Ultima
400 1524 474 1565 vix
500 1526 676 1578 possunt
702 1520 915 1576 intelligi,
945 1524 1063 1563 tanto
1090 1526 1189 1563 sunt
1214 1523 1328 1563 inter
1354 1535 1398 1563 se
1424 1523 1562 1577 spatio
1589 1521 1801 1578 dirempta

209 1593 317 1635 ultor
347 1598 390 1635 et
420 1594 640 1649 genitivus
672 1592 769 1634 inde
802 1591 987 1647 pendens
1019 1591 1124 1632 eaesi
1147 1592 1347 1645 parentis.

275 1662 362 1705 823
730 1661 952 1705 Pharsalia
984 1663 1139 1704 sentiet
1170 1661 1299 1704 illum
1333 1667 1405 1714 (sc.
1440 1662 1742 1716 Octavianum)

393 1733 677 1788 Emathiaque
708 1734 868 1774 iterum
899 1732 1129 1775 madefient
1161 1733 1284 1774 caede
1315 1732 1521 1789 Philippi.

213 1805 380 1846 Mirum
419 1805 464 1845 in
505 1803 681 1846 modum
723 1803 792 1845 hic
832 1802 1064 1845 Pharsalus
1107 1807 1153 1845 et
1190 1802 1382 1859 Philippi
1414 1805 1526 1846 inter
1556 1819 1599 1847 se
1633 1806 1804 1848 confun-

213 1874 386 1925 duntur,
428 1878 470 1916 et
512 1873 720 1916 vocabula
763 1874 951 1915 Emathia
984 1875 1101 1915 caede
1132 1875 1178 1915 in
1209 1875 1460 1930 nescioquos
1493 1888 1654 1918 errores
1684 1876 1805 1919 indu-

213 1949 316 1988 cunt
346 1944 576 2000 legentem.

275 2014 361 2057 829
394 2014 457 2056 De
483 2014 628 2056 futuro
645 2015 835 2070 Augusti
852 2015 1034 2069 imperio
1052 2017 1094 2056 et
1111 2013 1196 2056 alia
1212 2014 1422 2057 declamat
1438 2015 1603 2071 Iupiter
1619 2020 1661 2059 et
1676 2017 1802 2060 haec:

395 2084 506 2136 Quid
537 2085 617 2126 tibi
649 2085 912 2134 barbariam,
941 2090 1076 2136 yentes
1110 2086 1157 2125 ab
1189 2090 1354 2140 utroque
1385 2086 1557 2128 iacentes

404 2155 554 2195 Oceano
586 2152 836 2196 numerem?

217 2224 433 2268 Vocabula
465 2227 610 2267 notata
642 2237 724 2279 quo
756 2237 880 2265 sensu
913 2223 1025 2265 dicta
1055 2225 1141 2265 sint
1174 2225 1372 2279 equidem
1405 2239 1489 2267 non
1522 2227 1743 2282 perspicio.

280 2294 367 2337 832
415 2295 535 2337 Idem
565 2293 641 2336 ille
674 2294 921 2349 Augustus,
959 2295 1214 2336 vaticinante
1246 2295 1366 2337 Iove:

402 2365 510 2407 Pace
542 2364 639 2406 data
670 2366 794 2406 terris
826 2366 1020 2406 animum
1052 2363 1103 2406 ad
1134 2364 1279 2407 civilia
1311 2369 1450 2408 vertet

402 2434 501 2477 Iura
533 2448 673 2477 suum.

219 2505 384 2558 Quanto
416 2508 648 2560 praestaret
679 2508 822 2546 totum
853 2503 964 2545 illud
994 2519 1106 2545 suum
1139 2505 1338 2546 omittere
1371 2518 1500 2560 quam
1530 2505 1600 2548 hic
1631 2506 1807 2561 ponerel

219 2575 302 2618 Sed
333 2579 470 2617 metro
502 2574 657 2616 habilis
687 2574 764 2616 illa
796 2588 879 2616 vox
911 2577 997 2623 est,
1031 2578 1170 2616 cetera
1201 2581 1326 2629 poeta
1357 2589 1439 2616 non
1473 2580 1605 2618 curat.

284 2645 371 2687 834
398 2659 487 2701 sqq.
536 2644 605 2687 Sic
636 2646 850 2700 pergitur:

797 2713 1018 2769 Legesque
1050 2713 1157 2755 feret
1187 2715 1451 2757 iustissimus
1484 2720 1630 2758 auctor

406 2784 700 2840 Exemploque
732 2798 808 2826 suo
839 2798 980 2825 mores
1011 2788 1133 2839 reget
1165 2784 1284 2839 inque
1302 2785 1451 2840 futuri

409 2855 606 2909 Temporis
637 2859 803 2896 aetatem
837 2859 1161 2909 venturorumque
1191 2859 1372 2907 nepotum

275 3015 311 3056 1)
336 3016 431 3057 Quod
454 3015 486 3047 in
510 3015 648 3047 editione
675 3014 835 3046 Korniana
859 3013 911 3044 hic
933 3012 1038 3045 omnia
1059 3013 1176 3055 legitur
1199 3024 1307 3046 errore
1332 3015 1451 3057 opificis
1471 3016 1590 3048 factum
1613 3017 1758 3049 coniicio.
