2034 3334
967 375 1052 416 226

217 502 355 542 facete
396 500 611 551 significet
652 511 783 550 quam
825 501 963 541 bonus
1004 502 1063 541 sit
1094 502 1361 553 diligensque
1393 505 1594 546 auditor?
1626 484 1824 558 Quique*
1858 487 1934 530 3³·

216 579 309 618 tam
346 577 454 617 bene
486 579 663 627 tamque
695 577 854 617 diserte
885 577 1100 627 significet
1130 579 1293 620 domini
1325 580 1600 623 incommoda
1629 593 1677 623 se
1707 582 1791 624 sibi

184 650 188 657 '
216 653 338 693 illata
378 655 562 703 putare?
604 653 701 693 Iure
742 653 859 693 enim
901 654 1143 704 meritoque
1178 656 1387 696 vocabulo
1418 658 1630 699 Andria
1659 669 1790 700 suum

215 729 445 780 adscripsit
486 730 625 769 mire
668 729 923 769 Scholiasta.
967 730 1141 780 Nempe·
1172 731 1252 772 hoc
1292 742 1377 772 uno
1410 733 1618 774 vocabulo
1649 735 1790 776 multa

215 806 319 846 dicit
351 806 486 856 Sosia,
520 807 564 846 et
595 808 806 855 quantum
839 806 944 846 illud
976 807 1036 846 sit
1067 810 1269 848 exortum
1301 810 1552 860 periculum,
1587 812 1632 851 et
1657 821 1789 861 quam

213 884 386 932 penitus
427 885 556 932 atque
597 884 701 933 toto,
745 885 794 923 ut
835 883 968 934 aiunt,
1007 885 1178 933 pectore
1210 885 1302 925 eius
1328 886 1623 935 persentiscat
1650 889 1788 938 gravi-

213 961 374 999 tatem:
409 960 500 1009 ipse
533 960 650 999 enim
682 961 909 1008 tamquam
941 970 1101 999 nomen
1132 961 1194 1000 illi
1226 962 1301 1000 dat
1331 962 1534 1011 periculo.

273 1035 394 1075 Idem
426 1036 529 1075 illud
563 1029 666 1087 ἧθος
698 1036 947 1085 agnoscitur
975 1036 1019 1075 in
1052 1046 1136 1076 uno
1171 1037 1299 1077 verbo
1331 1039 1495 1078 teneo
1527 1049 1611 1088 quo
1636 1049 1701 1080 vs.
1731 1041 1787 1082 85

214 1113 361 1163 utitur,
410 1112 483 1151 ubi
529 1123 680 1151 senem
728 1113 943 1152 dicentem
991 1113 1157 1152 audivit
1203 1113 1485 1163 „Chrysidem
1529 1115 1789 1157 ...Andriae

212 1189 274 1228 illi
314 1189 356 1228 id
398 1190 492 1228 erat
532 1190 735 1229 nomen.''
779 1190 861 1229 Sed
893 1190 1035 1239 magis
1067 1190 1200 1230 etiam
1233 1191 1277 1230 in
1309 1191 1384 1231 illa
1413 1202 1567 1232 versus
1602 1193 1684 1233 105
1717 1203 1787 1233 ex—

211 1265 471 1304 clamatione
513 1275 609 1315 qua,
642 1265 828 1305 simulac
859 1266 911 1305 de
943 1265 1166 1315 Chrysidis
1196 1268 1337 1306 morte
1369 1268 1547 1318 audivit,
1580 1268 1788 1318 gaudium

210 1353 339 1382 suum
366 1340 648 1381 testificatur:
681 1353 732 1391 „o
759 1341 924 1382 factum
951 1342 1082 1382 bene:
1101 1343 1262 1383 beasti:
1283 1344 1321 1383 ei
1338 1345 1475 1384 metui
1493 1355 1519 1385 a
1535 1344 1786 1395 Chryside.”

268 1418 330 1457 De
356 1418 520 1458 Andria
546 1419 707 1468 autem,
737 1420 836 1468 post
862 1419 983 1458 illam
1001 1419 1149 1459 Sosiae
1171 1420 1551 1471 exclamationem,
1571 1421 1632 1461 ita
1647 1421 1787 1471 pergit

212 1495 330 1534 Simo
363 1498 441 1542 (vs.
477 1496 532 1535 74
564 1498 696 1544 sqq.):

389 1571 536 1610 Primo
568 1571 675 1611 haec
706 1571 857 1620 pudice
888 1571 1028 1611 vitam
1058 1581 1185 1620 parce
1217 1573 1261 1611 et
1292 1572 1456 1612 duriter

389 1647 570 1697 Agebat,
603 1647 704 1686 lana
735 1657 785 1686 ac
815 1647 903 1686 tela
933 1647 1099 1686 victum
1131 1649 1402 1696 quaeritans:

389 1723 471 1763 Sed
502 1724 733 1773 postquam
766 1733 921 1762 amans
953 1723 1138 1763 accessit
1168 1725 1356 1773 pretium
1386 1725 1594 1774 pollicens

387 1799 512 1839 Unus
543 1801 588 1839 et
618 1800 726 1839 item
758 1799 894 1839 alter:
927 1800 990 1839 ita
1020 1801 1069 1839 ut
1100 1800 1368 1849 ingeniumst
1399 1801 1596 1841 omnium

387 1875 627 1916 Hominum
659 1875 711 1915 ab
743 1875 888 1915 labore
919 1875 1107 1925 proclive
1139 1877 1192 1916 ad
1223 1875 1473 1927 lubidinem,

387 1952 566 2001 Accepit
597 1951 900 2001 conditionem,
933 1951 1031 1990 dein
1063 1953 1294 2000 quaestum
1326 1953 1494 2003 occipit.

207 2028 261 2067 Et
306 2028 566 2067 vocabulum
612 2027 826 2066 victum
874 2028 919 2066 et
965 2026 1145 2066 verbum
1193 2028 1542 2079 quaeritans,
1587 2028 1630 2069 id
1671 2030 1783 2079 quod

206 2105 438 2153 prudenter
464 2104 666 2143 observat
693 2102 946 2152 Scholiasta,
975 2101 1222 2152 significant
1247 2104 1386 2143 vitam
1408 2103 1630 2154 Chrysidis
1648 2104 1782 2152 simul

205 2179 467 2219 laboriosam
509 2179 644 2218 fuisse
685 2180 729 2218 et
764 2188 1012 2228 pauperem.
1045 2178 1099 2218 Et
1128 2179 1266 2228 perite
1298 2181 1500 2219 annotat:
1537 2190 1664 2230 „cum
1695 2191 1781 2222 uno

147 2278 150 2282 ι
206 2257 483 2304 quaestus
514 2266 601 2294 non
632 2256 711 2304 est,
746 2265 846 2294 cum
878 2254 1014 2293 altero
1046 2264 1132 2294 non
1164 2256 1243 2305 est,
1278 2265 1377 2295 cum
1409 2256 1562 2296 multis
1592 2255 1684 2296 flt.”

268 2333 531 2382 „Postquam
573 2331 746 2370 audivi”
790 2331 854 2370 sic
894 2340 1031 2369 senex
1061 2330 1201 2379 pergit
1236 2330 1400 2379 „filium
1431 2342 1600 2381 quoque
1630 2342 1780 2372 meum

205 2409 257 2447 ab
305 2408 458 2448 amicis
505 2408 558 2446 ad
606 2406 863 2455 Chrysidem
902 2406 1159 2455 perductum
1202 2417 1310 2456 esse,
1354 2407 1578 2456 perculsus
1619 2394 1778 2460 animo,

204 2485 445 2523 amicorum
486 2483 658 2522 illorum
690 2492 840 2521 servos
871 2482 924 2521 ab
956 2492 1007 2520 ea
1038 2481 1246 2522 abeuntes
1277 2483 1574 2533 observabam,
1608 2484 1653 2524 et
1682 2482 1780 2539 quis

205 2560 296 2598 heri
338 2559 593 2608 Chrysidem
635 2559 858 2598 habuisset
890 2558 1163 2607 quaerebam.
1196 2559 1338 2608 Atque
1370 2559 1593 2610 Phaedria,
1626 2559 1776 2610 Clinia,

204 2636 402 2674 Nicerato
435 2635 487 2674 ab
519 2635 573 2674 iis
604 2634 842 2674 nominatis
872 2635 968 2673 tum
1000 2634 1183 2682 denique
1218 2635 1337 2685 „eho,
1368 2636 1467 2684 quid
1494 2634 1776 2684 Pamphilus”

202 2711 420 2759 rogabam.
454 2710 544 2749 Illi:

978 2784 1112 2834 quid?
1143 2785 1390 2834 symbolam

499 2861 637 2910 Dedit,
673 2861 884 2900 coenavit.

203 2938 282 2975 Hic
324 2947 503 2984 quoque.
549 2939 595 2974 ut
636 2939 727 2975 tam
772 2936 923 2975 multis
958 2935 1076 2985 locis,
1111 2937 1300 2975 ostendit
1332 2937 1573 2976 Scholiasta
1604 2938 1774 2987 egregie
