2034 3334
968 185 1052 231 149

217 323 389 360 sumus,
421 309 738 360 „deteriorum”
766 309 993 352 lectionem
1021 309 1166 351 circum
1191 309 1442 365 probemus,
1471 308 1572 351 licet
1597 310 1800 352 inusitate

215 394 263 423 ea
302 381 558 436 praepositio
597 394 709 422 nunc
753 381 810 422 sit
849 381 1002 435 posita.
1046 379 1129 422 Sed
1170 379 1272 421 ferri
1314 379 1392 422 hoc
1425 382 1565 435 potest
1596 379 1647 422 de
1679 381 1800 423 vario

217 452 364 494 avium
391 450 536 493 volatu
553 482 562 500 ,
601 465 713 492 nunc
739 451 1013 501 abeuntium,
1041 464 1152 492 nunc
1179 450 1475 501 redeuntium,
1505 464 1616 493 nunc
1641 464 1804 507 gyrum

216 522 477 564 facientium.
505 520 663 573 Quodsi
688 522 783 576 quis
810 521 1035 563 contendat
1060 520 1227 562 iunctim
1244 522 1392 576 utique
1410 522 1582 576 requiri,
1601 522 1804 576 quoniam

219 591 408 648 alioquin
439 593 527 633 sine
558 593 672 633 iusta
704 605 829 634 causa
861 590 1063 633 addatur:

731 665 773 703 et
803 661 855 703 ad
886 661 1015 703 finem
1047 663 1236 703 servatos
1266 659 1412 702 laudat
1445 674 1625 711 amores,

218 734 256 775 is
295 735 464 788 reputet
504 731 651 774 laudes
681 731 777 774 illas
810 732 959 774 avibus
989 731 1105 773 hisce
1138 731 1268 772 tribui
1302 744 1386 772 non
1418 732 1606 786 potuisse
1637 731 1719 772 nisi
1751 730 1802 772 ab

218 817 265 846 eo
308 804 382 858 qui
423 801 519 844 illas
561 802 665 844 olim
709 801 891 858 Oeycem
930 801 1246 858 Alcyonemque
1280 802 1411 843 fuisse
1444 803 1631 844 novisset
1643 815 1652 852 ;
1687 801 1802 856 quod

218 874 292 928 qui
323 871 456 915 semel
487 874 628 923 novit,
660 871 729 914 illi
760 887 866 928 opus
897 886 978 915 non
1011 877 1075 914 est
1106 885 1174 914 eas
1206 887 1289 912 una
1321 871 1513 914 volantes
1547 871 1774 927 adspicere.

281 1026 368 1070 '780
1093 1026 1259 1069 Vulnus
1290 1028 1341 1069 ab
1374 1038 1534 1084 angue,

400 1098 438 1139 A
469 1111 539 1139 me
571 1111 696 1139 causa
727 1097 824 1139 data
858 1100 934 1139 est.
968 1097 1062 1153 Ego
1094 1113 1178 1138 sum
1209 1096 1452 1140 sceleratior
1482 1097 1584 1140 illo:

404 1167 482 1221 Qui
513 1168 595 1209 tibi
625 1170 762 1210 morte
795 1181 888 1209 mea
918 1169 1069 1209 mortis
1102 1167 1254 1210 solatia
1285 1170 1478 1210 mittam.

221 1237 409 1294 Egregia
449 1239 614 1293 antiqui
657 1238 793 1279 critici
835 1237 1097 1287 emendatio,
1139 1237 1316 1279 Heinsio
1357 1238 1555 1293 probata:
1598 1237 1671 1278 sim
1690 1236 1808 1278 —ni

223 1322 335 1350 nunc
375 1322 426 1350 ne
468 1312 827 1350 commemoratur
869 1307 1054 1363 quidem.
1098 1308 1331 1349 Possumus
1365 1311 1407 1350 et
1436 1323 1519 1348 sum
1551 1309 1732 1350 retinere
1763 1311 1807 1350 et

223 1392 298 1434 pro
324 1379 415 1434 qui,
443 1378 554 1434 quod
581 1382 693 1420 certe
720 1377 838 1420 nullo
862 1378 988 1420 modo
1017 1379 1117 1420 ferri
1142 1382 1303 1433 potest,
1332 1391 1511 1434 ponere:
1539 1379 1619 1420 sed.
1654 1377 1804 1430 „Quod

221 1448 299 1491 feci
339 1449 544 1491 infectum
575 1448 746 1490 reddere
778 1462 859 1490 non
889 1462 1090 1503 possum,
1123 1447 1278 1490 leniam
1312 1453 1455 1490 tamen
1487 1447 1649 1490 malum
1684 1449 1805 1490 cuius

222 1531 346 1561 causa
377 1518 484 1560 fui.''

886 1788 1019 1830 LIBER
1051 1788 1146 1830 XII.

288 1917 342 1961 17
406 1917 624 1974 Corripuit
655 1933 825 1974 serpens
858 1921 933 1960 udo
965 1935 1064 1975 quas
1096 1920 1278 1961 condidit
1310 1935 1387 1962 ore.

226 1987 295 2029 Sic
321 1987 384 2038 M,
412 1988 462 2029 de
489 1988 804 2044 discrepantiis‚
833 2003 939 2044 quae
966 1989 1130 2031 multae
1157 2004 1419 2046 magnaeque
1437 1994 1549 2041 sunt,
1568 1991 1808 2032 conferatur

223 2056 426 2099 Kornius.
475 2057 608 2100 Unice
653 2058 912 2113 probandam
959 2059 1067 2100 hanc
1112 2059 1315 2102 Merkelii
1360 2074 1507 2102 censeo
1553 2059 1806 2102 lectionem:

225 2127 460 2182 „avidaque
493 2128 755 2170 abscondidit
786 2127 936 2171 alvo'':
970 2130 1164 2170 condendi
1195 2133 1293 2182 (rec.
1322 2131 1442 2182 absc.)
1471 2131 1651 2173 verbum
1679 2144 1808 2173 suum

225 2197 307 2238 sibi
348 2197 473 2238 locum
516 2211 598 2252 quo
642 2197 845 2240 condatur
886 2198 1074 2253 postulat
1083 2212 1093 2249 ‚·
1138 2213 1205 2240 ore
1246 2201 1410 2241 condere
1451 2199 1808 2242 absurdissimum

226 2270 312 2316 est,
357 2280 493 2321 neque
535 2267 616 2308 oris
656 2266 746 2309 ulla
784 2267 973 2310 facienda
1004 2269 1188 2319 mentio,
1223 2270 1322 2324 quia
1354 2284 1395 2310 οε
1426 2271 1513 2311 iam
1545 2271 1649 2312 satis
1686 2270 1809 2312 verbo

227 2336 421 2389 corripuit
453 2335 736 2392 significatur:
772 2338 1005 2392 „corripuit
1036 2351 1127 2387 ore,
1161 2338 1423 2381 abscondidit
1455 2338 1597 2382 a1v0”.

289 2479 361 2521 21.
393 2478 655 2521 Miraculum
687 2481 835 2522 avium
861 2494 1017 2523 novem
1044 2495 1067 2523 a
1093 2485 1287 2536 serpente
1313 2485 1601 2537 eorreptarum
1627 2481 1810 2524 Tiresias

197 2565 207 2573 ·
228 2549 281 2591 ad
310 2548 474 2592 bellum
505 2548 656 2590 refert:

410 2618 551 2673 Atque
583 2632 738 2660 novem
769 2618 964 2661 volucres
994 2621 1040 2661 in
1072 2619 1174 2662 belli
1205 2620 1364 2676 digerit
1394 2633 1536 2662 annos,

229 2688 359 2730 Pueri
401 2691 466 2729 est
504 2701 654 2743 rogare
694 2687 795 2743 quid
834 2693 1025 2743 serpente
1068 2688 1142 2731 illo
1182 2689 1343 2731 factum
1385 2690 1454 2731 sit.
1496 2687 1676 2732 Credere
1706 2703 1810 2746 ergo

229 2771 313 2800 non
344 2770 519 2813 possum
551 2756 753 2799 Ovidium
785 2757 1016 2800 addidisse:

409 2825 507 2876 Ille,
543 2831 593 2868 ut
623 2830 734 2876 erat,
767 2827 924 2869 virides
954 2827 1176 2883 amplexus
1205 2830 1252 2870 in
1283 2829 1430 2871 arbore
1459 2842 1598 2872 ramos

412 2894 482 2937 Fit
510 2894 619 2950 lapis
650 2900 694 2937 et
723 2900 864 2938 servat
894 2898 1100 2951 serpentis
1127 2899 1316 2952 imagine
1347 2911 1513 2940 saxum.
