2034 3334
1732 0 2013 69 ww&

1070 390 1097 432 2
1169 440 1173 444 .

293 520 388 558 tum
434 517 517 556 sibi
556 517 747 567 postulet
786 497 1034 566 diligentiae
1075 516 1302 558 Terentius
1343 519 1387 558 et
1428 528 1511 568 quo
1552 518 1682 559 modo
1716 517 1858 569 legen-

294 595 374 634 dus
415 594 487 633 ille
528 593 587 632 sit
628 603 856 643 exponam.
901 592 1018 643 Quod
1059 593 1208 643 paucis
1249 594 1393 634 verbis
1432 593 1526 634 fieri
1567 593 1729 644 nequit.
1762 593 1862 636 Una
1918 591 1929 602 '

294 670 402 710 mihi
435 681 490 710 ex
522 669 615 709 eius
646 668 803 709 fabulis
835 669 887 708 ab
919 668 1042 708 initio
1075 669 1127 708 ad
1159 668 1291 709 finem
1323 672 1391 710 est
1421 658 1737 722 pertractanda,
1771 679 1859 711 om-

293 757 455 795 nesque
482 756 647 796 versus,
677 745 721 784 in
748 745 903 794 quibus
930 745 1066 785 lateat
1093 745 1266 796 aliquid,
1297 736 1407 796 quo'd
1434 757 1460 786 a
1475 744 1606 796 vulgo
1621 745 1861 797 legentium

293 822 452 872 negligi
483 822 553 862 vel
585 822 723 861 soleat
749 821 819 861 vel
850 821 976 861 facile
1007 821 1157 872 possit,
1192 824 1392 863 accurate
1423 822 1533 863 mihi
1563 811 1677 863 sunt*
1697 822 1860 863 exami-

293 899 436 939 nandi.
480 898 544 938 Ibi
587 899 735 938 autem
775 898 916 937 facere
947 908 1033 937 non
1065 908 1244 948 possum
1276 898 1379 947 quin
1409 898 1580 954 fabulae
1610 898 1728 940 illius
1758 899 1874 949 quid‘

292 976 476 1025 singulis
518 976 672 1024 agatur
709 974 852 1014 scenis
883 973 1044 1024 legenti
1071 974 1115 1013 in
1141 975 1336 1014 mentem
1364 985 1578 1015 revocem.
1606 973 1715 1015 Cum
1741 974 1859 1015 enim

292 1052 488 1091 omnium
515 1051 761 1091 fabularum
788 1049 1146 1090 Terentianarum
1174 1050 1289 1090 color
1315 1051 1375 1090 sit
1401 1061 1514 1091 unus
1539 1050 1629 1092 fere
1645 1051 1858 1102 idemque,

291 1128 404 1168 haud
436 1128 562 1167 facile
594 1127 864 1176 singularum
896 1127 1102 1166 decursus
1134 1126 1353 1176 seriesque
1385 1126 1600 1169 memoria
1624 1127 1859 1168 retinetur:

291 1205 343 1244 ab
387 1204 473 1244 alia
502 1214 556 1243 ne
589 1204 642 1243 ad
674 1203 807 1243 aliam
838 1202 1008 1243 aberret
1038 1213 1164 1242 mens
1195 1202 1435 1252 periculum
1467 1204 1546 1243 est.
1580 1203 1740 1254 Quodsi
1769 1203 1860 1246 iam

290 1281 405 1320 lectu
447 1280 577 1329 digna
617 1281 685 1319 est
726 1278 1036 1319 commentatio
1078 1288 1189 1328 mea,
1234 1278 1330 1327 quis
1361 1278 1472 1319 ferre
1503 1288 1602 1320 eam
1631 1279 1791 1330 poterit
1818 1279 1860 1322 si

291 1357 527 1396 identidem
571 1356 610 1395 ei
652 1356 704 1395 ab
747 1355 821 1395 illa
857 1355 910 1395 ad
952 1354 1142 1394 Terentii
1182 1355 1369 1405 textum,
1413 1365 1440 1395 a
1479 1354 1606 1395 textu
1646 1355 1701 1396 ad
1736 1354 1859 1396 illam

291 1434 374 1473 erit
404 1432 744 1473 recurrendum?
772 1431 826 1471 Et
858 1441 932 1471 cur
961 1441 1039 1480 ego
1065 1440 1120 1470 ne
1147 1430 1274 1480 paulo
1300 1430 1466 1480 longior
1491 1431 1649 1472 evadat
1664 1430 1736 1472 hic
1749 1430 1860 1474 liber

290 1520 551 1559 magnopere
592 1509 822 1547 metuam?
863 1507 1024 1547 Docere
1066 1507 1183 1547 enim
1229 1508 1451 1548 neminem
1492 1507 1591 1548 volo
1630 1507 1717 1549 nisi
1746 1507 1858 1549 forte
1921 1532 1925 1537 v

289 1586 475 1626 tironem
518 1585 719 1634 aliquem.
763 1583 902 1623 Simul
943 1585 1094 1623 tamen
1135 1583 1206 1623 hic
1242 1583 1330 1624 illic
1361 1583 1531 1633 aliquod
1561 1593 1712 1624 meum
1743 1593 1855 1625 com-
1921 1580 1923 1582 ’

289 1663 488 1701 mentum
531 1661 777 1709 aliquamve
818 1659 929 1698 mihi
959 1661 1110 1699 natam
1142 1659 1434 1708 suspicionem
1466 1659 1682 1709 proferam
1712 1661 1763 1700 ut
1792 1659 1858 1702 sic

288 1738 512 1776 doctorum
545 1736 716 1775 eliciam
742 1734 1007 1774 sententiam
1034 1734 1338 1783 iudiciumque.
1367 1734 1622 1775 Versabitur
1646 1745 1748 1786 ergo
1773 1735 1856 1778 hoc

289 1814 418 1862 caput
449 1812 493 1851 in
525 1822 576 1851 ea
606 1811 797 1851 Terentii
828 1810 1060 1860 comoedia,
1095 1820 1204 1859 quae
1235 1810 1344 1850 mihi
1375 1810 1518 1860 lepore
1550 1812 1594 1850 et
1624 1811 1855 1851 venustate

289 1889 443 1929 ceteris
475 1889 675 1927 omnibus
707 1889 927 1937 praestare
958 1887 1140 1936 videtur,
1174 1886 1431 1926 Eunuchum
1463 1885 1569 1929 dico.

842 2161 988 2200 Ac'rus
1019 2160 1051 2199 Ι.
1086 2160 1230 2199 SGENA
1265 2160 1301 2198 1.

346 2280 395 2318 In
427 2289 603 2318 scenam
635 2278 775 2328 prodit
806 2277 1028 2327 Phaedria,
1062 2287 1088 2316 a
1119 2276 1280 2316 Thaide
1311 2286 1391 2315 sua
1421 2275 1512 2314 heri
1544 2274 1750 2316 exclusus
1768 2272 1850 2319 sed

286 2356 413 2395 inodo
455 2356 695 2403 revocatus,
740 2364 839 2393 cum
881 2354 1149 2392 Parmenone
1190 2362 1328 2391 servo.
1373 2350 1534 2401 Quibus
1564 2350 1627 2390 illi
1658 2350 1772 2391 inter
1800 2359 1860 2410 se¹

285 2434 463 2470 utantur
494 2430 637 2469 verbis
669 2430 764 2478 quis
795 2429 966 2468 nescit?
998 2428 1075 2468 Cui
1106 2428 1302 2477 ignotum
1335 2427 1461 2466 illud:

464 2507 570 2555 Quid
602 2506 733 2555 igitur
764 2505 955 2545 faciam?
985 2504 1080 2544 Non
1111 2514 1222 2554 eam,
1256 2514 1310 2543 ne
1342 2513 1456 2542 nunc
1487 2502 1660 2551 quidem

463 2583 599 2632 Quom
633 2591 826 2621 arcessor
857 2580 1002 2620 ultro?

0 2672 38 2715 fi„
57 2665 191 2710 φωρ,
286 2659 387 2708 Quis
419 2670 503 2697 non
535 2659 654 2696 tenet
685 2657 897 2696 memoria
927 2656 1215 2696 Horatianum
1245 2655 1388 2695 locum
1421 2664 1447 2694 a

65 2779 70 2784 ,
139 2715 273 2778 ω’,Ψ
462 2734 648 2782 Porrigis
681 2734 790 2772 irato
821 2743 951 2781 puero
984 2742 1083 2771 cum
1114 2742 1244 2781 poma
1274 2732 1446 2771 recusat

0 2773 14 2827 f
30 2763 270 2829 &sm
344 2780 612 2836 ’.ψωωᾞ
707 2775 734 2806 '’-
1131 2808 1138 2815 .
1459 2806 1467 2814 .
1694 2804 1702 2812 .

0 2815 69 2880 's(⁹*
82 2807 246 2906 '‘Z-2211)
258 2794 585 2859 uaffipmntem.
625 2792 858 2848 ET‘tamen
890 2819 998 2856 quae
1030 2809 1215 2847 tot1us
1246 2817 1401 2846 scenae
1432 2807 1491 2845 S1t
1516 2806 1733 2845 sententia
1758 2814 1844 2845 non

14 2869 91 2903 μ’·
158 2872 407 2924 “⁰¹2‘'facile
446 2886 586 2932 quivis
618 2887 794 2933 rogatus
825 2885 1092 2933 respondeat.
1127 2883 1234 2932 Quid
1266 2883 1414 2922 enim?
1444 2882 1602 2921 Vultne
1633 2881 1844 2920 Phaedria

36 2912 254 2985 *du-475⁶
283 2964 380 3011 post
429 2961 546 2999 illam
595 2961 856 2999 exclusionis
899 2960 1113 3010 iniuriam,
1157 2959 1229 2998 ubi
1270 2959 1459 3008 primum
1501 2956 1745 3009 arcessitur,
1788 2955 1841 2995 ad
