2034 3334
962 358 1016 399 13

243 486 341 527 nata
357 484 466 537 sint3
493 485 707 539 postremo
724 483 956 525 interiectis
974 481 1233 538 quibusdam
1252 481 1625 538 disputationibus,
1642 482 1736 538 qui-

243 559 325 602 bus
337 571 404 602 me
421 571 646 614 meamque
663 559 870 601 rationem
887 562 1035 601 contra
1052 558 1197 601 doctos
1215 558 1478 601 adversarios
1499 558 1737 614 defendam,

244 635 347 692 quid
377 635 429 678 de
459 636 660 678 universa
689 634 856 678 Horatii
886 638 975 678 arte
1006 635 1269 678 censendum
1301 635 1406 677 mihi
1438 635 1635 678 videatur
1663 648 1737 678 ex-

242 724 407 768 ponam.
452 711 563 754 Nam
611 711 789 754 Goethei
833 711 966 755 verba
1010 724 1079 754 me
1119 724 1206 753 non
1247 711 1344 754 ideo
1385 711 1591 767 attulisse,
1622 711 1738 767 quod

240 788 358 831 illius
387 788 546 831 iudicio
578 788 778 831 standum
809 787 1046 842 arbitrarer,
1076 788 1161 830 iam
1200 786 1449 843 significavi.

889 896 966 940 Od.
998 896 1088 939 XL.

775 974 846 1016 Ad
872 973 1032 1016 librum
1061 986 1201 1016 suum.

596 1081 726 1125 Dulci
755 1082 899 1125 libello
931 1095 1056 1126 nemo
1090 1083 1300 1125 sodalium

599 1158 761 1202 Forsan
793 1172 987 1202 meorum
1020 1160 1156 1202 carior
1187 1160 1362 1202 exstitit.

657 1233 723 1278 De
751 1238 794 1278 te
825 1236 1005 1279 merenti
1037 1235 1140 1291 quid
1171 1234 1310 1278 fidelis

721 1310 921 1355 Officium
953 1311 1126 1354 domino
1159 1310 1400 1367 rependes?

598 1420 655 1463 Te
685 1419 822 1463 Roma
851 1424 1025 1463 cautum
1057 1422 1209 1464 terruit
1240 1421 1401 1464 ardua?

594 1496 769 1553 Depone
800 1511 934 1540 vanos
965 1497 1152 1540 invidiae
1184 1501 1323 1540 metus

655 1573 872 1630 Urbisque
903 1574 1108 1630 dignitate
1138 1573 1276 1617 fidens

714 1649 797 1693 Per
827 1650 987 1706 plateas
1019 1651 1238 1693 animosus
1268 1650 1381 1692 audi.

598 1758 666 1800 En
698 1772 784 1814 quo
815 1758 1007 1802 furentes
1038 1759 1328 1802 Eumenidum
1361 1759 1511 1802 choros

597 1834 761 1878 Deiecit
791 1836 903 1878 almo
933 1835 1112 1878 fulmine
1137 1835 1351 1892 Iuppiter!

658 1911 774 1954 Huic
806 1926 878 1954 ara
910 1912 1059 1954 stabit:
1091 1911 1204 1954 fama
1235 1915 1364 1955 cantu

718 1987 931 2044 Perpetuo
964 1988 1216 2031 celebranda
1249 1991 1418 2031 crescet.

306 2103 400 2146 Hoc
431 2117 508 2160 ego
539 2117 709 2148 carmen
741 2106 974 2160 quominus
1007 2105 1185 2147 Horatio
1213 2104 1481 2148 abiudicetur
1505 2118 1593 2147 non
1609 2106 1738 2147 inter—

249 2179 374 2222 cedo:
418 2180 532 2222 haud
574 2182 688 2223 enim
719 2181 862 2224 idonei
893 2181 1048 2224 adsunt
1078 2185 1206 2224 testes
1241 2183 1316 2237 qui
1347 2181 1399 2224 ab
1430 2182 1502 2224 illo
1535 2182 1741 2237 composi-

248 2258 340 2297 tum
386 2255 606 2298 affirment.
657 2256 740 2299 Sed
786 2270 926 2312 neque
973 2260 1274 2313 argumentum
1322 2271 1463 2313 neque
1510 2257 1739 2300 verborum

249 2331 435 2374 delectus
465 2331 787 2387 locutionesque
818 2333 1029 2375 eiusmodi
1058 2336 1162 2375 sunt
1193 2337 1242 2375 ut
1267 2338 1439 2389 propter
1463 2333 1536 2375 illa
1561 2333 1740 2376 Horatio

247 2407 472 2463 indignum
505 2420 710 2450 censeam.
742 2409 930 2450 Adnotat
964 2409 1137 2464 quidem
1169 2409 1339 2451 Ianius:

429 2515 605 2570 „Risum
651 2520 835 2571 movent,
875 2530 930 2559 ne
971 2518 1056 2559 alia
1095 2520 1280 2573 tangam,
1321 2517 1582 2562 Eumenides
1620 2518 1740 2562 Iovis

366 2590 546 2634 fulmine
578 2590 816 2634 disiectae.''

311 2698 394 2742 Sed
422 2713 572 2756 parum
600 2712 667 2742 me
695 2699 867 2755 quidem
893 2700 1045 2742 vitium
1072 2700 1180 2743 illud
1207 2705 1359 2744 movet.
1388 2701 1610 2759 Leguntur
1626 2704 1740 2746 enim

253 2775 367 2831 apud
411 2775 634 2818 Horatium
679 2778 720 2818 et
762 2775 843 2817 alia
884 2776 1075 2818 eiusdem
1122 2778 1290 2832 generis
1335 2778 1408 2820 illo
1450 2779 1565 2822 haud
1597 2780 1741 2822 minus

253 2850 545 2906 improbanda.
592 2851 664 2893 An
706 2850 813 2893 forte
854 2852 989 2908 magis
1029 2852 1167 2908 placet
1215 2854 1331 2909 quod
1375 2854 1453 2911 ΠΙ,
1496 2855 1551 2897 26
1591 2855 1742 2899 Venus
