2034 3334
997 367 1083 408 202

314 491 367 542 ΙΙ,
405 492 441 541 1,
479 492 529 532 11
563 502 655 542 sqq.

373 567 664 618 Quamobrem
696 579 861 620 omnes,
896 580 1031 619 quum
1062 570 1276 610 secundae
1307 579 1377 610 res
1408 571 1512 610 sunt
1541 569 1750 622 maxime,

1428 647 1539 694 [tum
1570 646 1766 688 maxime

374 720 569 761 Meditari
600 732 750 762 secum
782 724 951 773 oportet
982 733 1066 772 quo
1097 724 1222 773 pacto
1249 723 1480 763 advorsam
1511 732 1767 763 aerumnam

1566 799 1736 847 [ferant.

373 873 550 926 Pericla‚
579 875 750 926 damna,
770 875 902 915 exilia
918 886 1095 926 peregre
1112 876 1282 934 rediens
1298 886 1471 926 semper
1486 885 1637 916 secum
1652 875 1825 926 cogitet.

256 950 483 1000 Semper
524 950 766 1000 cogitet]
804 961 856 1001 „a
886 951 1094 1001 singulari
1125 952 1179 991 ad
1209 951 1421 1002 pluralem
1452 952 1653 992 transit.”
1684 950 1827 992 Immo

254 1037 281 1066 a
311 1026 526 1076 plurali
557 1027 619 1067 ad
651 1027 1019 1076 singularem.

316 1103 385 1143 22.
426 1103 562 1154 Quid
589 1113 784 1143 cessas
812 1104 1095 1144 hominem
1124 1104 1327 1151 adire?]
1361 1104 1494 1154 „bene
1521 1104 1679 1144 adire
1703 1103 1829 1154 quasi

255 1179 492 1220 terribilem
524 1180 567 1219 et
598 1180 935 1229 pugnaturum.’'
968 1180 1173 1220 Potestne
1204 1181 1326 1230 pater
1353 1179 1430 1219 filii
1457 1180 1665 1220 delictum
1689 1189 1828 1231 repre-

254 1256 448 1296 hendens
488 1266 736 1305 pugnare
778 1256 893 1296 dici?
929 1257 1043 1306 Lego
1074 1258 1435 1306 purgaturus.
1469 1256 1642 1296 Etenim
1672 1254 1829 1297 adire
1863 1270 1865 1272 ·

255 1334 323 1372 est
372 1342 551 1372 causam
602 1332 798 1383 dicentis,
847 1333 915 1372 cui
964 1333 1093 1372 iudex
1140 1332 1252 1382 apud
1298 1342 1429 1381 quem
1476 1332 1580 1372 dicit
1624 1330 1830 1394 terribilis

254 1409 436 1448 videtur.
1750 1459 1752 1462 .

317 1485 385 1525 24.
418 1485 493 1526 Ph.
526 1486 583 1525 Mi
614 1487 766 1536 patrue
798 1485 932 1525 salve.
966 1485 1038 1525 De.
1072 1485 1211 1535 Salve,
1244 1485 1320 1524 sed
1352 1485 1424 1524 ubi
1452 1486 1519 1524 est
1547 1484 1769 1536 Antipho?

315 1561 438 1602 Sch.:
490 1562 624 1611 „bene
670 1562 887 1612 expressit
929 1563 1180 1612 promptum
1225 1562 1421 1601 animum
1463 1561 1515 1600 ad
1556 1561 1828 1612 litigandum,

255 1637 416 1687 partim
458 1638 604 1678 addita
634 1638 775 1678 salute
807 1639 851 1677 et
882 1638 1026 1687 potius
1058 1637 1111 1677 ad
1143 1637 1331 1686 iurgium
1362 1637 1716 1686 praevertendo.”
1747 1636 1830 1677 Pro

254 1714 463 1763 partim
519 1715 762 1754 rectissime
819 1713 1149 1753 Westerhovius
1205 1713 1412 1763 raptim
1466 1712 1700 1763 rescripsit.
1747 1712 1830 1752 Sed

255 1791 454 1839 superest
498 1790 668 1830 vitium.
717 1790 812 1829 Non
859 1790 976 1830 enim
1024 1789 1180 1829 addit
1228 1789 1429 1839 salutem,
1479 1789 1554 1828 sed
1602 1799 1628 1829 a
1670 1787 1831 1829 salve

255 1866 455 1914 loquendi
495 1866 601 1906 facit
631 1866 818 1905 initium.
852 1866 964 1915 Lege
996 1875 1096 1915 ergo
1127 1865 1335 1914 raptim
1367 1865 1596 1904 reddita
1626 1864 1829 1914 salute.

316 1942 386 1982 29.
429 1941 740 1982 sollertissima
776 1930 1054 1981 simulatione
1087 1943 1130 1981 et
1161 1941 1285 1980 vultu
1317 1941 1369 1980 ad
1402 1941 1686 1980 severitatem
1717 1950 1830 1981 com-

254 2018 395 2068 posito
435 2018 615 2058 fratrem
657 2018 899 2068 patruelem
941 2018 1151 2058 Phaedria
1193 2017 1395 2057 defendit.
1440 2017 1695 2057 Admiratur
1729 2026 1831 2056 eum

256 2094 365 2134 Geta
410 2094 478 2133 his
525 2094 680 2145 verbis,
729 2105 839 2143 quae
886 2094 1107 2134 submissa
1152 2105 1257 2134 voce
1299 2094 1424 2134 dicit:
1468 2104 1492 2133 ο
1537 2092 1832 2133 artificem

256 2170 508 2220 probum!
551 2171 618 2211 Ad
659 2181 769 2220 quae
805 2171 939 2210 verba
970 2172 1224 2210 annotatur:
1262 2169 1480 2222 ηείρωνεία,
1512 2179 1616 2209 nam
1646 2179 1734 2209 non
1762 2169 1835 2209 est

257 2246 414 2286 artifex
446 2246 568 2286 cuius
600 2247 933 2296 deprehenditur
964 2246 1126 2286 iocuS.''
1160 2246 1297 2286 Nemo
1324 2246 1394 2285 hic
1421 2246 1587 2285 iocatur
1612 2244 1690 2284 sed
1716 2244 1832 2284 astu-

256 2323 331 2361 tiis
362 2322 629 2371 fallaciisque
661 2334 731 2362 res
762 2323 937 2372 geritur.
972 2323 1084 2371 Lege
1116 2333 1216 2371 ergo
1249 2322 1411 2361 dolus
1442 2331 1517 2370 pro
1550 2321 1721 2361 iocus.

318 2399 387 2438 34.
430 2399 566 2438 Ecce
609 2401 795 2439 autem
837 2398 1059 2438 similia
1090 2398 1300 2444 omnia]
1341 2408 1494 2447 „ecce
1527 2398 1714 2437 autem
1744 2406 1833 2436 vox

258 2478 325 2515 est
362 2477 462 2525 apta
493 2476 574 2526 his,
609 2486 718 2525 quae
749 2486 862 2515 nova
893 2477 937 2515 et
969 2475 1205 2524 improvisa
1237 2474 1382 2513 animo
1415 2473 1657 2514 accidunt.”
1690 2472 1832 2512 Immo

258 2563 359 2592 vero
392 2553 617 2601 quibus,
652 2563 738 2591 non
770 2562 921 2600 quae.

319 2630 388 2668 57.
431 2628 723 2667 Acerbissime
764 2638 900 2667 senex
940 2627 1004 2666 sic
1039 2636 1216 2666 servum
1248 2636 1273 2665 a
1304 2636 1386 2674 quo
1419 2626 1478 2664 sit
1510 2625 1832 2670 circumventus

260 2704 513 2752 alloquitur:

483 2780 599 2819 Bone
633 2781 791 2829 custos,
826 2779 968 2819 salve:
1003 2779 1203 2818 columen
1233 2788 1335 2817 vero
1367 2777 1571 2826 familiae,

483 2855 559 2895 Cui
593 2855 894 2895 commendavi
926 2854 1066 2894 filium
1098 2855 1198 2893 hinc
1229 2853 1377 2893 abiens
1409 2863 1570 2892 meum.

261 2931 381 2969 Sch.:
434 2961 552 2979 .....
569 2931 685 2971 Haec
733 2931 994 2970 conveniunt
1041 2930 1085 2968 in
1132 2940 1205 2969 eas
1247 2938 1453 2978 personas
1495 2937 1603 2976 quas
1634 2928 1831 2976 spectare
