<?xml version="1.0" encoding="UTF-8"?>
<!DOCTYPE html PUBLIC "-//W3C//DTD XHTML 1.0 Transitional//EN"
    "http://www.w3.org/TR/xhtml1/DTD/xhtml1-transitional.dtd">
<html xmlns="http://www.w3.org/1999/xhtml" xml:lang="en" lang="en">
 <head>
  <title>
</title>
<meta http-equiv="Content-Type" content="text/html;charset=utf-8" />
  <meta name='ocr-system' content='tesseract 3.04.00' />
  <meta name='ocr-capabilities' content='ocr_page ocr_carea ocr_par ocr_line ocrx_word'/>
</head>
<body>
  <div class='ocr_page' id='page_1' title='image "./dehoratiopota00hartuoft_0480.png"; bbox 0 0 2034 3334; ppageno 0'>
   <div class='ocr_carea' id='block_1_1' title="bbox 194 1876 1324 1931">
    <p class='ocr_par' dir='ltr' id='par_1_1' title="bbox 194 1876 1324 1931">
     <span class='ocr_line' id='line_1_1' title="bbox 194 1876 1324 1931; baseline 0.001 -16"><span class='ocrx_word' id='word_1_1' title='bbox 194 1928 197 1931; x_wconf 25' lang='grc' dir='ltr'><strong><em>Ι</em></strong></span> <span class='ocrx_word' id='word_1_2' title='bbox 273 1876 500 1925; x_wconf 88' lang='lat' dir='ltr'><strong>scrupulus</strong></span> <span class='ocrx_word' id='word_1_3' title='bbox 531 1876 700 1926; x_wconf 88' lang='lat' dir='ltr'><strong>aliquis,</strong></span> <span class='ocrx_word' id='word_1_4' title='bbox 734 1887 834 1926; x_wconf 87' lang='lat' dir='ltr'><strong>ergo</strong></span> <span class='ocrx_word' id='word_1_5' title='bbox 866 1878 990 1926; x_wconf 87' lang='lat' dir='ltr'><strong>rogat</strong></span> <span class='ocrx_word' id='word_1_6' title='bbox 1019 1886 1084 1916; x_wconf 91' lang='lat' dir='ltr'><strong>vs.</strong></span> <span class='ocrx_word' id='word_1_7' title='bbox 1117 1877 1203 1916; x_wconf 92' lang='lat'><strong>438</strong></span> <span class='ocrx_word' id='word_1_8' title='bbox 1235 1886 1324 1924; x_wconf 89' lang='lat' dir='ltr'><strong>sq.:</strong></span> 
     </span>
    </p>
   </div>
   <div class='ocr_carea' id='block_1_2' title="bbox 1027 380 1084 420">
    <p class='ocr_par' dir='ltr' id='par_1_2' title="bbox 1027 380 1084 420">
     <span class='ocr_line' id='line_1_2' title="bbox 1027 380 1084 420; baseline 0 0"><span class='ocrx_word' id='word_1_9' title='bbox 1027 380 1084 420; x_wconf 83' lang='lat'><strong>96</strong></span> 
     </span>
    </p>
   </div>
   <div class='ocr_carea' id='block_1_3' title="bbox 273 505 1846 1849">
    <p class='ocr_par' dir='ltr' id='par_1_3' title="bbox 275 505 1844 709">
     <span class='ocr_line' id='line_1_3' title="bbox 276 505 1844 559; baseline 0.002 -13"><span class='ocrx_word' id='word_1_10' title='bbox 276 505 368 555; x_wconf 79' lang='lat' dir='ltr'><strong>Qua</strong></span> <span class='ocrx_word' id='word_1_11' title='bbox 412 515 516 546; x_wconf 91' lang='lat' dir='ltr'><strong>voce</strong></span> <span class='ocrx_word' id='word_1_12' title='bbox 561 506 677 546; x_wconf 90' lang='lat' dir='ltr'><strong>dicta</strong></span> <span class='ocrx_word' id='word_1_13' title='bbox 723 506 830 546; x_wconf 89' lang='lat' dir='ltr'><strong>haec</strong></span> <span class='ocrx_word' id='word_1_14' title='bbox 868 506 958 547; x_wconf 89' lang='lat' dir='ltr'><strong>sint</strong></span> <span class='ocrx_word' id='word_1_15' title='bbox 998 517 1127 547; x_wconf 90' lang='lat' dir='ltr'><strong>nemo</strong></span> <span class='ocrx_word' id='word_1_16' title='bbox 1167 506 1326 547; x_wconf 88' lang='lat' dir='ltr'><strong>melius</strong></span> <span class='ocrx_word' id='word_1_17' title='bbox 1355 506 1507 548; x_wconf 85' lang='lat' dir='ltr'><strong>docere</strong></span> <span class='ocrx_word' id='word_1_18' title='bbox 1538 508 1681 558; x_wconf 82' lang='lat' dir='ltr'><strong>potest</strong></span> <span class='ocrx_word' id='word_1_19' title='bbox 1711 517 1844 559; x_wconf 80' lang='lat' dir='ltr'><strong>quam</strong></span> 
     </span>
     <span class='ocr_line' id='line_1_4' title="bbox 276 581 1843 634; baseline 0.003 -14"><span class='ocrx_word' id='word_1_20' title='bbox 276 581 529 631; x_wconf 78' lang='lat' dir='ltr'><strong>Scholiasta,</strong></span> <span class='ocrx_word' id='word_1_21' title='bbox 563 583 685 622; x_wconf 89' lang='lat' dir='ltr'><strong>cuius</strong></span> <span class='ocrx_word' id='word_1_22' title='bbox 716 583 822 623; x_wconf 89' lang='lat' dir='ltr'><strong>haec</strong></span> <span class='ocrx_word' id='word_1_23' title='bbox 852 583 985 623; x_wconf 88' lang='lat' dir='ltr'><strong>verba</strong></span> <span class='ocrx_word' id='word_1_24' title='bbox 1014 585 1140 623; x_wconf 83' lang='lat' dir='ltr'><strong>sunt:</strong></span> <span class='ocrx_word' id='word_1_25' title='bbox 1173 583 1376 632; x_wconf 86' lang='lat' dir='ltr'>„Hodie</span> <span class='ocrx_word' id='word_1_26' title='bbox 1402 593 1489 623; x_wconf 91' lang='lat' dir='ltr'><strong>non</strong></span> <span class='ocrx_word' id='word_1_27' title='bbox 1515 585 1690 634; x_wconf 82' lang='lat' dir='ltr'><strong>tempus</strong></span> <span class='ocrx_word' id='word_1_28' title='bbox 1713 583 1843 634; x_wconf 74' lang='lat' dir='ltr'><strong>signi·</strong></span> 
     </span>
     <span class='ocr_line' id='line_1_5' title="bbox 275 659 1521 709; baseline 0 -9"><span class='ocrx_word' id='word_1_29' title='bbox 275 659 376 700; x_wconf 85' lang='lat' dir='ltr'><strong>ficat</strong></span> <span class='ocrx_word' id='word_1_30' title='bbox 405 660 480 699; x_wconf 88' lang='lat' dir='ltr'><strong>sed</strong></span> <span class='ocrx_word' id='word_1_31' title='bbox 514 659 765 699; x_wconf 87' lang='lat' dir='ltr'>iracundam</span> <span class='ocrx_word' id='word_1_32' title='bbox 796 660 1088 709; x_wconf 81' lang='lat' dir='ltr'>eloquentiam</span> <span class='ocrx_word' id='word_1_33' title='bbox 1119 670 1169 700; x_wconf 87' lang='lat' dir='ltr'><strong>ac</strong></span> <span class='ocrx_word' id='word_1_34' title='bbox 1200 660 1521 701; x_wconf 89' lang='lat' dir='ltr'><strong>stomachum.’‘</strong></span> 
     </span>
    </p>

    <p class='ocr_par' dir='ltr' id='par_1_4' title="bbox 274 728 1846 1163">
     <span class='ocr_line' id='line_1_6' title="bbox 335 728 1846 786; baseline 0.001 -11"><span class='ocrx_word' id='word_1_35' title='bbox 335 734 716 775; x_wconf 83' lang='lat' dir='ltr'><strong>Gerundivum</strong></span> <span class='ocrx_word' id='word_1_36' title='bbox 756 745 887 775; x_wconf 90' lang='lat' dir='ltr'><strong>suum</strong></span> <span class='ocrx_word' id='word_1_37' title='bbox 927 735 1010 775; x_wconf 90' lang='lat' dir='ltr'><strong>sibi</strong></span> <span class='ocrx_word' id='word_1_38' title='bbox 1046 728 1149 786; x_wconf 73' lang='grc' dir='ltr'><strong>ἦθος</strong></span> <span class='ocrx_word' id='word_1_39' title='bbox 1174 735 1327 775; x_wconf 89' lang='lat' dir='ltr'><strong>habet:</strong></span> <span class='ocrx_word' id='word_1_40' title='bbox 1355 745 1406 776; x_wconf 88' lang='lat' dir='ltr'><strong>ea</strong></span> <span class='ocrx_word' id='word_1_41' title='bbox 1430 734 1569 786; x_wconf 82' lang='lat' dir='ltr'><strong>figura</strong></span> <span class='ocrx_word' id='word_1_42' title='bbox 1592 735 1846 786; x_wconf 81' lang='lat' dir='ltr'><strong>plerumque</strong></span> 
     </span>
     <span class='ocr_line' id='line_1_7' title="bbox 275 811 1845 862; baseline 0.001 -10"><span class='ocrx_word' id='word_1_43' title='bbox 275 812 327 852; x_wconf 88' lang='lat' dir='ltr'><strong>ab</strong></span> <span class='ocrx_word' id='word_1_44' title='bbox 358 812 431 852; x_wconf 91' lang='lat' dir='ltr'><strong>illo</strong></span> <span class='ocrx_word' id='word_1_45' title='bbox 464 811 690 851; x_wconf 81' lang='lat' dir='ltr'><strong>adhibetur</strong></span> <span class='ocrx_word' id='word_1_46' title='bbox 721 811 795 861; x_wconf 91' lang='lat' dir='ltr'><strong>qui</strong></span> <span class='ocrx_word' id='word_1_47' title='bbox 824 812 1107 852; x_wconf 87' lang='lat' dir='ltr'><strong>stomachans</strong></span> <span class='ocrx_word' id='word_1_48' title='bbox 1137 811 1190 852; x_wconf 93' lang='lat' dir='ltr'><strong>de</strong></span> <span class='ocrx_word' id='word_1_49' title='bbox 1220 812 1343 862; x_wconf 83' lang='lat' dir='ltr'><strong>gravi</strong></span> <span class='ocrx_word' id='word_1_50' title='bbox 1369 812 1557 861; x_wconf 86' lang='lat' dir='ltr'><strong>quadam</strong></span> <span class='ocrx_word' id='word_1_51' title='bbox 1583 811 1845 854; x_wconf 74' lang='lat' dir='ltr'><strong>necessitate</strong></span> 
     </span>
     <span class='ocr_line' id='line_1_8' title="bbox 274 887 1845 946; baseline 0.001 -19"><span class='ocrx_word' id='word_1_52' title='bbox 274 888 462 937; x_wconf 90' lang='lat' dir='ltr'><strong>loquitur</strong></span> <span class='ocrx_word' id='word_1_53' title='bbox 502 898 634 937; x_wconf 91' lang='lat' dir='ltr'><strong>quam</strong></span> <span class='ocrx_word' id='word_1_54' title='bbox 674 888 814 928; x_wconf 89' lang='lat' dir='ltr'><strong>vitare</strong></span> <span class='ocrx_word' id='word_1_55' title='bbox 855 899 903 928; x_wconf 91' lang='lat' dir='ltr'><strong>se</strong></span> <span class='ocrx_word' id='word_1_56' title='bbox 944 899 1030 928; x_wconf 90' lang='lat' dir='ltr'><strong>non</strong></span> <span class='ocrx_word' id='word_1_57' title='bbox 1061 892 1189 943; x_wconf 78' lang='lat' dir='ltr'><strong>posse</strong></span> <span class='ocrx_word' id='word_1_58' title='bbox 1220 899 1350 944; x_wconf 76' lang='lat' dir='ltr'><strong>saepe</strong></span> <span class='ocrx_word' id='word_1_59' title='bbox 1381 888 1441 928; x_wconf 89' lang='lat' dir='ltr'><strong>sit</strong></span> <span class='ocrx_word' id='word_1_60' title='bbox 1472 890 1691 946; x_wconf 74' lang='lat' dir='ltr'><strong>expertus.</strong></span> <span class='ocrx_word' id='word_1_61' title='bbox 1726 887 1845 940; x_wconf 78' lang='lat' dir='ltr'><strong>„Mos</strong></span> 
     </span>
     <span class='ocr_line' id='line_1_9' title="bbox 274 963 1843 1015; baseline 0.001 -12"><span class='ocrx_word' id='word_1_62' title='bbox 274 964 507 1013; x_wconf 85' lang='lat' dir='ltr'><strong>gerendust</strong></span> <span class='ocrx_word' id='word_1_63' title='bbox 551 964 731 1004; x_wconf 88' lang='lat' dir='ltr'><strong>Thaidi‘’</strong></span> <span class='ocrx_word' id='word_1_64' title='bbox 779 964 824 1004; x_wconf 90' lang='lat' dir='ltr'><strong>in</strong></span> <span class='ocrx_word' id='word_1_65' title='bbox 870 964 1076 1005; x_wconf 84' lang='lat' dir='ltr'><strong>Eunucho</strong></span> <span class='ocrx_word' id='word_1_66' title='bbox 1119 975 1219 1005; x_wconf 92' lang='lat' dir='ltr'><strong>cum</strong></span> <span class='ocrx_word' id='word_1_67' title='bbox 1258 964 1426 1015; x_wconf 86' lang='lat' dir='ltr'><strong>gemitu</strong></span> <span class='ocrx_word' id='word_1_68' title='bbox 1465 963 1678 1005; x_wconf 76' lang='lat' dir='ltr'><strong>Phaedria</strong></span> <span class='ocrx_word' id='word_1_69' title='bbox 1715 963 1843 1014; x_wconf 63' lang='lat' dir='ltr'><strong>diem</strong></span> 
     </span>
     <span class='ocr_line' id='line_1_10' title="bbox 274 1040 1844 1091; baseline 0.002 -12"><span class='ocrx_word' id='word_1_70' title='bbox 274 1040 516 1089; x_wconf 85' lang='lat' dir='ltr'><strong>similisque</strong></span> <span class='ocrx_word' id='word_1_71' title='bbox 561 1040 776 1089; x_wconf 88' lang='lat' dir='ltr'>Pamphili</span> <span class='ocrx_word' id='word_1_72' title='bbox 822 1040 867 1079; x_wconf 93' lang='lat' dir='ltr'><strong>in</strong></span> <span class='ocrx_word' id='word_1_73' title='bbox 911 1040 1076 1080; x_wconf 87' lang='lat' dir='ltr'>Andria</span> <span class='ocrx_word' id='word_1_74' title='bbox 1122 1041 1294 1080; x_wconf 78' lang='lat' dir='ltr'><strong>auditur</strong></span> <span class='ocrx_word' id='word_1_75' title='bbox 1324 1041 1515 1090; x_wconf 84' lang='lat' dir='ltr'><strong>gemitus</strong></span> <span class='ocrx_word' id='word_1_76' title='bbox 1544 1042 1646 1081; x_wconf 87' lang='lat' dir='ltr'><strong>cum</strong></span> <span class='ocrx_word' id='word_1_77' title='bbox 1674 1041 1844 1091; x_wconf 75' lang='lat' dir='ltr'><strong>patrem</strong></span> 
     </span>
     <span class='ocr_line' id='line_1_11' title="bbox 274 1116 1159 1163; baseline 0.001 -8"><span class='ocrx_word' id='word_1_78' title='bbox 274 1116 357 1155; x_wconf 91' lang='lat' dir='ltr'><strong>sibi</strong></span> <span class='ocrx_word' id='word_1_79' title='bbox 387 1116 516 1156; x_wconf 90' lang='lat' dir='ltr'><strong>modo</strong></span> <span class='ocrx_word' id='word_1_80' title='bbox 547 1116 711 1156; x_wconf 83' lang='lat' dir='ltr'><strong>dixisse</strong></span> <span class='ocrx_word' id='word_1_81' title='bbox 743 1118 891 1156; x_wconf 85' lang='lat' dir='ltr'><strong>narrat</strong></span> <span class='ocrx_word' id='word_1_82' title='bbox 923 1118 1001 1163; x_wconf 89' lang='lat' dir='ltr'><strong>(vs.</strong></span> <span class='ocrx_word' id='word_1_83' title='bbox 1036 1117 1159 1163; x_wconf 83' lang='lat'>254):</span> 
     </span>
    </p>

    <p class='ocr_par' dir='ltr' id='par_1_5' title="bbox 581 1192 1707 1250">
     <span class='ocr_line' id='line_1_12' title="bbox 581 1192 1707 1250; baseline 0.002 -19"><span class='ocrx_word' id='word_1_84' title='bbox 581 1192 703 1232; x_wconf 85' lang='lat' dir='ltr'>Uxor</span> <span class='ocrx_word' id='word_1_85' title='bbox 733 1192 812 1232; x_wconf 89' lang='lat' dir='ltr'><strong>tibi</strong></span> <span class='ocrx_word' id='word_1_86' title='bbox 843 1193 1092 1243; x_wconf 83' lang='lat' dir='ltr'><strong>ducendast,</strong></span> <span class='ocrx_word' id='word_1_87' title='bbox 1126 1192 1364 1243; x_wconf 87' lang='lat' dir='ltr'><strong>Pamphile,</strong></span> <span class='ocrx_word' id='word_1_88' title='bbox 1397 1192 1536 1233; x_wconf 90' lang='lat' dir='ltr'><strong>hodie.</strong></span> <span class='ocrx_word' id='word_1_89' title='bbox 1679 1246 1707 1250; x_wconf 18' lang='grc' dir='ltr'><strong>,Δ</strong></span> 
     </span>
    </p>

    <p class='ocr_par' dir='ltr' id='par_1_6' title="bbox 273 1268 1845 1621">
     <span class='ocr_line' id='line_1_13' title="bbox 275 1268 1844 1318; baseline 0.001 -11"><span class='ocrx_word' id='word_1_90' title='bbox 275 1269 468 1307; x_wconf 88' lang='lat' dir='ltr'><strong>Annotat</strong></span> <span class='ocrx_word' id='word_1_91' title='bbox 494 1268 758 1308; x_wconf 87' lang='lat' dir='ltr'><strong>Scholiasta:</strong></span> <span class='ocrx_word' id='word_1_92' title='bbox 791 1268 921 1318; x_wconf 86' lang='lat' dir='ltr'><strong>„Mire</strong></span> <span class='ocrx_word' id='word_1_93' title='bbox 947 1269 1222 1308; x_wconf 90' lang='lat' dir='ltr'><strong>ducenda:</strong></span> <span class='ocrx_word' id='word_1_94' title='bbox 1251 1278 1424 1318; x_wconf 87' lang='lat' dir='ltr'><strong>semper</strong></span> <span class='ocrx_word' id='word_1_95' title='bbox 1449 1268 1531 1308; x_wconf 87' lang='lat' dir='ltr'><strong>hoc</strong></span> <span class='ocrx_word' id='word_1_96' title='bbox 1556 1278 1694 1318; x_wconf 82' lang='lat' dir='ltr'><strong>genus</strong></span> <span class='ocrx_word' id='word_1_97' title='bbox 1718 1268 1844 1310; x_wconf 87' lang='lat' dir='ltr'><strong>decli—</strong></span> 
     </span>
     <span class='ocr_line' id='line_1_14' title="bbox 274 1343 1845 1385; baseline 0.001 -2"><span class='ocrx_word' id='word_1_98' title='bbox 274 1344 462 1384; x_wconf 85' lang='lat' dir='ltr'><strong>nationis</strong></span> <span class='ocrx_word' id='word_1_99' title='bbox 518 1344 827 1384; x_wconf 88' lang='lat' dir='ltr'><strong>necessitatem</strong></span> <span class='ocrx_word' id='word_1_100' title='bbox 883 1344 1115 1384; x_wconf 88' lang='lat' dir='ltr'><strong>ostendit.’&#39;</strong></span> <span class='ocrx_word' id='word_1_101' title='bbox 1173 1344 1227 1384; x_wconf 89' lang='lat' dir='ltr'><strong>Et</strong></span> <span class='ocrx_word' id='word_1_102' title='bbox 1282 1344 1374 1384; x_wconf 88' lang='lat' dir='ltr'><strong>iure</strong></span> <span class='ocrx_word' id='word_1_103' title='bbox 1419 1354 1550 1384; x_wconf 89' lang='lat' dir='ltr'><strong>suum</strong></span> <span class='ocrx_word' id='word_1_104' title='bbox 1595 1344 1735 1385; x_wconf 89' lang='lat' dir='ltr'><strong>mire</strong></span> <span class='ocrx_word' id='word_1_105' title='bbox 1773 1343 1845 1384; x_wconf 81' lang='lat' dir='ltr'><strong>hic</strong></span> 
     </span>
     <span class='ocr_line' id='line_1_15' title="bbox 273 1420 1844 1470; baseline 0.001 -11"><span class='ocrx_word' id='word_1_106' title='bbox 273 1420 416 1469; x_wconf 88' lang='lat' dir='ltr'><strong>ponit:</strong></span> <span class='ocrx_word' id='word_1_107' title='bbox 464 1431 550 1460; x_wconf 91' lang='lat' dir='ltr'><strong>non</strong></span> <span class='ocrx_word' id='word_1_108' title='bbox 601 1421 719 1460; x_wconf 90' lang='lat' dir='ltr'><strong>enim</strong></span> <span class='ocrx_word' id='word_1_109' title='bbox 760 1422 930 1470; x_wconf 90' lang='lat' dir='ltr'><strong>poterat</strong></span> <span class='ocrx_word' id='word_1_110' title='bbox 970 1421 1154 1460; x_wconf 89' lang='lat' dir='ltr'><strong>inveniri</strong></span> <span class='ocrx_word' id='word_1_111' title='bbox 1189 1420 1356 1470; x_wconf 44' lang='lat' dir='ltr'><strong>‘aliquid</strong></span> <span class='ocrx_word' id='word_1_112' title='bbox 1397 1421 1509 1469; x_wconf 89' lang='lat' dir='ltr'><strong>quod</strong></span> <span class='ocrx_word' id='word_1_113' title='bbox 1549 1421 1844 1470; x_wconf 79' lang='lat' dir='ltr'><strong>spectatorum</strong></span> 
     </span>
     <span class='ocr_line' id='line_1_16' title="bbox 274 1495 1842 1546; baseline 0.001 -11"><span class='ocrx_word' id='word_1_114' title='bbox 274 1496 379 1536; x_wconf 91' lang='lat' dir='ltr'><strong>risui</strong></span> <span class='ocrx_word' id='word_1_115' title='bbox 425 1496 639 1536; x_wconf 90' lang='lat' dir='ltr'><strong>movendo</strong></span> <span class='ocrx_word' id='word_1_116' title='bbox 686 1497 830 1546; x_wconf 89' lang='lat' dir='ltr'><strong>aptius</strong></span> <span class='ocrx_word' id='word_1_117' title='bbox 871 1498 989 1536; x_wconf 90' lang='lat' dir='ltr'><strong>esset</strong></span> <span class='ocrx_word' id='word_1_118' title='bbox 1039 1507 1171 1546; x_wconf 91' lang='lat' dir='ltr'><strong>quam</strong></span> <span class='ocrx_word' id='word_1_119' title='bbox 1223 1496 1297 1536; x_wconf 91' lang='lat' dir='ltr'><strong>illa</strong></span> <span class='ocrx_word' id='word_1_120' title='bbox 1338 1496 1601 1536; x_wconf 86' lang='lat' dir='ltr'><strong>inevitabilis</strong></span> <span class='ocrx_word' id='word_1_121' title='bbox 1641 1495 1749 1537; x_wconf 77' lang='lat' dir='ltr'><strong>mali</strong></span> <span class='ocrx_word' id='word_1_122' title='bbox 1788 1496 1842 1536; x_wconf 88' lang='lat' dir='ltr'><strong>si-</strong></span> 
     </span>
     <span class='ocr_line' id='line_1_17' title="bbox 273 1570 505 1621; baseline 0.004 -10"><span class='ocrx_word' id='word_1_123' title='bbox 273 1570 505 1621; x_wconf 88' lang='lat' dir='ltr'><strong>gnificatio.</strong></span> 
     </span>
    </p>

    <p class='ocr_par' dir='ltr' id='par_1_7' title="bbox 273 1648 1844 1849">
     <span class='ocr_line' id='line_1_18' title="bbox 333 1648 1840 1698; baseline 0.001 -11"><span class='ocrx_word' id='word_1_124' title='bbox 333 1648 569 1688; x_wconf 82' lang='lat' dir='ltr'><strong>Nostin?</strong></span> <span class='ocrx_word' id='word_1_125' title='bbox 614 1648 716 1698; x_wconf 88' lang='lat' dir='ltr'><strong>quid</strong></span> <span class='ocrx_word' id='word_1_126' title='bbox 763 1649 845 1688; x_wconf 90' lang='lat' dir='ltr'><strong>sibi</strong></span> <span class='ocrx_word' id='word_1_127' title='bbox 891 1648 999 1688; x_wconf 86' lang='lat' dir='ltr'><strong>velit</strong></span> <span class='ocrx_word' id='word_1_128' title='bbox 1045 1648 1267 1688; x_wconf 86' lang='lat' dir='ltr'><strong>annotatio</strong></span> <span class='ocrx_word' id='word_1_129' title='bbox 1313 1648 1367 1688; x_wconf 88' lang='lat' dir='ltr'><strong>ad</strong></span> <span class='ocrx_word' id='word_1_130' title='bbox 1409 1649 1541 1688; x_wconf 88' lang='lat' dir='ltr'><strong>Andr.</strong></span> <span class='ocrx_word' id='word_1_131' title='bbox 1584 1648 1669 1688; x_wconf 88' lang='lat'><strong>441</strong></span> <span class='ocrx_word' id='word_1_132' title='bbox 1703 1648 1840 1691; x_wconf 81' lang='lat' dir='ltr'><strong>docet.</strong></span> 
     </span>
     <span class='ocr_line' id='line_1_19' title="bbox 275 1723 1844 1774; baseline 0.001 -11"><span class='ocrx_word' id='word_1_133' title='bbox 275 1724 393 1763; x_wconf 87' lang='lat' dir='ltr'><strong>Simo</strong></span> <span class='ocrx_word' id='word_1_134' title='bbox 423 1726 624 1774; x_wconf 87' lang='lat' dir='ltr'><strong>paratum</strong></span> <span class='ocrx_word' id='word_1_135' title='bbox 656 1725 744 1764; x_wconf 86' lang='lat' dir='ltr'><strong>iam</strong></span> <span class='ocrx_word' id='word_1_136' title='bbox 777 1734 872 1764; x_wconf 90' lang='lat' dir='ltr'><strong>esse</strong></span> <span class='ocrx_word' id='word_1_137' title='bbox 903 1723 1042 1764; x_wconf 90' lang='lat' dir='ltr'><strong>filium</strong></span> <span class='ocrx_word' id='word_1_138' title='bbox 1074 1725 1127 1764; x_wconf 93' lang='lat' dir='ltr'><strong>ad</strong></span> <span class='ocrx_word' id='word_1_139' title='bbox 1159 1725 1399 1764; x_wconf 89' lang='lat' dir='ltr'><strong>ducendam</strong></span> <span class='ocrx_word' id='word_1_140' title='bbox 1429 1723 1644 1774; x_wconf 83' lang='lat' dir='ltr'><strong>virginem</strong></span> <span class='ocrx_word' id='word_1_141' title='bbox 1670 1734 1697 1764; x_wconf 86' lang='lat' dir='ltr'><strong>a</strong></span> <span class='ocrx_word' id='word_1_142' title='bbox 1720 1725 1844 1774; x_wconf 84' lang='lat' dir='ltr'><strong>patre</strong></span> 
     </span>
     <span class='ocr_line' id='line_1_20' title="bbox 273 1799 1844 1849; baseline 0.001 -11"><span class='ocrx_word' id='word_1_143' title='bbox 273 1799 355 1839; x_wconf 91' lang='lat' dir='ltr'><strong>sibi</strong></span> <span class='ocrx_word' id='word_1_144' title='bbox 391 1800 655 1840; x_wconf 87' lang='lat' dir='ltr'><strong>destinatam</strong></span> <span class='ocrx_word' id='word_1_145' title='bbox 689 1800 923 1840; x_wconf 86' lang='lat' dir='ltr'><strong>affirmanti</strong></span> <span class='ocrx_word' id='word_1_146' title='bbox 959 1810 1086 1839; x_wconf 89' lang='lat' dir='ltr'><strong>servo</strong></span> <span class='ocrx_word' id='word_1_147' title='bbox 1118 1800 1289 1839; x_wconf 90' lang='lat' dir='ltr'><strong>credere</strong></span> <span class='ocrx_word' id='word_1_148' title='bbox 1320 1799 1492 1849; x_wconf 90' lang='lat' dir='ltr'><strong>incipit;</strong></span> <span class='ocrx_word' id='word_1_149' title='bbox 1526 1800 1665 1840; x_wconf 87' lang='lat' dir='ltr'><strong>restat</strong></span> <span class='ocrx_word' id='word_1_150' title='bbox 1693 1800 1844 1840; x_wconf 84' lang='lat' dir='ltr'><strong>tamen</strong></span> 
     </span>
    </p>
   </div>
   <div class='ocr_carea' id='block_1_4' title="bbox 823 860 1116 868">
    <p class='ocr_par' dir='ltr' id='par_1_8' title="bbox 823 860 1116 868">
     <span class='ocr_line' id='line_1_21' title="bbox 823 860 1116 868; baseline 0 2466"><span class='ocrx_word' id='word_1_151' title='bbox 823 860 1116 868; x_wconf 95' lang='lat' dir='ltr'><strong> </strong></span> 
     </span>
    </p>
   </div>
   <div class='ocr_carea' id='block_1_5' title="bbox 327 1692 559 1703">
    <p class='ocr_par' dir='ltr' id='par_1_9' title="bbox 327 1692 559 1703">
     <span class='ocr_line' id='line_1_22' title="bbox 327 1692 559 1703; baseline 0 0"><span class='ocrx_word' id='word_1_152' title='bbox 327 1692 559 1703; x_wconf 95' lang='lat' dir='ltr'><strong> </strong></span> 
     </span>
    </p>
   </div>
   <div class='ocr_carea' id='block_1_6' title="bbox 272 1950 1859 2986">
    <p class='ocr_par' dir='ltr' id='par_1_10' title="bbox 272 1950 1840 2455">
     <span class='ocr_line' id='line_1_23' title="bbox 475 1950 1635 2001; baseline 0 -10"><span class='ocrx_word' id='word_1_153' title='bbox 475 1952 590 1991; x_wconf 93' lang='lat' dir='ltr'><strong>Num</strong></span> <span class='ocrx_word' id='word_1_154' title='bbox 622 1952 685 1992; x_wconf 89' lang='lat' dir='ltr'><strong>illi</strong></span> <span class='ocrx_word' id='word_1_155' title='bbox 715 1952 927 1992; x_wconf 85' lang='lat' dir='ltr'><strong>molestae</strong></span> <span class='ocrx_word' id='word_1_156' title='bbox 958 1952 1180 2001; x_wconf 87' lang='lat' dir='ltr'><strong>quidpiam</strong></span> <span class='ocrx_word' id='word_1_157' title='bbox 1212 1952 1293 1991; x_wconf 90' lang='lat' dir='ltr'><strong>hae</strong></span> <span class='ocrx_word' id='word_1_158' title='bbox 1324 1953 1428 1991; x_wconf 90' lang='lat' dir='ltr'><strong>sunt</strong></span> <span class='ocrx_word' id='word_1_159' title='bbox 1457 1950 1635 2001; x_wconf 85' lang='lat' dir='ltr'><strong>nuptiae</strong></span> 
     </span>
     <span class='ocr_line' id='line_1_24' title="bbox 475 2027 1520 2078; baseline 0 -11"><span class='ocrx_word' id='word_1_160' title='bbox 475 2028 667 2068; x_wconf 90' lang='lat' dir='ltr'><strong>Huiusce</strong></span> <span class='ocrx_word' id='word_1_161' title='bbox 698 2029 870 2078; x_wconf 88' lang='lat' dir='ltr'><strong>propter</strong></span> <span class='ocrx_word' id='word_1_162' title='bbox 902 2028 1259 2068; x_wconf 67' lang='lat' dir='ltr'><strong>consuetudinem</strong></span> <span class='ocrx_word' id='word_1_163' title='bbox 1291 2027 1520 2077; x_wconf 82' lang='lat' dir='ltr'><strong>hospitae?</strong></span> 
     </span>
     <span class='ocr_line' id='line_1_25' title="bbox 272 2104 717 2153; baseline 0.002 -11"><span class='ocrx_word' id='word_1_164' title='bbox 272 2104 519 2153; x_wconf 88' lang='lat' dir='ltr'><strong>Respondet</strong></span> <span class='ocrx_word' id='word_1_165' title='bbox 536 2104 695 2144; x_wconf 82' lang='lat' dir='ltr'><strong>Davus</strong></span> <span class='ocrx_word' id='word_1_166' title='bbox 708 2115 717 2143; x_wconf 87' lang='lat'>:</span> 
     </span>
     <span class='ocr_line' id='line_1_26' title="bbox 474 2179 1542 2231; baseline -0.001 -12"><span class='ocrx_word' id='word_1_167' title='bbox 474 2180 543 2219; x_wconf 89' lang='lat' dir='ltr'><strong>Nil</strong></span> <span class='ocrx_word' id='word_1_168' title='bbox 574 2180 738 2220; x_wconf 90' lang='lat' dir='ltr'><strong>hercle:</strong></span> <span class='ocrx_word' id='word_1_169' title='bbox 772 2182 859 2231; x_wconf 90' lang='lat' dir='ltr'><strong>aut,</strong></span> <span class='ocrx_word' id='word_1_170' title='bbox 893 2181 932 2220; x_wconf 90' lang='lat' dir='ltr'><strong>si</strong></span> <span class='ocrx_word' id='word_1_171' title='bbox 965 2181 1083 2231; x_wconf 91' lang='lat' dir='ltr'><strong>adeo,</strong></span> <span class='ocrx_word' id='word_1_172' title='bbox 1112 2181 1274 2220; x_wconf 91' lang='lat' dir='ltr'><strong>biduist</strong></span> <span class='ocrx_word' id='word_1_173' title='bbox 1305 2181 1381 2220; x_wconf 88' lang='lat' dir='ltr'><strong>aut</strong></span> <span class='ocrx_word' id='word_1_174' title='bbox 1411 2179 1542 2219; x_wconf 89' lang='lat' dir='ltr'><strong>tridui</strong></span> 
     </span>
     <span class='ocr_line' id='line_1_27' title="bbox 476 2256 1467 2296; baseline 0 0"><span class='ocrx_word' id='word_1_175' title='bbox 476 2256 596 2296; x_wconf 87' lang='lat' dir='ltr'><strong>Haec</strong></span> <span class='ocrx_word' id='word_1_176' title='bbox 626 2257 891 2296; x_wconf 89' lang='lat' dir='ltr'><strong>sollicitudo:</strong></span> <span class='ocrx_word' id='word_1_177' title='bbox 924 2257 1072 2296; x_wconf 84' lang='lat' dir='ltr'><strong>nosti?</strong></span> <span class='ocrx_word' id='word_1_178' title='bbox 1103 2257 1255 2296; x_wconf 90' lang='lat' dir='ltr'><strong>deinde</strong></span> <span class='ocrx_word' id='word_1_179' title='bbox 1287 2256 1467 2296; x_wconf 86' lang='lat' dir='ltr'><strong>desinet.</strong></span> 
     </span>
     <span class='ocr_line' id='line_1_28' title="bbox 273 2331 1840 2383; baseline 0.001 -13"><span class='ocrx_word' id='word_1_180' title='bbox 273 2333 465 2371; x_wconf 88' lang='lat' dir='ltr'><strong>Annotat</strong></span> <span class='ocrx_word' id='word_1_181' title='bbox 501 2333 765 2372; x_wconf 85' lang='lat' dir='ltr'><strong>Scholiasta:</strong></span> <span class='ocrx_word' id='word_1_182' title='bbox 801 2333 877 2382; x_wconf 87' lang='lat' dir='ltr'><strong>„In</strong></span> <span class='ocrx_word' id='word_1_183' title='bbox 908 2332 1269 2383; x_wconf 88' lang='lat' dir='ltr'><strong>significationem</strong></span> <span class='ocrx_word' id='word_1_184' title='bbox 1301 2331 1553 2381; x_wconf 91' lang='lat' dir='ltr'><strong>multorum,</strong></span> <span class='ocrx_word' id='word_1_185' title='bbox 1587 2340 1697 2380; x_wconf 84' lang='lat' dir='ltr'><strong>quae</strong></span> <span class='ocrx_word' id='word_1_186' title='bbox 1727 2340 1840 2371; x_wconf 86' lang='lat' dir='ltr'><strong>com·</strong></span> 
     </span>
     <span class='ocr_line' id='line_1_29' title="bbox 274 2408 1122 2455; baseline 0.005 -10"><span class='ocrx_word' id='word_1_187' title='bbox 274 2408 426 2455; x_wconf 89' lang='lat' dir='ltr'><strong>pendio</strong></span> <span class='ocrx_word' id='word_1_188' title='bbox 458 2409 642 2448; x_wconf 88' lang='lat' dir='ltr'><strong>facimus</strong></span> <span class='ocrx_word' id='word_1_189' title='bbox 673 2409 865 2448; x_wconf 90' lang='lat' dir='ltr'><strong>nostin</strong></span> <span class='ocrx_word' id='word_1_190' title='bbox 895 2410 1122 2449; x_wconf 86' lang='lat' dir='ltr'><strong>dicimus.&#39;’</strong></span> 
     </span>
    </p>

    <p class='ocr_par' dir='ltr' id='par_1_11' title="bbox 273 2481 1859 2909">
     <span class='ocr_line' id='line_1_30' title="bbox 333 2481 1841 2534; baseline 0 -12"><span class='ocrx_word' id='word_1_191' title='bbox 333 2483 476 2532; x_wconf 84' lang='lat' dir='ltr'><strong>Longe</strong></span> <span class='ocrx_word' id='word_1_192' title='bbox 518 2484 628 2523; x_wconf 91' lang='lat' dir='ltr'><strong>alius</strong></span> <span class='ocrx_word' id='word_1_193' title='bbox 669 2485 840 2524; x_wconf 90' lang='lat' dir='ltr'><strong>videtur</strong></span> <span class='ocrx_word' id='word_1_194' title='bbox 882 2485 1077 2524; x_wconf 88' lang='lat' dir='ltr'><strong>eiusdem</strong></span> <span class='ocrx_word' id='word_1_195' title='bbox 1117 2484 1317 2525; x_wconf 88' lang='lat' dir='ltr'><strong>vocabuli</strong></span> <span class='ocrx_word' id='word_1_196' title='bbox 1346 2484 1464 2524; x_wconf 87' lang='lat' dir='ltr'><strong>color</strong></span> <span class='ocrx_word' id='word_1_197' title='bbox 1494 2483 1600 2523; x_wconf 87' lang='lat' dir='ltr'><strong>Eun.</strong></span> <span class='ocrx_word' id='word_1_198' title='bbox 1634 2483 1735 2534; x_wconf 85' lang='lat'>405,</span> <span class='ocrx_word' id='word_1_199' title='bbox 1767 2481 1841 2529; x_wconf 84' lang='lat' dir='ltr'><strong>ubi</strong></span> 
     </span>
     <span class='ocr_line' id='line_1_31' title="bbox 274 2542 1859 2609; baseline 0.001 -13"><span class='ocrx_word' id='word_1_200' title='bbox 274 2558 400 2596; x_wconf 90' lang='lat' dir='ltr'><strong>miles</strong></span> <span class='ocrx_word' id='word_1_201' title='bbox 443 2569 492 2598; x_wconf 91' lang='lat' dir='ltr'><strong>eo</strong></span> <span class='ocrx_word' id='word_1_202' title='bbox 523 2559 660 2598; x_wconf 89' lang='lat' dir='ltr'><strong>utitur</strong></span> <span class='ocrx_word' id='word_1_203' title='bbox 691 2561 735 2599; x_wconf 90' lang='lat' dir='ltr'><strong>et</strong></span> <span class='ocrx_word' id='word_1_204' title='bbox 767 2560 1009 2600; x_wconf 88' lang='lat' dir='ltr'><strong>Scholiasta</strong></span> <span class='ocrx_word' id='word_1_205' title='bbox 1039 2562 1241 2600; x_wconf 87' lang='lat' dir='ltr'><strong>annotat:</strong></span> <span class='ocrx_word' id='word_1_206' title='bbox 1283 2559 1438 2609; x_wconf 85' lang='lat' dir='ltr'><strong>„Grate</strong></span> <span class='ocrx_word' id='word_1_207' title='bbox 1470 2558 1686 2608; x_wconf 84' lang='lat' dir='ltr'><strong>expressit</strong></span> <span class='ocrx_word' id='word_1_208' title='bbox 1714 2542 1859 2599; x_wconf 38' lang='lat' dir='ltr'><strong>stulti-</strong></span> 
     </span>
     <span class='ocr_line' id='line_1_32' title="bbox 273 2634 1840 2685; baseline 0.001 -13"><span class='ocrx_word' id='word_1_209' title='bbox 273 2634 501 2672; x_wconf 87' lang='lat' dir='ltr'><strong>infantiam</strong></span> <span class='ocrx_word' id='word_1_210' title='bbox 547 2635 712 2684; x_wconf 85' lang='lat' dir='ltr'><strong>militis,</strong></span> <span class='ocrx_word' id='word_1_211' title='bbox 760 2635 832 2683; x_wconf 91' lang='lat' dir='ltr'><strong>qui</strong></span> <span class='ocrx_word' id='word_1_212' title='bbox 879 2637 980 2675; x_wconf 90' lang='lat' dir='ltr'><strong>ante</strong></span> <span class='ocrx_word' id='word_1_213' title='bbox 1025 2636 1121 2675; x_wconf 86' lang='lat' dir='ltr'><strong>vult</strong></span> <span class='ocrx_word' id='word_1_214' title='bbox 1160 2635 1354 2685; x_wconf 89' lang='lat' dir='ltr'><strong>intelligi,</strong></span> <span class='ocrx_word' id='word_1_215' title='bbox 1387 2635 1498 2683; x_wconf 91' lang='lat' dir='ltr'><strong>quod</strong></span> <span class='ocrx_word' id='word_1_216' title='bbox 1529 2634 1675 2684; x_wconf 87' lang='lat' dir='ltr'><strong>sentit,</strong></span> <span class='ocrx_word' id='word_1_217' title='bbox 1707 2643 1840 2683; x_wconf 87' lang='lat' dir='ltr'><strong>quam</strong></span> 
     </span>
     <span class='ocr_line' id='line_1_33' title="bbox 274 2709 1837 2760; baseline 0.001 -13"><span class='ocrx_word' id='word_1_218' title='bbox 274 2709 364 2757; x_wconf 87' lang='lat' dir='ltr'><strong>ipse</strong></span> <span class='ocrx_word' id='word_1_219' title='bbox 405 2710 561 2748; x_wconf 87' lang='lat' dir='ltr'><strong>dicat.&#39;&#39;</strong></span> <span class='ocrx_word' id='word_1_220' title='bbox 605 2711 662 2749; x_wconf 82' lang='lat' dir='ltr'><strong>At</strong></span> <span class='ocrx_word' id='word_1_221' title='bbox 703 2721 841 2759; x_wconf 89' lang='lat' dir='ltr'><strong>neque</strong></span> <span class='ocrx_word' id='word_1_222' title='bbox 881 2710 1028 2750; x_wconf 88' lang='lat' dir='ltr'><strong>Davus</strong></span> <span class='ocrx_word' id='word_1_223' title='bbox 1069 2721 1208 2760; x_wconf 90' lang='lat' dir='ltr'><strong>neque</strong></span> <span class='ocrx_word' id='word_1_224' title='bbox 1249 2710 1376 2750; x_wconf 90' lang='lat' dir='ltr'><strong>miles</strong></span> <span class='ocrx_word' id='word_1_225' title='bbox 1418 2710 1518 2759; x_wconf 89' lang='lat' dir='ltr'><strong>quid</strong></span> <span class='ocrx_word' id='word_1_226' title='bbox 1550 2710 1665 2749; x_wconf 88' lang='lat' dir='ltr'><strong>dicat</strong></span> <span class='ocrx_word' id='word_1_227' title='bbox 1694 2709 1837 2760; x_wconf 87' lang='lat' dir='ltr'><strong>habet,</strong></span> 
     </span>
     <span class='ocr_line' id='line_1_34' title="bbox 275 2784 1838 2836; baseline 0.001 -14"><span class='ocrx_word' id='word_1_228' title='bbox 275 2785 423 2823; x_wconf 88' lang='lat' dir='ltr'><strong>volunt</strong></span> <span class='ocrx_word' id='word_1_229' title='bbox 469 2787 617 2824; x_wconf 87' lang='lat' dir='ltr'><strong>tamen</strong></span> <span class='ocrx_word' id='word_1_230' title='bbox 664 2786 799 2825; x_wconf 86' lang='lat' dir='ltr'><strong>videri</strong></span> <span class='ocrx_word' id='word_1_231' title='bbox 845 2787 985 2826; x_wconf 87' lang='lat' dir='ltr'><strong>multa</strong></span> <span class='ocrx_word' id='word_1_232' title='bbox 1031 2787 1170 2826; x_wconf 91' lang='lat' dir='ltr'><strong>dicere</strong></span> <span class='ocrx_word' id='word_1_233' title='bbox 1216 2796 1343 2836; x_wconf 86' lang='lat' dir='ltr'><strong>posse</strong></span> <span class='ocrx_word' id='word_1_234' title='bbox 1383 2785 1472 2836; x_wconf 83' lang='lat' dir='ltr'><strong>sed,</strong></span> <span class='ocrx_word' id='word_1_235' title='bbox 1505 2795 1559 2824; x_wconf 92' lang='lat' dir='ltr'><strong>ne</strong></span> <span class='ocrx_word' id='word_1_236' title='bbox 1589 2784 1706 2834; x_wconf 84' lang='lat' dir='ltr'><strong>longi</strong></span> <span class='ocrx_word' id='word_1_237' title='bbox 1735 2784 1838 2835; x_wconf 86' lang='lat' dir='ltr'><strong>sint,</strong></span> 
     </span>
     <span class='ocr_line' id='line_1_35' title="bbox 273 2860 717 2909; baseline 0.005 -12"><span class='ocrx_word' id='word_1_238' title='bbox 273 2860 473 2898; x_wconf 85' lang='lat' dir='ltr'><strong>omittere</strong></span> <span class='ocrx_word' id='word_1_239' title='bbox 504 2860 717 2909; x_wconf 89' lang='lat' dir='ltr'><strong>pleraque.</strong></span> 
     </span>
    </p>

    <p class='ocr_par' dir='ltr' id='par_1_12' title="bbox 333 2934 1838 2986">
     <span class='ocr_line' id='line_1_36' title="bbox 333 2934 1838 2986; baseline 0.001 -14"><span class='ocrx_word' id='word_1_240' title='bbox 333 2934 472 2973; x_wconf 77' lang='lat' dir='ltr'><strong>Verba</strong></span> <span class='ocrx_word' id='word_1_241' title='bbox 503 2936 630 2984; x_wconf 87' lang='lat' dir='ltr'><strong>quid</strong></span> <span class='ocrx_word' id='word_1_242' title='bbox 664 2936 829 2985; x_wconf 66' lang='lat' dir='ltr'><strong>istic?</strong></span> <span class='ocrx_word' id='word_1_243' title='bbox 862 2935 1107 2985; x_wconf 86' lang='lat' dir='ltr'><strong>significant</strong></span> <span class='ocrx_word' id='word_1_244' title='bbox 1133 2937 1322 2986; x_wconf 89' lang='lat' dir='ltr'><strong>aliquem</strong></span> <span class='ocrx_word' id='word_1_245' title='bbox 1348 2938 1420 2985; x_wconf 92' lang='lat' dir='ltr'><strong>qui</strong></span> <span class='ocrx_word' id='word_1_246' title='bbox 1441 2937 1550 2976; x_wconf 90' lang='lat' dir='ltr'><strong>irato</strong></span> <span class='ocrx_word' id='word_1_247' title='bbox 1566 2936 1838 2975; x_wconf 84' lang='lat' dir='ltr'><strong>obstinatove</strong></span> 
     </span>
    </p>
   </div>
   <div class='ocr_carea' id='block_1_7' title="bbox 1976 0 2034 3334">
    <p class='ocr_par' dir='ltr' id='par_1_13' title="bbox 1976 0 2034 3334">
     <span class='ocr_line' id='line_1_37' title="bbox 1976 0 2034 3334; baseline 0 0"><span class='ocrx_word' id='word_1_248' title='bbox 1976 0 2034 3334; x_wconf 95' lang='lat' dir='ltr'><strong> </strong></span> 
     </span>
    </p>
   </div>
  </div>
 </body>
</html>
