2034 3334
0 0 323 32 ffm'ssw'W*

1029 273 1087 318 58

263 410 440 440 suarum
482 410 627 439 rerum
669 397 992 440 conversionem
1024 396 1202 455 Egeria,
1236 411 1261 441 a
1291 397 1437 443 Virbio
1467 402 1656 453 monita,
1689 414 1862 459 exspec-

261 466 398 511 tabit?
445 467 611 524 Nempe
658 467 847 511 Numam
890 481 1059 524 quoque
1099 469 1145 511 in
1186 470 1324 513 vitam
1365 469 1594 515 reductum
1623 473 1692 515 iri.
1735 470 1858 516 Nihil

258 538 490 589 eiusmodi,
534 538 646 595 quod
690 543 832 582 tamen
865 538 1010 595 aliquo
1042 539 1168 583 modo
1201 539 1253 582 ad
1285 539 1489 598 Egeriam
1521 543 1734 599 pertinere
1765 556 1861 587 cen·

258 609 435 653 sendum
480 614 612 660 esset,
656 610 791 652 bonus
833 608 1005 653 Virbius
1047 609 1174 663 dicit,
1219 615 1366 655 monet
1398 613 1699 658 tantummodo
1729 628 1782 658 ne
1811 615 1859 658 in

260 680 531 724 lamentando
562 680 737 724 modum
766 680 964 733 excedat,
992 680 1099 725 alios
1125 683 1258 725 fuisse
1286 683 1483 727 homines
1507 683 1585 728 illa
1601 686 1857 738 miseriorem

259 753 305 794 in
339 766 522 809 quorum
554 766 733 795 numero
763 754 1043 809 praecipuum
1074 755 1166 810 ipse
1198 757 1342 797 teneat
1372 754 1536 798 locum:

441 822 559 866 Num
590 827 710 880 potes
743 828 818 866 aut
849 823 979 867 audes
1012 823 1123 867 cladi
1154 838 1407 882 componere
1438 829 1628 879 nostrae,

442 894 671 952 Nympha,
707 893 858 937 tuam?
891 899 970 947 (vs.
1007 894 1095 938 530
1113 901 1195 952 sq.)

261 963 448 1017 Quaeso,
482 979 587 1007 num
620 978 775 1008 verum
806 964 916 1008 illud
948 963 1041 1008 est?
1085 965 1235 1009 Nonne
1266 967 1411 1023 quivis
1443 980 1493 1011 ea
1525 966 1766 1012 conditione
1797 962 1858 1012 di'-

260 1034 413 1078 laniari
444 1041 486 1078 et
518 1035 570 1078 ad
596 1035 755 1078 inferos
782 1035 953 1079 detrudi
979 1035 1108 1087 velit,
1138 1042 1188 1079 ut
1213 1036 1312 1080 inde
1338 1037 1541 1081 reductus
1566 1042 1611 1082 et
1634 1039 1856 1096 integrum

258 1110 407 1149 nactus
448 1121 601 1163 corpus
643 1108 688 1149 in
720 1108 1022 1151 amoenissimo
1053 1106 1146 1151 loco
1178 1109 1302 1151 heros
1333 1107 1407 1151 fiat
1439 1122 1568 1165 quem
1598 1107 1784 1167 diligant
1813 1113 1858 1154 et

260 1181 516 1220 venerentur
556 1175 749 1221 incolae?
791 1177 960 1221 Dixeris
1002 1177 1199 1221 Virbium
1240 1178 1421 1235 Egeriae
1463 1193 1513 1222 ea
1554 1178 1855 1224 tantummodo

258 1251 356 1290 ante
398 1247 545 1291 oculos
586 1262 742 1305 ponere
781 1262 889 1305 quae
931 1248 1037 1292 dura
1069 1251 1127 1292 sit
1158 1264 1406 1306 perpessus,
1439 1249 1616 1294 laetiora
1647 1265 1731 1295 non
1762 1264 1858 1295 con-

260 1317 427 1360 solandi
467 1321 608 1375 gratia
650 1319 802 1363 addere
844 1320 914 1363 sed
960 1324 1010 1363 ut
1048 1335 1138 1364 rem
1180 1321 1234 1364 ad
1276 1320 1406 1364 finem
1438 1321 1657 1378 perducat.
1690 1321 1854 1366 Iterum

257 1402 437 1445 quaero:
470 1389 573 1445 quid
607 1389 698 1432 dira
729 1405 843 1434 mors
875 1390 1106 1448 Hippolyti
1137 1405 1366 1435 commune
1393 1392 1521 1436 habet
1548 1407 1649 1436 cum
1673 1392 1856 1452 Egeriae

259 1458 404 1510 luctu,
447 1474 532 1516 qua
571 1462 734 1504 ratione
774 1463 887 1504 inter
928 1476 972 1504 se
1015 1464 1252 1518 comparari
1293 1468 1474 1519 possunt
1506 1465 1577 1520 pia
1607 1477 1717 1507 uxor
1747 1477 1856 1521 quae

258 1532 465 1573 maritum
507 1533 653 1574 amisit
693 1536 736 1574 et
778 1534 876 1589 pius
908 1532 1022 1575 filius
1054 1534 1151 1589 qui,
1184 1538 1305 1589 patre
1337 1534 1599 1586 detestante,
1631 1536 1704 1578 avi
1733 1537 1856 1579 iussu

258 1598 525 1644 dirissimum
564 1604 730 1645 invenit
771 1604 888 1646 vitae
936 1602 1094 1646 finem?
1140 1603 1263 1647 Nihil
1306 1605 1550 1661 responderi
1589 1610 1730 1662 potest
1771 1607 1856 1650 nisi

254 1671 356 1713 hoc:
406 1673 595 1714 tristiora
640 1673 752 1715 hunc
799 1677 1024 1729 expertum
1066 1687 1196 1730 quam
1238 1673 1384 1727 illam,
1427 1679 1471 1718 et
1511 1675 1590 1719 hoc
1620 1690 1712 1720 esse
1742 1675 1855 1721 illud

254 1741 367 1797 quod
397 1741 518 1784 illam
553 1741 679 1785 solari
712 1745 845 1799 possit
878 1743 1124 1800 debeatque.
1157 1744 1342 1796 Parum,
1376 1745 1540 1798 hercle,
1572 1746 1722 1790 idonea
1749 1747 1854 1792 haec

253 1826 378 1854 causa
410 1817 475 1855 est
507 1827 583 1855 cur
615 1813 882 1871 Hippolytus
909 1815 993 1858 huc
1020 1815 1276 1858 adducatur:
1305 1821 1472 1872 poterat
1500 1817 1684 1874 Egeriae
1710 1820 1854 1876 quivis

253 1883 529 1939 popularium
573 1884 624 1927 de
667 1882 905 1942 Oedipode,
949 1885 1119 1936 Oresta,
1163 1887 1378 1944 Antigone
1418 1887 1517 1930 aliis
1549 1901 1744 1940 narrare,
1777 1891 1853 1946 qui

253 1953 324 1997 vel
367 1954 606 2012 Hippolyto
649 1957 891 1999 miseriores
922 1957 1111 2000 fuerunt.
1146 1957 1338 2014 Denique
1370 1960 1565 2015 ineptum
1598 1961 1643 2002 in
1674 1959 1849 2004 modum

255 2024 451 2081 „capillis
499 2026 582 2068 huc
630 2031 838 2069 attractus
884 2028 992 2079 est’',
1043 2032 1094 2070 ut
1134 2042 1210 2070 nos
1251 2027 1482 2085 loquimur,
1528 2029 1799 2088 Hippolytus
1829 2044 1856 2075 a

255 2101 378 2151 poeta
421 2110 695 2152 quaecunque
728 2099 859 2139 etiam
890 2099 934 2139 in
967 2099 1134 2140 scriniis
1166 2098 1340 2141 haberet
1372 2099 1562 2156 aliquam
1594 2101 1855 2144 cont-inentia

255 2167 617 2224 metamorphosin
651 2182 726 2224 per
756 2168 818 2210 fas
851 2173 894 2211 et
926 2169 1043 2211 nefas
1075 2171 1151 2211 uni
1182 2169 1284 2212 huic
1316 2169 1426 2212 libro
1458 2170 1721 2214 inferciente.
1758 2170 1853 2228 Ipse

251 2237 320 2279 hic
363 2251 529 2293 quoque
573 2252 615 2280 se
659 2238 826 2294 prodit:
877 2238 1170 2297 Hippolytum
1213 2242 1330 2282 enim
1371 2243 1628 2284 narrationis
1656 2254 1759 2285 suae
1791 2243 1852 2286 sic

250 2309 427 2350 initium
459 2308 687 2351 facientem
718 2309 908 2352 inducit:

813 2379 976 2423 similes
1008 2379 1190 2424 aliorum
1222 2383 1381 2438 respice
1413 2395 1535 2425 casus
1567 2386 1648 2435 (vs.
1680 2381 1788 2436 494)

253 2462 336 2503 quo
369 2449 471 2504 quid
504 2449 650 2492 falsius
683 2451 992 2507 absurdiusque
1024 2453 1205 2508 cogitari
1238 2450 1406 2508 potest?
1437 2452 1531 2495 Non
1557 2454 1850 2509 componentis

253 2518 597 2575 disponentisque
639 2520 748 2563 illud
788 2526 852 2564 est
884 2522 957 2564 sed
988 2523 1204 2579 ingratam
1238 2525 1447 2565 sarcinam
1478 2537 1728 2580 quocunque
1761 2527 1853 2568 tan-

254 2589 350 2630 dem
384 2589 473 2631 loco
506 2590 754 2634 deiicientis.

317 2659 552 2702 547—551
602 2661 722 2703 Nihil
756 2662 922 2718 proficit
954 2677 1032 2705 sua
1063 2665 1304 2706 narratione
1338 2663 1510 2706 Virbius
1543 2665 1740 2716 (minime
1770 2666 1850 2707 mi-

253 2730 433 2771 randum
464 2730 638 2781 illud!>;
674 2734 716 2773 in
751 2732 947 2775 lacrimas
978 2733 1176 2790 liquescit
1204 2734 1362 2791 Egeria
1389 2739 1432 2777 et
1459 2736 1686 2777 miserante
1713 2734 1850 2778 Diana

251 2801 295 2840 in
329 2801 488 2842 fontem
521 2805 797 2844 convertitur.

314 2871 548 2913 552-621
595 2873 701 2914 Rem
733 2888 889 2915 novam
923 2875 1162 2918 admiratur
1191 2876 1357 2918 vicinus
1386 2874 1570 2917 Virbius.
1605 2874 1676 2918 Sic
1705 2879 1747 2918 et
1774 2875 1850 2919 alii
1902 2871 1905 2875 ’

253 2940 336 2982 alio
370 2945 559 2997 tempore
593 2949 851 2998 stupuerunt
884 2945 1094 2987 homines.
1128 2945 1331 2988 Libenter
1359 2942 1597 2987 credimus!
1630 2944 1729 2987 'Pria
1762 2947 1847 2996 rei,

252 3011 302 3053 de
336 3026 418 3066 qua
451 3026 575 3054 nemo
608 3013 843 3064 dubitabit,
877 3014 1110 3057 afferuntur
1142 3014 1361 3070 exempla:
