2034 3334
896 390 979 430 117

245 581 340 624 Non
371 586 513 624 tamen
545 594 720 638 prorsus
753 580 1034 622 incommodis
1067 580 1139 622 ille
1171 583 1284 623 caret
1317 593 1434 622 amor
1465 579 1682 636 rebusque
1751 577 1755 584 ’

188 658 400 711 adversis3
433 659 562 700 immo
596 657 728 699 multa
759 660 905 712 poetae
937 656 1182 712 perferenda
1217 660 1318 699 sunt
1351 669 1460 712 quae
1492 657 1683 698 animum

189 735 281 777 eius
329 734 471 776 dolore
514 733 709 775 afficiant.
752 733 1003 775 Amantium
1034 732 1129 775 lites
1164 745 1273 788 quae
1307 733 1392 774 sint
1426 745 1550 774 nemo
1583 732 1686 775 Pro-

188 811 322 865 pertio
355 811 507 852 melius
535 810 681 852 didicit
711 810 907 862 docetve;
947 807 1074 863 „aut”
1108 810 1167 850 ait
1200 808 1289 863 (IV,
1326 809 1363 862 7,
1396 810 1450 850 33
1485 810 1584 864 sq.):

311 919 428 974 „Aut
459 923 599 962 tecum
630 922 704 961 aut
735 932 811 974 pro
841 922 882 960 te
915 918 1020 960 mihi
1052 931 1149 960 cum
1183 917 1390 960 rivalibus
1422 930 1539 959 arma

366 995 540 1052 Semper
570 1001 717 1038 erunt:
749 997 795 1037 in
826 999 868 1037 te
900 1009 985 1050 pax
1018 996 1123 1036 mihi
1157 994 1275 1036 nulla
1307 993 1483 1050 placet.'’

249 1104 362 1155 Quin
403 1106 528 1147 etiam
561 1108 621 1146 tot
651 1106 696 1146 in
729 1117 871 1146 amore
903 1105 1025 1159 poeta
1057 1103 1326 1146 conflictatur
1357 1104 1540 1145 miseriis
1572 1102 1686 1144 dolo-

190 1180 407 1236 ribusque,
439 1185 486 1223 ut
517 1194 603 1238 1130
631 1181 802 1237 nomine
829 1180 914 1222 levi
943 1180 1272 1235 reprehensione
1290 1180 1419 1235 digna
1437 1181 1528 1222 eius
1546 1179 1686 1234 poesis

191 1257 327 1299 videri
368 1258 523 1313 possit:
566 1258 694 1299 nimis
725 1257 948 1299 lacrimosa
981 1257 1073 1299 eius
1106 1260 1208 1299 sunt
1240 1257 1441 1310 carmina,
1472 1257 1687 1311 nimisque

190 1333 390 1388 frequens
431 1338 494 1376 est
533 1334 577 1375 in
619 1334 672 1375 iis
716 1334 862 1375 mortis
895 1334 1103 1389 cogitatio.
1138 1332 1319 1375 Plenum
1352 1333 1470 1375 illius
1503 1336 1566 1375 est
1597 1345 1687 1374 car-

192 1422 288 1452 men
336 1409 371 1464 Ι,
418 1410 484 1464 19,
525 1409 786 1465 plenumque
826 1408 998 1467 Πνξὸὂ,
1046 1412 1160 1451 recte
1203 1410 1315 1451 enim
1349 1410 1450 1451 novi
1483 1410 1683 1451 carminis

190 1485 361 1527 initium
393 1485 574 1528 editores
610 1486 685 1528 hos
716 1485 909 1528 fecerunt
942 1498 1120 1528 versus:

309 1584 378 1627 Sic
407 1586 538 1641 igitur
566 1586 702 1641 prima
734 1587 911 1628 moriere
948 1589 1095 1640 aetate,
1133 1586 1360 1642 Properti?

367 1661 449 1704 Sed
483 1675 656 1716 morere,
687 1663 865 1704 interitu
896 1662 1079 1717 gaudeat
1111 1661 1184 1703 illa
1215 1665 1300 1704 tuo.

190 1769 323 1826 Saepe
356 1770 407 1812 de
438 1770 562 1812 titulo
596 1783 674 1812 suo
707 1770 933 1826 sepulcrali
966 1773 1089 1826 poeta
1119 1771 1324 1825 loquitur,
1351 1770 1432 1825 ΙΙΙ,
1461 1772 1499 1825 5,
1527 1772 1582 1812 35
1600 1785 1685 1827 sq.:

308 1869 363 1912 Et
402 1870 486 1912 duo
518 1871 603 1912 sint
634 1883 796 1924 versus,
832 1871 935 1926 „qui
966 1883 1083 1912 nune
1114 1871 1223 1912 iacet
1255 1871 1428 1913 horrida
1458 1871 1625 1926 pulvis3

369 1946 508 1988 Unius
540 1947 607 1988 hic
639 1946 853 2002 quondam
886 1959 1037 1989 servus
1070 1948 1225 1988 amoris
1259 1946 1388 2007 erat.’'

252 2053 331 2109 111,
364 2054 430 2109 19,
464 2055 517 2096 19
550 2068 610 2110 sq.

311 2145 371 2187 Tu
407 2158 499 2188 mea
530 2159 756 2202 compones
790 2151 831 2190 et
863 2148 976 2190 dices
1013 2161 1147 2202 „ossa,
1185 2147 1391 2203 Properti,

370 2220 486 2264 Haec
517 2225 591 2264 tua
622 2226 743 2264 sunt:
776 2223 883 2266 eheu
915 2227 963 2265 tu
994 2224 1098 2265 mihi
1130 2227 1270 2266 certus
1302 2237 1406 2266 eras.
1413 2223 1436 2241 ’'

254 2328 309 2370 Et
340 2329 503 2418 dolores
535 2343 636 2373 suos
667 2344 916 2374 communes
947 2345 1039 2375 esse
1066 2334 1301 2375 amantium
1329 2333 1469 2388 lepide
1487 2334 1548 2375 sic
1565 2333 1686 2375 docet

195 2404 287 2459 (ΙΙΙ,
321 2389 474 2459 23,11
510 2408 609 2461 sq.:)

313 2504 438 2547 Solus
470 2518 617 2548 amans
648 2507 778 2560 novit,
810 2507 980 2561 quando
1011 2509 1229 2563 periturus
1261 2511 1302 2549 et
1333 2521 1357 2549 a
1394 2521 1479 2563 qua

374 2580 519 2632 Morte,
552 2594 691 2637 neque
722 2582 791 2623 hic
821 2582 984 2625 Boreae
1016 2583 1148 2625 flabra
1179 2596 1319 2638 neque
1352 2597 1470 2625 arma
1495 2584 1624 2626 timet.

255 2687 374 2731 Dura
415 2690 528 2731 enim
571 2688 753 2743 Cynthia
790 2693 863 2732 est.
900 2689 1179 2744 „Peccaram”
1212 2692 1271 2732 ait
1302 2690 1392 2746 (IV,
1428 2660 1553 2746 15259
1586 2694 1683 2748 sq.):

319 2797 571 2851 „Peccaram
604 2798 745 2852 semel,
776 2802 817 2840 et
848 2801 981 2840 totum
1015 2812 1111 2840 sum
1143 2799 1294 2854 pulsus
1325 2801 1370 2841 in
1402 2814 1584 2843 annum:

373 2872 425 2914 In
455 2886 521 2915 me
553 2877 796 2916 mansuetas
829 2886 915 2915 non
946 2873 1074 2916 habet
1103 2875 1176 2916 illa
1209 2875 1406 2918 manus.”
