<?xml version="1.0" encoding="UTF-8"?>
<!DOCTYPE html PUBLIC "-//W3C//DTD XHTML 1.0 Transitional//EN"
    "http://www.w3.org/TR/xhtml1/DTD/xhtml1-transitional.dtd">
<html xmlns="http://www.w3.org/1999/xhtml" xml:lang="en" lang="en">
 <head>
  <title>
</title>
<meta http-equiv="Content-Type" content="text/html;charset=utf-8" />
  <meta name='ocr-system' content='tesseract 3.04.00' />
  <meta name='ocr-capabilities' content='ocr_page ocr_carea ocr_par ocr_line ocrx_word'/>
</head>
<body>
  <div class='ocr_page' id='page_1' title='image "./dehoratiopota00hartuoft_0582.png"; bbox 0 0 2034 3334; ppageno 0'>
   <div class='ocr_carea' id='block_1_1' title="bbox 994 371 1077 410">
    <p class='ocr_par' dir='ltr' id='par_1_1' title="bbox 994 371 1077 410">
     <span class='ocr_line' id='line_1_1' title="bbox 994 371 1077 410; baseline 0 0"><span class='ocrx_word' id='word_1_1' title='bbox 994 371 1077 410; x_wconf 87' lang='lat'><strong>198</strong></span> 
     </span>
    </p>
   </div>
   <div class='ocr_carea' id='block_1_2' title="bbox 250 494 1834 2146">
    <p class='ocr_par' dir='ltr' id='par_1_2' title="bbox 307 494 1235 545">
     <span class='ocr_line' id='line_1_2' title="bbox 307 494 1235 545; baseline 0 -10"><span class='ocrx_word' id='word_1_2' title='bbox 307 496 377 535; x_wconf 88' lang='lat'><strong>66.</strong></span> <span class='ocrx_word' id='word_1_3' title='bbox 411 495 557 545; x_wconf 79' lang='lat' dir='ltr'><strong>Pergit</strong></span> <span class='ocrx_word' id='word_1_4' title='bbox 588 496 711 545; x_wconf 88' lang='lat' dir='ltr'><strong>pater</strong></span> <span class='ocrx_word' id='word_1_5' title='bbox 741 494 806 536; x_wconf 91' lang='lat' dir='ltr'><strong>sic</strong></span> <span class='ocrx_word' id='word_1_6' title='bbox 836 494 976 535; x_wconf 84' lang='lat' dir='ltr'><strong>fllium</strong></span> <span class='ocrx_word' id='word_1_7' title='bbox 1008 505 1235 536; x_wconf 87' lang='lat' dir='ltr'><strong>accusare:</strong></span> 
     </span>
    </p>

    <p class='ocr_par' dir='ltr' id='par_1_3' title="bbox 863 572 1636 622">
     <span class='ocr_line' id='line_1_3' title="bbox 863 572 1636 622; baseline 0.005 -11"><span class='ocrx_word' id='word_1_8' title='bbox 863 574 1073 619; x_wconf 89' lang='lat' dir='ltr'><strong>(uxorem)</strong></span> <span class='ocrx_word' id='word_1_9' title='bbox 1106 572 1297 622; x_wconf 90' lang='lat' dir='ltr'><strong>impulsu</strong></span> <span class='ocrx_word' id='word_1_10' title='bbox 1329 573 1493 615; x_wconf 88' lang='lat' dir='ltr'><strong>duxisti</strong></span> <span class='ocrx_word' id='word_1_11' title='bbox 1524 584 1636 615; x_wconf 88' lang='lat' dir='ltr'><strong>meo.</strong></span> 
     </span>
    </p>

    <p class='ocr_par' dir='ltr' id='par_1_4' title="bbox 443 647 1620 700">
     <span class='ocr_line' id='line_1_4' title="bbox 443 647 1620 700; baseline 0.003 -14"><span class='ocrx_word' id='word_1_12' title='bbox 443 647 558 697; x_wconf 83' lang='lat' dir='ltr'>Quae</span> <span class='ocrx_word' id='word_1_13' title='bbox 590 649 699 697; x_wconf 92' lang='lat' dir='ltr'><strong>tum,</strong></span> <span class='ocrx_word' id='word_1_14' title='bbox 733 647 965 687; x_wconf 80' lang='lat' dir='ltr'><strong>obsecutus</strong></span> <span class='ocrx_word' id='word_1_15' title='bbox 996 647 1117 698; x_wconf 90' lang='lat' dir='ltr'><strong>mihi,</strong></span> <span class='ocrx_word' id='word_1_16' title='bbox 1151 647 1293 688; x_wconf 80' lang='lat' dir='ltr'><strong>fecisti</strong></span> <span class='ocrx_word' id='word_1_17' title='bbox 1325 650 1375 688; x_wconf 92' lang='lat' dir='ltr'><strong>ut</strong></span> <span class='ocrx_word' id='word_1_18' title='bbox 1404 649 1620 700; x_wconf 85' lang='lat' dir='ltr'><strong>decuerat,</strong></span> 
     </span>
    </p>

    <p class='ocr_par' dir='ltr' id='par_1_5' title="bbox 442 723 1768 782">
     <span class='ocr_line' id='line_1_5' title="bbox 442 723 1768 782; baseline 0.004 -20"><span class='ocrx_word' id='word_1_19' title='bbox 442 723 564 763; x_wconf 91' lang='lat' dir='ltr'><strong>Nunc</strong></span> <span class='ocrx_word' id='word_1_20' title='bbox 595 723 792 763; x_wconf 89' lang='lat' dir='ltr'><strong>animum</strong></span> <span class='ocrx_word' id='word_1_21' title='bbox 825 733 999 782; x_wconf 79' lang='lat' dir='ltr'><strong>rursum</strong></span> <span class='ocrx_word' id='word_1_22' title='bbox 1031 724 1084 763; x_wconf 85' lang='lat' dir='ltr'><strong>ad</strong></span> <span class='ocrx_word' id='word_1_23' title='bbox 1116 724 1391 765; x_wconf 75' lang='lat' dir='ltr'><strong>meretricem</strong></span> <span class='ocrx_word' id='word_1_24' title='bbox 1425 725 1597 766; x_wconf 81' lang='lat' dir='ltr'><strong>induxti</strong></span> <span class='ocrx_word' id='word_1_25' title='bbox 1627 725 1768 767; x_wconf 85' lang='lat' dir='ltr'><strong>tuum.</strong></span> 
     </span>
    </p>

    <p class='ocr_par' dir='ltr' id='par_1_6' title="bbox 251 800 1823 854">
     <span class='ocr_line' id='line_1_6' title="bbox 251 800 1823 854; baseline 0.003 -15"><span class='ocrx_word' id='word_1_26' title='bbox 251 800 396 850; x_wconf 80' lang='lat' dir='ltr'><strong>Quae</strong></span> <span class='ocrx_word' id='word_1_27' title='bbox 428 800 565 850; x_wconf 90' lang='lat' dir='ltr'><strong>tum,</strong></span> <span class='ocrx_word' id='word_1_28' title='bbox 599 800 909 840; x_wconf 74' lang='lat' dir='ltr'><strong>obsecutus</strong></span> <span class='ocrx_word' id='word_1_29' title='bbox 940 800 1100 851; x_wconf 82' lang='lat' dir='ltr'><strong>mihi,</strong></span> <span class='ocrx_word' id='word_1_30' title='bbox 1133 800 1358 848; x_wconf 85' lang='lat' dir='ltr'><strong>fecisti]</strong></span> <span class='ocrx_word' id='word_1_31' title='bbox 1397 801 1671 851; x_wconf 81' lang='lat' dir='ltr'><strong>„iuveniliter</strong></span> <span class='ocrx_word' id='word_1_32' title='bbox 1698 801 1823 854; x_wconf 78' lang='lat' dir='ltr'><strong>satis,</strong></span> 
     </span>
    </p>

    <p class='ocr_par' dir='ltr' id='par_1_7' title="bbox 250 864 1827 926">
     <span class='ocr_line' id='line_1_7' title="bbox 250 864 1827 926; baseline 0.003 -11"><span class='ocrx_word' id='word_1_33' title='bbox 250 876 352 926; x_wconf 89' lang='lat' dir='ltr'><strong>quia</strong></span> <span class='ocrx_word' id='word_1_34' title='bbox 382 886 468 916; x_wconf 92' lang='lat' dir='ltr'><strong>non</strong></span> <span class='ocrx_word' id='word_1_35' title='bbox 495 876 607 916; x_wconf 83' lang='lat' dir='ltr'><strong>dixit</strong></span> <span class='ocrx_word' id='word_1_36' title='bbox 632 875 872 916; x_wconf 89' lang='lat' dir='ltr'><strong>multum</strong></span> <span class='ocrx_word' id='word_1_37' title='bbox 904 864 1142 916; x_wconf 58' lang='lat' dir='ltr'><strong>amansss’</strong></span> <span class='ocrx_word' id='word_1_38' title='bbox 1171 877 1309 917; x_wconf 87' lang='lat' dir='ltr'><strong>Sensu</strong></span> <span class='ocrx_word' id='word_1_39' title='bbox 1335 887 1460 917; x_wconf 85' lang='lat' dir='ltr'><strong>cassa</strong></span> <span class='ocrx_word' id='word_1_40' title='bbox 1486 877 1615 917; x_wconf 82' lang='lat' dir='ltr'><strong>haec:</strong></span> <span class='ocrx_word' id='word_1_41' title='bbox 1643 877 1827 919; x_wconf 84' lang='lat' dir='ltr'><strong>minime</strong></span> 
     </span>
    </p>

    <p class='ocr_par' dir='ltr' id='par_1_8' title="bbox 252 952 1827 1002">
     <span class='ocr_line' id='line_1_8' title="bbox 252 952 1827 1002; baseline 0.002 -10"><span class='ocrx_word' id='word_1_42' title='bbox 252 952 597 992; x_wconf 85' lang='lat' dir='ltr'><strong>iuveniliter</strong></span> <span class='ocrx_word' id='word_1_43' title='bbox 633 953 702 992; x_wconf 89' lang='lat' dir='ltr'><strong>hic</strong></span> <span class='ocrx_word' id='word_1_44' title='bbox 739 962 875 992; x_wconf 83' lang='lat' dir='ltr'><strong>senex</strong></span> <span class='ocrx_word' id='word_1_45' title='bbox 911 952 1100 1002; x_wconf 87' lang='lat' dir='ltr'><strong>loquitur</strong></span> <span class='ocrx_word' id='word_1_46' title='bbox 1131 954 1176 993; x_wconf 87' lang='lat' dir='ltr'><strong>et</strong></span> <span class='ocrx_word' id='word_1_47' title='bbox 1206 953 1445 993; x_wconf 90' lang='lat' dir='ltr'><strong>multum</strong></span> <span class='ocrx_word' id='word_1_48' title='bbox 1477 963 1672 995; x_wconf 86' lang='lat' dir='ltr'><strong>amans</strong></span> <span class='ocrx_word' id='word_1_49' title='bbox 1701 953 1827 995; x_wconf 75' lang='lat' dir='ltr'><strong>nihili</strong></span> 
     </span>
    </p>

    <p class='ocr_par' dir='ltr' id='par_1_9' title="bbox 251 1029 1827 1079">
     <span class='ocr_line' id='line_1_9' title="bbox 251 1029 1827 1079; baseline 0.002 -11"><span class='ocrx_word' id='word_1_50' title='bbox 251 1030 331 1069; x_wconf 90' lang='lat' dir='ltr'><strong>est.</strong></span> <span class='ocrx_word' id='word_1_51' title='bbox 375 1029 599 1078; x_wconf 84' lang='lat' dir='ltr'><strong>Suspicor:</strong></span> <span class='ocrx_word' id='word_1_52' title='bbox 646 1029 886 1079; x_wconf 85' lang='lat' dir='ltr'><strong>„leniter</strong></span> <span class='ocrx_word' id='word_1_53' title='bbox 917 1029 1038 1079; x_wconf 81' lang='lat' dir='ltr'><strong>satis,</strong></span> <span class='ocrx_word' id='word_1_54' title='bbox 1073 1029 1173 1078; x_wconf 84' lang='lat' dir='ltr'><strong>quia</strong></span> <span class='ocrx_word' id='word_1_55' title='bbox 1204 1039 1291 1069; x_wconf 90' lang='lat' dir='ltr'><strong>non</strong></span> <span class='ocrx_word' id='word_1_56' title='bbox 1321 1029 1432 1069; x_wconf 88' lang='lat' dir='ltr'><strong>dixit</strong></span> <span class='ocrx_word' id='word_1_57' title='bbox 1463 1029 1827 1071; x_wconf 83' lang='lat' dir='ltr'><strong>meretricem</strong></span> 
     </span>
    </p>

    <p class='ocr_par' dir='ltr' id='par_1_10' title="bbox 252 1104 1826 1155">
     <span class='ocr_line' id='line_1_10' title="bbox 252 1104 1826 1155; baseline 0.002 -11"><span class='ocrx_word' id='word_1_58' title='bbox 252 1105 435 1144; x_wconf 81' lang='lat' dir='ltr'><strong>amans⁹⁹</strong></span> <span class='ocrx_word' id='word_1_59' title='bbox 479 1104 855 1151; x_wconf 86' lang='lat' dir='ltr'><strong>(meretricem</strong></span> <span class='ocrx_word' id='word_1_60' title='bbox 897 1115 1091 1145; x_wconf 85' lang='lat' dir='ltr'><strong>amans</strong></span> <span class='ocrx_word' id='word_1_61' title='bbox 1129 1106 1155 1146; x_wconf 90' lang='lat' dir='ltr'><strong>i.</strong></span> <span class='ocrx_word' id='word_1_62' title='bbox 1185 1115 1220 1145; x_wconf 91' lang='lat' dir='ltr'><strong>e.</strong></span> <span class='ocrx_word' id='word_1_63' title='bbox 1254 1116 1520 1155; x_wconf 89' lang='lat' dir='ltr'><strong>quamquam</strong></span> <span class='ocrx_word' id='word_1_64' title='bbox 1551 1106 1826 1147; x_wconf 85' lang='lat' dir='ltr'><strong>meretricem</strong></span> 
     </span>
    </p>

    <p class='ocr_par' dir='ltr' id='par_1_11' title="bbox 252 1181 1829 1232">
     <span class='ocr_line' id='line_1_11' title="bbox 252 1181 1829 1232; baseline 0.001 -11"><span class='ocrx_word' id='word_1_65' title='bbox 252 1181 460 1227; x_wconf 85' lang='lat' dir='ltr'><strong>amabas).</strong></span> <span class='ocrx_word' id='word_1_66' title='bbox 503 1181 615 1220; x_wconf 88' lang='lat' dir='ltr'><strong>Nam</strong></span> <span class='ocrx_word' id='word_1_67' title='bbox 651 1191 804 1220; x_wconf 89' lang='lat' dir='ltr'><strong>revera</strong></span> <span class='ocrx_word' id='word_1_68' title='bbox 834 1181 1146 1221; x_wconf 87' lang='lat' dir='ltr'><strong>obsecutus</strong></span> <span class='ocrx_word' id='word_1_69' title='bbox 1177 1181 1339 1232; x_wconf 88' lang='lat' dir='ltr'><strong>mihi,</strong></span> <span class='ocrx_word' id='word_1_70' title='bbox 1374 1191 1474 1222; x_wconf 92' lang='lat' dir='ltr'><strong>cum</strong></span> <span class='ocrx_word' id='word_1_71' title='bbox 1506 1182 1566 1221; x_wconf 94' lang='lat' dir='ltr'><strong>sit</strong></span> <span class='ocrx_word' id='word_1_72' title='bbox 1594 1191 1702 1222; x_wconf 89' lang='lat' dir='ltr'><strong>non</strong></span> <span class='ocrx_word' id='word_1_73' title='bbox 1730 1181 1829 1222; x_wconf 85' lang='lat' dir='ltr'><strong>tua.</strong></span> 
     </span>
    </p>

    <p class='ocr_par' dir='ltr' id='par_1_12' title="bbox 253 1257 1827 1373">
     <span class='ocr_line' id='line_1_12' title="bbox 253 1257 1827 1308; baseline 0.002 -12"><span class='ocrx_word' id='word_1_74' title='bbox 253 1258 454 1306; x_wconf 89' lang='lat' dir='ltr'><strong>sponte</strong></span> <span class='ocrx_word' id='word_1_75' title='bbox 501 1257 596 1296; x_wconf 90' lang='lat' dir='ltr'><strong>sed</strong></span> <span class='ocrx_word' id='word_1_76' title='bbox 643 1257 888 1307; x_wconf 88' lang='lat' dir='ltr'><strong>invitus,</strong></span> <span class='ocrx_word' id='word_1_77' title='bbox 936 1257 1092 1298; x_wconf 90' lang='lat' dir='ltr'><strong>leniter</strong></span> <span class='ocrx_word' id='word_1_78' title='bbox 1137 1257 1301 1298; x_wconf 89' lang='lat' dir='ltr'><strong>dictum</strong></span> <span class='ocrx_word' id='word_1_79' title='bbox 1349 1259 1418 1298; x_wconf 88' lang='lat' dir='ltr'><strong>est</strong></span> <span class='ocrx_word' id='word_1_80' title='bbox 1459 1268 1535 1308; x_wconf 89' lang='lat' dir='ltr'><strong>pro</strong></span> <span class='ocrx_word' id='word_1_81' title='bbox 1574 1257 1827 1299; x_wconf 86' lang='lat' dir='ltr'><strong>meretri-</strong></span> 
     </span>
     <span class='ocr_line' id='line_1_13' title="bbox 255 1343 609 1373; baseline 0.003 -1"><span class='ocrx_word' id='word_1_82' title='bbox 255 1343 370 1372; x_wconf 90' lang='lat' dir='ltr'><strong>cem</strong></span> <span class='ocrx_word' id='word_1_83' title='bbox 402 1343 609 1373; x_wconf 78' lang='lat' dir='ltr'><strong>amans,</strong></span> 
     </span>
    </p>

    <p class='ocr_par' dir='ltr' id='par_1_13' title="bbox 253 1409 1834 2146">
     <span class='ocr_line' id='line_1_14' title="bbox 316 1409 1834 1461; baseline 0.002 -12"><span class='ocrx_word' id='word_1_84' title='bbox 316 1410 385 1449; x_wconf 85' lang='lat'><strong>77.</strong></span> <span class='ocrx_word' id='word_1_85' title='bbox 429 1409 494 1448; x_wconf 89' lang='lat' dir='ltr'><strong>Ad</strong></span> <span class='ocrx_word' id='word_1_86' title='bbox 537 1409 693 1449; x_wconf 87' lang='lat' dir='ltr'><strong>incitas</strong></span> <span class='ocrx_word' id='word_1_87' title='bbox 725 1410 925 1449; x_wconf 90' lang='lat' dir='ltr'><strong>redactus</strong></span> <span class='ocrx_word' id='word_1_88' title='bbox 957 1410 1094 1459; x_wconf 88' lang='lat' dir='ltr'><strong>patris</strong></span> <span class='ocrx_word' id='word_1_89' title='bbox 1126 1411 1395 1460; x_wconf 84' lang='lat' dir='ltr'><strong>argumentis</strong></span> <span class='ocrx_word' id='word_1_90' title='bbox 1426 1420 1609 1451; x_wconf 89' lang='lat' dir='ltr'><strong>uxorem</strong></span> <span class='ocrx_word' id='word_1_91' title='bbox 1639 1410 1834 1461; x_wconf 83' lang='lat' dir='ltr'><strong>recipere.</strong></span> 
     </span>
     <span class='ocr_line' id='line_1_15' title="bbox 255 1485 1827 1537; baseline 0.001 -13"><span class='ocrx_word' id='word_1_92' title='bbox 255 1485 443 1525; x_wconf 89' lang='lat' dir='ltr'><strong>iubentis</strong></span> <span class='ocrx_word' id='word_1_93' title='bbox 474 1485 751 1534; x_wconf 83' lang='lat' dir='ltr'><strong>Pamphilus:</strong></span> <span class='ocrx_word' id='word_1_94' title='bbox 789 1496 900 1535; x_wconf 88' lang='lat' dir='ltr'><strong>„non</strong></span> <span class='ocrx_word' id='word_1_95' title='bbox 929 1487 997 1526; x_wconf 87' lang='lat' dir='ltr'><strong>est</strong></span> <span class='ocrx_word' id='word_1_96' title='bbox 1022 1497 1137 1526; x_wconf 92' lang='lat' dir='ltr'><strong>nunc</strong></span> <span class='ocrx_word' id='word_1_97' title='bbox 1162 1487 1364 1536; x_wconf 90' lang='lat' dir='ltr'><strong>tempus”</strong></span> <span class='ocrx_word' id='word_1_98' title='bbox 1392 1487 1634 1537; x_wconf 88' lang='lat' dir='ltr'><strong>respondet.</strong></span> <span class='ocrx_word' id='word_1_99' title='bbox 1661 1486 1827 1527; x_wconf 81' lang='lat' dir='ltr'><strong>Schol.:</strong></span> 
     </span>
     <span class='ocr_line' id='line_1_16' title="bbox 256 1563 1826 1614; baseline 0.002 -13"><span class='ocrx_word' id='word_1_100' title='bbox 256 1572 362 1602; x_wconf 91' lang='lat' dir='ltr'><strong>non</strong></span> <span class='ocrx_word' id='word_1_101' title='bbox 403 1564 491 1602; x_wconf 89' lang='lat' dir='ltr'><strong>est</strong></span> <span class='ocrx_word' id='word_1_102' title='bbox 531 1572 676 1602; x_wconf 89' lang='lat' dir='ltr'><strong>nunc</strong></span> <span class='ocrx_word' id='word_1_103' title='bbox 718 1564 964 1612; x_wconf 88' lang='lat' dir='ltr'><strong>tempus]</strong></span> <span class='ocrx_word' id='word_1_104' title='bbox 1003 1563 1213 1612; x_wconf 88' lang='lat' dir='ltr'><strong>„oratorie</strong></span> <span class='ocrx_word' id='word_1_105' title='bbox 1245 1563 1437 1613; x_wconf 85' lang='lat' dir='ltr'><strong>confugit</strong></span> <span class='ocrx_word' id='word_1_106' title='bbox 1467 1564 1520 1603; x_wconf 83' lang='lat' dir='ltr'><strong>ad</strong></span> <span class='ocrx_word' id='word_1_107' title='bbox 1551 1563 1826 1614; x_wconf 83' lang='lat' dir='ltr'><strong>deditionem,</strong></span> 
     </span>
     <span class='ocr_line' id='line_1_17' title="bbox 256 1638 1828 1688; baseline 0.001 -11"><span class='ocrx_word' id='word_1_108' title='bbox 256 1638 504 1678; x_wconf 89' lang='lat' dir='ltr'><strong>defensione</strong></span> <span class='ocrx_word' id='word_1_109' title='bbox 549 1638 809 1678; x_wconf 85' lang='lat' dir='ltr'><strong>titubante.’&#39;</strong></span> <span class='ocrx_word' id='word_1_110' title='bbox 858 1638 961 1688; x_wconf 80' lang='lat' dir='ltr'><strong>Quis</strong></span> <span class='ocrx_word' id='word_1_111' title='bbox 1009 1650 1200 1688; x_wconf 87' lang='lat' dir='ltr'><strong>unquam</strong></span> <span class='ocrx_word' id='word_1_112' title='bbox 1247 1640 1300 1679; x_wconf 87' lang='lat' dir='ltr'><strong>ad</strong></span> <span class='ocrx_word' id='word_1_113' title='bbox 1342 1639 1691 1679; x_wconf 89' lang='lat' dir='ltr'><strong>deditionem</strong></span> <span class='ocrx_word' id='word_1_114' title='bbox 1731 1647 1828 1679; x_wconf 85' lang='lat' dir='ltr'><strong>con·</strong></span> 
     </span>
     <span class='ocr_line' id='line_1_18' title="bbox 256 1714 1830 1765; baseline 0.001 -12"><span class='ocrx_word' id='word_1_115' title='bbox 256 1714 379 1765; x_wconf 88' lang='lat' dir='ltr'><strong>fugit,</strong></span> <span class='ocrx_word' id='word_1_116' title='bbox 423 1714 520 1763; x_wconf 88' lang='lat' dir='ltr'><strong>quis</strong></span> <span class='ocrx_word' id='word_1_117' title='bbox 561 1715 614 1754; x_wconf 87' lang='lat' dir='ltr'><strong>ab</strong></span> <span class='ocrx_word' id='word_1_118' title='bbox 655 1715 731 1755; x_wconf 88' lang='lat' dir='ltr'><strong>illa</strong></span> <span class='ocrx_word' id='word_1_119' title='bbox 771 1725 962 1764; x_wconf 89' lang='lat' dir='ltr'><strong>unquam</strong></span> <span class='ocrx_word' id='word_1_120' title='bbox 1001 1716 1194 1765; x_wconf 85' lang='lat' dir='ltr'><strong>speravit</strong></span> <span class='ocrx_word' id='word_1_121' title='bbox 1223 1715 1520 1765; x_wconf 84' lang='lat' dir='ltr'><strong>praesidium?</strong></span> <span class='ocrx_word' id='word_1_122' title='bbox 1550 1714 1830 1765; x_wconf 76' lang='lat' dir='ltr'><strong>Desperantis</strong></span> 
     </span>
     <span class='ocr_line' id='line_1_19' title="bbox 257 1789 1829 1840; baseline 0 -10"><span class='ocrx_word' id='word_1_123' title='bbox 257 1790 338 1830; x_wconf 91' lang='lat' dir='ltr'><strong>hoc</strong></span> <span class='ocrx_word' id='word_1_124' title='bbox 377 1791 523 1840; x_wconf 89' lang='lat' dir='ltr'><strong>potius</strong></span> <span class='ocrx_word' id='word_1_125' title='bbox 564 1801 660 1830; x_wconf 87' lang='lat' dir='ltr'><strong>esse</strong></span> <span class='ocrx_word' id='word_1_126' title='bbox 691 1791 863 1830; x_wconf 88' lang='lat' dir='ltr'><strong>videtur</strong></span> <span class='ocrx_word' id='word_1_127' title='bbox 893 1802 1025 1840; x_wconf 91' lang='lat' dir='ltr'><strong>quam</strong></span> <span class='ocrx_word' id='word_1_128' title='bbox 1057 1791 1268 1831; x_wconf 88' lang='lat' dir='ltr'><strong>tentantis</strong></span> <span class='ocrx_word' id='word_1_129' title='bbox 1300 1791 1434 1831; x_wconf 86' lang='lat' dir='ltr'><strong>etiam</strong></span> <span class='ocrx_word' id='word_1_130' title='bbox 1466 1790 1639 1840; x_wconf 90' lang='lat' dir='ltr'><strong>aliquid.</strong></span> <span class='ocrx_word' id='word_1_131' title='bbox 1670 1789 1726 1830; x_wconf 80' lang='lat' dir='ltr'><strong>Et</strong></span> <span class='ocrx_word' id='word_1_132' title='bbox 1755 1790 1829 1840; x_wconf 81' lang='lat' dir='ltr'><strong>qui</strong></span> 
     </span>
     <span class='ocr_line' id='line_1_20' title="bbox 258 1867 1828 1918; baseline 0.001 -13"><span class='ocrx_word' id='word_1_133' title='bbox 258 1876 371 1916; x_wconf 81' lang='lat' dir='ltr'><strong>„non</strong></span> <span class='ocrx_word' id='word_1_134' title='bbox 417 1868 485 1906; x_wconf 89' lang='lat' dir='ltr'><strong>est</strong></span> <span class='ocrx_word' id='word_1_135' title='bbox 530 1868 732 1917; x_wconf 91' lang='lat' dir='ltr'><strong>tempus”</strong></span> <span class='ocrx_word' id='word_1_136' title='bbox 775 1867 890 1918; x_wconf 86' lang='lat' dir='ltr'><strong>dicit,</strong></span> <span class='ocrx_word' id='word_1_137' title='bbox 933 1878 1039 1906; x_wconf 92' lang='lat' dir='ltr'><strong>num</strong></span> <span class='ocrx_word' id='word_1_138' title='bbox 1081 1867 1344 1907; x_wconf 91' lang='lat' dir='ltr'><strong>deditionem</strong></span> <span class='ocrx_word' id='word_1_139' title='bbox 1386 1867 1522 1907; x_wconf 87' lang='lat' dir='ltr'><strong>facit?</strong></span> <span class='ocrx_word' id='word_1_140' title='bbox 1553 1867 1695 1907; x_wconf 83' lang='lat' dir='ltr'><strong>Immo</strong></span> <span class='ocrx_word' id='word_1_141' title='bbox 1725 1875 1828 1907; x_wconf 84' lang='lat' dir='ltr'><strong>vero</strong></span> 
     </span>
     <span class='ocr_line' id='line_1_21' title="bbox 256 1944 1829 1994; baseline 0 -11"><span class='ocrx_word' id='word_1_142' title='bbox 256 1945 493 1984; x_wconf 86' lang='lat' dir='ltr'><strong>contumax</strong></span> <span class='ocrx_word' id='word_1_143' title='bbox 520 1946 588 1984; x_wconf 89' lang='lat' dir='ltr'><strong>est</strong></span> <span class='ocrx_word' id='word_1_144' title='bbox 619 1945 663 1984; x_wconf 93' lang='lat' dir='ltr'><strong>et</strong></span> <span class='ocrx_word' id='word_1_145' title='bbox 694 1944 951 1994; x_wconf 88' lang='lat' dir='ltr'><strong>obstinatus,</strong></span> <span class='ocrx_word' id='word_1_146' title='bbox 989 1955 1141 1984; x_wconf 87' lang='lat' dir='ltr'><strong>verum</strong></span> <span class='ocrx_word' id='word_1_147' title='bbox 1173 1954 1259 1983; x_wconf 92' lang='lat' dir='ltr'><strong>non</strong></span> <span class='ocrx_word' id='word_1_148' title='bbox 1291 1944 1421 1984; x_wconf 87' lang='lat' dir='ltr'><strong>audet</strong></span> <span class='ocrx_word' id='word_1_149' title='bbox 1452 1945 1599 1993; x_wconf 91' lang='lat' dir='ltr'><strong>aperte</strong></span> <span class='ocrx_word' id='word_1_150' title='bbox 1628 1952 1829 1984; x_wconf 79' lang='lat' dir='ltr'><strong>recusare</strong></span> 
     </span>
     <span class='ocr_line' id='line_1_22' title="bbox 253 2018 1827 2070; baseline -0.001 -10"><span class='ocrx_word' id='word_1_151' title='bbox 253 2021 329 2060; x_wconf 89' lang='lat' dir='ltr'><strong>sed</strong></span> <span class='ocrx_word' id='word_1_152' title='bbox 391 2021 559 2070; x_wconf 89' lang='lat' dir='ltr'><strong>quaerit</strong></span> <span class='ocrx_word' id='word_1_153' title='bbox 621 2051 629 2060; x_wconf 91' lang='lat'><strong>.</strong></span> <span class='ocrx_word' id='word_1_154' title='bbox 651 2051 659 2060; x_wconf 91' lang='lat'><strong>.</strong></span> <span class='ocrx_word' id='word_1_155' title='bbox 680 2051 688 2060; x_wconf 93' lang='lat'>.</span> <span class='ocrx_word' id='word_1_156' title='bbox 708 2020 841 2069; x_wconf 84' lang='lat' dir='ltr'><strong>quid?</strong></span> <span class='ocrx_word' id='word_1_157' title='bbox 902 2021 1043 2060; x_wconf 85' lang='lat' dir='ltr'><strong>Moras</strong></span> <span class='ocrx_word' id='word_1_158' title='bbox 1106 2022 1155 2060; x_wconf 90' lang='lat' dir='ltr'><strong>ut</strong></span> <span class='ocrx_word' id='word_1_159' title='bbox 1217 2020 1377 2070; x_wconf 90' lang='lat' dir='ltr'><strong>opinor.</strong></span> <span class='ocrx_word' id='word_1_160' title='bbox 1441 2019 1551 2069; x_wconf 84' lang='lat' dir='ltr'><strong>Ergo</strong></span> <span class='ocrx_word' id='word_1_161' title='bbox 1607 2018 1827 2059; x_wconf 80' lang='lat' dir='ltr'><strong>dilatio-</strong></span> 
     </span>
     <span class='ocr_line' id='line_1_23' title="bbox 253 2097 508 2146; baseline 0 -10"><span class='ocrx_word' id='word_1_162' title='bbox 253 2107 375 2136; x_wconf 92' lang='lat' dir='ltr'><strong>nem</strong></span> <span class='ocrx_word' id='word_1_163' title='bbox 401 2097 508 2146; x_wconf 86' lang='lat' dir='ltr'><strong>lege.</strong></span> 
     </span>
    </p>
   </div>
   <div class='ocr_carea' id='block_1_3' title="bbox 1675 0 2034 3334">
    <p class='ocr_par' dir='ltr' id='par_1_14' title="bbox 1675 0 2034 3334">
     <span class='ocr_line' id='line_1_24' title="bbox 1675 0 2034 3334; baseline 0 -2640"><span class='ocrx_word' id='word_1_164' title='bbox 1675 0 2034 3334; x_wconf 95' lang='lat' dir='ltr'><strong>    </strong></span> 
     </span>
    </p>
   </div>
   <div class='ocr_carea' id='block_1_4' title="bbox 251 2249 1830 2980">
    <p class='ocr_par' dir='ltr' id='par_1_15' title="bbox 251 2249 1830 2980">
     <span class='ocr_line' id='line_1_25' title="bbox 313 2249 1731 2299; baseline -0.001 -11"><span class='ocrx_word' id='word_1_165' title='bbox 313 2249 362 2299; x_wconf 89' lang='lat' dir='ltr'><strong>V,</strong></span> <span class='ocrx_word' id='word_1_166' title='bbox 402 2250 437 2299; x_wconf 91' lang='lat'><strong>1,</strong></span> <span class='ocrx_word' id='word_1_167' title='bbox 476 2250 541 2288; x_wconf 90' lang='lat'><strong>16.</strong></span> <span class='ocrx_word' id='word_1_168' title='bbox 635 2249 746 2288; x_wconf 85' lang='lat' dir='ltr'><strong>Nam</strong></span> <span class='ocrx_word' id='word_1_169' title='bbox 782 2249 854 2298; x_wconf 91' lang='lat' dir='ltr'><strong>qui</strong></span> <span class='ocrx_word' id='word_1_170' title='bbox 885 2250 984 2298; x_wconf 88' lang='lat' dir='ltr'><strong>post</strong></span> <span class='ocrx_word' id='word_1_171' title='bbox 1014 2249 1177 2289; x_wconf 87' lang='lat' dir='ltr'><strong>factam</strong></span> <span class='ocrx_word' id='word_1_172' title='bbox 1210 2249 1413 2288; x_wconf 90' lang='lat' dir='ltr'><strong>iniuriam</strong></span> <span class='ocrx_word' id='word_1_173' title='bbox 1445 2259 1492 2288; x_wconf 89' lang='lat' dir='ltr'><strong>se</strong></span> <span class='ocrx_word' id='word_1_174' title='bbox 1519 2249 1731 2298; x_wconf 84' lang='lat' dir='ltr'><strong>expurget</strong></span> 
     </span>
     <span class='ocr_line' id='line_1_26' title="bbox 1307 2323 1797 2374; baseline 0 -10"><span class='ocrx_word' id='word_1_175' title='bbox 1307 2327 1476 2374; x_wconf 88' lang='lat' dir='ltr'><strong>[parum</strong></span> <span class='ocrx_word' id='word_1_176' title='bbox 1507 2324 1618 2363; x_wconf 89' lang='lat' dir='ltr'><strong>mihi</strong></span> <span class='ocrx_word' id='word_1_177' title='bbox 1646 2323 1797 2374; x_wconf 88' lang='lat' dir='ltr'><strong>prosit.</strong></span> 
     </span>
     <span class='ocr_line' id='line_1_27' title="bbox 253 2399 1830 2450; baseline 0.001 -12"><span class='ocrx_word' id='word_1_178' title='bbox 253 2400 450 2439; x_wconf 84' lang='lat' dir='ltr'><strong>Parum</strong></span> <span class='ocrx_word' id='word_1_179' title='bbox 492 2400 629 2439; x_wconf 90' lang='lat' dir='ltr'><strong>mihi</strong></span> <span class='ocrx_word' id='word_1_180' title='bbox 669 2401 879 2450; x_wconf 88' lang='lat' dir='ltr'><strong>prosit]</strong></span> <span class='ocrx_word' id='word_1_181' title='bbox 918 2401 982 2450; x_wconf 86' lang='lat' dir='ltr'><strong>„si</strong></span> <span class='ocrx_word' id='word_1_182' title='bbox 1014 2401 1076 2439; x_wconf 89' lang='lat' dir='ltr'><strong>sic</strong></span> <span class='ocrx_word' id='word_1_183' title='bbox 1108 2401 1406 2449; x_wconf 88' lang='lat' dir='ltr'><strong>accipiendum</strong></span> <span class='ocrx_word' id='word_1_184' title='bbox 1438 2401 1487 2439; x_wconf 91' lang='lat' dir='ltr'><strong>ut</strong></span> <span class='ocrx_word' id='word_1_185' title='bbox 1518 2399 1729 2450; x_wconf 88' lang='lat' dir='ltr'><strong>scriptum</strong></span> <span class='ocrx_word' id='word_1_186' title='bbox 1760 2399 1830 2440; x_wconf 86' lang='lat' dir='ltr'><strong>est</strong></span> 
     </span>
     <span class='ocr_line' id='line_1_28' title="bbox 251 2475 1827 2526; baseline 0.001 -13"><span class='ocrx_word' id='word_1_187' title='bbox 251 2475 400 2526; x_wconf 75' lang='grc' dir='ltr'><em>λιτότης</em></span> <span class='ocrx_word' id='word_1_188' title='bbox 443 2478 510 2515; x_wconf 87' lang='lat' dir='ltr'><strong>est</strong></span> <span class='ocrx_word' id='word_1_189' title='bbox 550 2482 625 2515; x_wconf 83' lang='lat' dir='ltr'><strong>aut</strong></span> <span class='ocrx_word' id='word_1_190' title='bbox 667 2476 946 2523; x_wconf 76' lang='grc' dir='ltr'><em>ταπείνωσις.”</em></span> <span class='ocrx_word' id='word_1_191' title='bbox 991 2477 1109 2516; x_wconf 88' lang='lat' dir='ltr'><strong>Haec</strong></span> <span class='ocrx_word' id='word_1_192' title='bbox 1152 2478 1302 2525; x_wconf 85' lang='lat' dir='ltr'><strong>aperta</strong></span> <span class='ocrx_word' id='word_1_193' title='bbox 1342 2477 1482 2515; x_wconf 86' lang='lat' dir='ltr'><strong>fronte</strong></span> <span class='ocrx_word' id='word_1_194' title='bbox 1524 2476 1638 2515; x_wconf 88' lang='lat' dir='ltr'><strong>inter</strong></span> <span class='ocrx_word' id='word_1_195' title='bbox 1676 2485 1725 2515; x_wconf 89' lang='lat' dir='ltr'><strong>se</strong></span> <span class='ocrx_word' id='word_1_196' title='bbox 1754 2485 1827 2525; x_wconf 86' lang='lat' dir='ltr'><strong>pu—</strong></span> 
     </span>
     <span class='ocr_line' id='line_1_29' title="bbox 251 2551 1828 2603; baseline 0 -13"><span class='ocrx_word' id='word_1_197' title='bbox 251 2554 408 2600; x_wconf 85' lang='lat' dir='ltr'><strong>gnant:</strong></span> <span class='ocrx_word' id='word_1_198' title='bbox 447 2552 612 2603; x_wconf 77' lang='grc' dir='ltr'><em>Λιτότης</em></span> <span class='ocrx_word' id='word_1_199' title='bbox 644 2553 762 2592; x_wconf 88' lang='lat' dir='ltr'><strong>enim</strong></span> <span class='ocrx_word' id='word_1_200' title='bbox 789 2553 882 2592; x_wconf 89' lang='lat' dir='ltr'><strong>sive</strong></span> <span class='ocrx_word' id='word_1_201' title='bbox 909 2552 1141 2599; x_wconf 78' lang='grc' dir='ltr'><em>ταπείνωσις</em></span> <span class='ocrx_word' id='word_1_202' title='bbox 1170 2551 1308 2601; x_wconf 87' lang='lat' dir='ltr'><strong>figura</strong></span> <span class='ocrx_word' id='word_1_203' title='bbox 1334 2553 1402 2591; x_wconf 90' lang='lat' dir='ltr'><strong>est</strong></span> <span class='ocrx_word' id='word_1_204' title='bbox 1427 2551 1654 2602; x_wconf 82' lang='lat' dir='ltr'><strong>rhetorica,</strong></span> <span class='ocrx_word' id='word_1_205' title='bbox 1682 2552 1727 2591; x_wconf 91' lang='lat' dir='ltr'><strong>et</strong></span> <span class='ocrx_word' id='word_1_206' title='bbox 1753 2551 1828 2600; x_wconf 77' lang='lat' dir='ltr'><strong>qui</strong></span> 
     </span>
     <span class='ocr_line' id='line_1_30' title="bbox 252 2612 1828 2677; baseline 0 -10"><span class='ocrx_word' id='word_1_207' title='bbox 252 2628 389 2677; x_wconf 85' lang='lat' dir='ltr'><strong>figura</strong></span> <span class='ocrx_word' id='word_1_208' title='bbox 421 2629 634 2667; x_wconf 89' lang='lat' dir='ltr'><strong>rhetorica</strong></span> <span class='ocrx_word' id='word_1_209' title='bbox 666 2630 802 2668; x_wconf 88' lang='lat' dir='ltr'><strong>utitur</strong></span> <span class='ocrx_word' id='word_1_210' title='bbox 835 2629 928 2668; x_wconf 86' lang='lat' dir='ltr'><strong>eius</strong></span> <span class='ocrx_word' id='word_1_211' title='bbox 959 2629 1092 2668; x_wconf 87' lang='lat' dir='ltr'><strong>verba</strong></span> <span class='ocrx_word' id='word_1_212' title='bbox 1124 2639 1230 2668; x_wconf 92' lang='lat' dir='ltr'><strong>non</strong></span> <span class='ocrx_word' id='word_1_213' title='bbox 1261 2629 1364 2668; x_wconf 88' lang='lat' dir='ltr'><strong>sunt</strong></span> <span class='ocrx_word' id='word_1_214' title='bbox 1396 2628 1644 2677; x_wconf 88' lang='lat' dir='ltr'><strong>accipienda</strong></span> <span class='ocrx_word' id='word_1_215' title='bbox 1673 2612 1828 2669; x_wconf 25' lang='lat' dir='ltr'><strong>sic-&#39;ut</strong></span> 
     </span>
     <span class='ocr_line' id='line_1_31' title="bbox 252 2702 1828 2753; baseline 0 -11"><span class='ocrx_word' id='word_1_216' title='bbox 252 2705 533 2753; x_wconf 87' lang='lat' dir='ltr'><strong>scriptum</strong></span> <span class='ocrx_word' id='word_1_217' title='bbox 567 2706 665 2743; x_wconf 83' lang='lat' dir='ltr'><strong>est.</strong></span> <span class='ocrx_word' id='word_1_218' title='bbox 700 2705 891 2753; x_wconf 89' lang='lat' dir='ltr'><strong>Apparet</strong></span> <span class='ocrx_word' id='word_1_219' title='bbox 923 2714 1023 2753; x_wconf 89' lang='lat' dir='ltr'><strong>ergo</strong></span> <span class='ocrx_word' id='word_1_220' title='bbox 1056 2703 1251 2743; x_wconf 90' lang='lat' dir='ltr'><strong>scholion</strong></span> <span class='ocrx_word' id='word_1_221' title='bbox 1283 2703 1437 2743; x_wconf 87' lang='lat' dir='ltr'><strong>lacuna</strong></span> <span class='ocrx_word' id='word_1_222' title='bbox 1468 2703 1662 2743; x_wconf 88' lang='lat' dir='ltr'><strong>laborare</strong></span> <span class='ocrx_word' id='word_1_223' title='bbox 1694 2703 1740 2743; x_wconf 89' lang='lat' dir='ltr'><strong>et</strong></span> <span class='ocrx_word' id='word_1_224' title='bbox 1762 2702 1828 2742; x_wconf 83' lang='lat' dir='ltr'><strong>sic</strong></span> 
     </span>
     <span class='ocr_line' id='line_1_32' title="bbox 252 2777 1825 2829; baseline 0.001 -12"><span class='ocrx_word' id='word_1_225' title='bbox 252 2780 339 2818; x_wconf 69' lang='lat' dir='ltr'><strong>fore</strong></span> <span class='ocrx_word' id='word_1_226' title='bbox 383 2780 670 2828; x_wconf 84' lang='lat' dir='ltr'><strong>supplendum</strong></span> <span class='ocrx_word' id='word_1_227' title='bbox 712 2790 831 2819; x_wconf 88' lang='lat' dir='ltr'><strong>esse:</strong></span> <span class='ocrx_word' id='word_1_228' title='bbox 873 2780 937 2829; x_wconf 84' lang='lat' dir='ltr'><strong>„si</strong></span> <span class='ocrx_word' id='word_1_229' title='bbox 969 2780 1032 2818; x_wconf 89' lang='lat' dir='ltr'><strong>sic</strong></span> <span class='ocrx_word' id='word_1_230' title='bbox 1064 2779 1271 2828; x_wconf 88' lang='lat' dir='ltr'><strong>accipitur</strong></span> <span class='ocrx_word' id='word_1_231' title='bbox 1304 2781 1353 2818; x_wconf 92' lang='lat' dir='ltr'><strong>ut</strong></span> <span class='ocrx_word' id='word_1_232' title='bbox 1384 2779 1594 2828; x_wconf 90' lang='lat' dir='ltr'><strong>scriptum</strong></span> <span class='ocrx_word' id='word_1_233' title='bbox 1626 2779 1694 2818; x_wconf 91' lang='lat' dir='ltr'><strong>est</strong></span> <span class='ocrx_word' id='word_1_234' title='bbox 1724 2777 1825 2824; x_wconf 84' lang='lat' dir='ltr'><strong>(lan-</strong></span> 
     </span>
     <span class='ocr_line' id='line_1_33' title="bbox 251 2855 1331 2904; baseline 0.001 -12"><span class='ocrx_word' id='word_1_235' title='bbox 251 2855 429 2902; x_wconf 82' lang='lat' dir='ltr'><strong>guidum</strong></span> <span class='ocrx_word' id='word_1_236' title='bbox 464 2858 541 2903; x_wconf 74' lang='lat' dir='ltr'><strong>est,</strong></span> <span class='ocrx_word' id='word_1_237' title='bbox 576 2856 664 2900; x_wconf 79' lang='lat' dir='ltr'><strong>sed)</strong></span> <span class='ocrx_word' id='word_1_238' title='bbox 698 2855 848 2904; x_wconf 80' lang='grc' dir='ltr'><em>λιτότης</em></span> <span class='ocrx_word' id='word_1_239' title='bbox 881 2857 949 2894; x_wconf 75' lang='lat' dir='ltr'><strong>est</strong></span> <span class='ocrx_word' id='word_1_240' title='bbox 981 2857 1056 2894; x_wconf 77' lang='lat' dir='ltr'><strong>aut</strong></span> <span class='ocrx_word' id='word_1_241' title='bbox 1086 2855 1331 2901; x_wconf 85' lang='grc' dir='ltr'><strong><em>ταπείνωσις.</em></strong></span> 
     </span>
     <span class='ocr_line' id='line_1_34' title="bbox 311 2930 1737 2980; baseline 0.001 -13"><span class='ocrx_word' id='word_1_242' title='bbox 311 2931 379 2968; x_wconf 74' lang='lat'><strong>40.</strong></span> <span class='ocrx_word' id='word_1_243' title='bbox 474 2931 612 2970; x_wconf 79' lang='lat' dir='ltr'><strong>Verba</strong></span> <span class='ocrx_word' id='word_1_244' title='bbox 644 2932 762 2969; x_wconf 86' lang='lat' dir='ltr'><strong>senis</strong></span> <span class='ocrx_word' id='word_1_245' title='bbox 796 2932 847 2970; x_wconf 86' lang='lat' dir='ltr'><strong>ad</strong></span> <span class='ocrx_word' id='word_1_246' title='bbox 880 2930 1138 2970; x_wconf 89' lang='lat' dir='ltr'><strong>Bacchidem</strong></span> <span class='ocrx_word' id='word_1_247' title='bbox 1170 2930 1441 2980; x_wconf 88' lang='lat' dir='ltr'><strong>peregrinam</strong></span> <span class='ocrx_word' id='word_1_248' title='bbox 1474 2930 1580 2969; x_wconf 89' lang='lat' dir='ltr'><strong>haec</strong></span> <span class='ocrx_word' id='word_1_249' title='bbox 1612 2931 1737 2968; x_wconf 88' lang='lat' dir='ltr'><strong>sunt:</strong></span> 
     </span>
    </p>
   </div>
  </div>
 </body>
</html>
