2034 3334
977 407 1006 447 4

244 533 479 577 iucundius
527 532 731 576 utiliusve
778 545 906 588 quam
954 531 1124 588 longam
1170 530 1286 574 illam
1332 529 1549 586 perlegere
1590 529 1742 571 seriem

244 611 435 653 locorum
478 609 873 663 disertissimorum,
915 620 1024 664 quos
1067 619 1123 650 ex
1153 607 1270 650 omni
1301 619 1457 663 genere
1487 606 1742 662 scriptorum

242 687 297 729 ad
326 687 614 729 coniecturam
643 698 766 728 suam
795 683 1092 727 stabiliendam
1120 683 1261 726 attulit
1291 683 1357 725 vir
1381 682 1453 726 ille
1483 685 1573 726 tam
1589 682 1744 725 doctri-

243 775 324 806 nae
354 763 476 818 copia
506 760 767 804 admirabilis
799 773 926 816 quam
961 763 1196 803 venustate.

302 838 336 894 Ι,
368 838 436 880 22.
472 837 617 893 „Pone
648 836 743 881 me”
775 835 982 880 Horatius
1014 836 1228 879 exclamat
1253 835 1393 880 laetus
1415 835 1591 879 deorum
1609 834 1745 879 tutela

245 915 503 959 certissima:

541 1012 661 1056 Pone
692 1025 761 1056 me
791 1013 925 1069 pigris
955 1012 1032 1055 ubi
1061 1012 1182 1055 nulla
1213 1013 1374 1069 campis

540 1089 683 1132 Arbor
713 1089 874 1132 aestiva
904 1092 1121 1132 recreatur
1153 1103 1270 1145 aura,

541 1165 667 1217 Quod
697 1165 810 1209 latus
844 1165 997 1208 mundi
1029 1165 1211 1209 nebulae
1244 1165 1472 1221 malusque

662 1241 858 1299 Iuppiter
886 1245 1064 1299 urguet3

543 1350 662 1394 Pone
694 1350 775 1394 sub
807 1363 938 1393 curru
969 1351 1152 1393 nimium
1184 1351 1415 1407 propinqui

545 1427 656 1471 Solis
688 1428 733 1470 in
766 1431 879 1471 terra
911 1427 1110 1471 domibus
1141 1431 1316 1484 negata:

544 1503 682 1548 Dulce
711 1505 920 1548 ridentem
951 1503 1135 1561 Lalagen
1167 1503 1332 1560 amabo,

630 1600 634 1603 >
666 1579 803 1623 Dulce
832 1580 1091 1636 loquentem.

306 1683 446 1726 Nimis
502 1682 683 1726 obscure
738 1681 881 1724 verbis
934 1694 1032 1724 cur
1049 1695 1112 1724 ru
1157 1681 1391 1723 nimium
1436 1680 1748 1737 propinqui

251 1763 460 1803 terrarum
501 1772 599 1815 pars
641 1758 743 1801 so11s
784 1758 935 1800 ardore
967 1761 1122 1800 exusta
1153 1755 1439 1813 significatum
1471 1757 1746 1813 perspicuum

248 1848 350 1878 vero
378 1839 419 1878 et
447 1833 722 1891 magnificum
749 1838 813 1877 est
830 1833 1231 1889 Peerlkampianum
1260 1846 1280 1876 s
1292 1846 1322 1875 u
1333 1832 1360 1875 b
1386 1845 1410 1874 c
1420 1846 1450 1875 u
1462 1846 1485 1874 r
1495 1845 1516 1874 r
1528 1846 1558 1875 u
1584 1833 1692 1875 nim
1705 1833 1747 1874 ii

246 1912 565 1968 propinquo
597 1910 759 1953 Solis.

309 1988 343 2043 Ι,
375 1989 442 2030 35.
476 1986 583 2038 Quis
608 1986 741 2043 probe
767 1999 813 2029 se
838 1986 1077 2042 intelligere
1105 1985 1332 2028 contendat
1347 1985 1500 2028 horum
1517 1984 1747 2028 verborum

251 2067 354 2120 vim,
386 2064 543 2120 quibus
574 2076 691 2106 nunc
717 2062 949 2105 Fortunam
982 2061 1215 2117 alloquitur
1244 2065 1391 2118 poeta:

543 2164 600 2207 Te
632 2164 738 2221 Spes
769 2167 811 2206 et
842 2162 938 2205 albo
970 2176 1066 2206 rara
1097 2163 1224 2206 Fides
1256 2163 1357 2205 colit

546 2242 698 2284 Velata
728 2255 885 2298 panno,
918 2254 997 2284 nec
1028 2242 1225 2284 comitem
1260 2240 1457 2296 abnegat,

606 2318 840 2374 Utcunque
873 2321 1035 2360 mutata
1064 2321 1259 2373 potentes

664 2394 795 2437 Veste
827 2394 976 2437 domos
1007 2395 1181 2436 inimica
1213 2394 1385 2450 linquis.

314 2494 420 2545 Quis
461 2509 560 2550 non,
601 2497 638 2538 si
680 2495 793 2551 optio
825 2495 961 2550 detur,
993 2493 1200 2537 ambabus
1232 2494 1431 2537 manibus
1462 2492 1748 2548 Peerlkampii

252 2571 476 2613 lectionem
512 2572 707 2627 arripiat:

549 2671 606 2713 Te
638 2670 743 2726 Spes
774 2674 816 2713 et
847 2669 943 2712 albo
974 2683 1079 2713 cana
1111 2669 1237 2713 Fides
1270 2670 1371 2713 colit

550 2746 743 2788 Velatam
775 2747 947 2801 amictu,
979 2746 1055 2789 sed
1084 2748 1281 2790 comitem
1314 2746 1496 2801 abnegat

611 2822 858 2878 Utcumque
890 2826 1053 2865 mutata
1082 2826 1275 2879 potentes

671 2898 797 2941 Veste
829 2899 976 2942 domos
1003 2900 1176 2942 inimica
1207 2899 1379 2955 linquis.
