2034 3334
960 369 1042 409 173

218 492 293 531 sed
333 502 419 532 non
458 493 572 532 ultra
612 493 803 542 procedit
842 492 885 532 τὸ
926 492 1135 546 παρέλκον,
1177 505 1280 534 nam
1322 506 1367 534 m
1381 505 1402 534 e
1414 505 1442 534 u
1454 505 1500 534 m
1542 505 1567 534 a
1577 505 1624 534 m
1636 506 1659 534 0
1671 506 1692 534 r
1704 506 1726 534 e
1738 505 1782 534 m

218 569 261 607 et
291 570 584 617 peccatum
616 570 719 608 sunt
750 569 868 608 verbi
899 570 1211 609 transtulit
1243 570 1456 610 obiectast

277 718 329 767 Π,
378 719 417 767 4,
470 719 515 757 1:
563 720 756 768 „oportet
797 721 944 758 autem
985 730 1140 759 mene
1187 721 1414 768 quaerit
1457 731 1555 759 cum
1598 721 1784 769 quadam

217 793 543 842 gesticulatione
590 795 633 833 et
679 794 993 834 subsultatione
1039 796 1253 844 sperantis
1299 796 1477 845 lenonis,
1522 797 1575 835 ad
1615 797 1696 836 hoc
1736 806 1783 835 se

217 870 363 918 quaeri
380 871 428 909 ut
445 870 638 920 accipiat,
658 871 976 919 pronuntiare.”
992 871 1132 910 Immo
1144 883 1181 920 p
1194 883 1214 911 r
1227 882 1250 910 o
1263 883 1291 910 n
1303 883 1330 911 u
1342 883 1371 910 n
1382 874 1400 911 t
1412 873 1426 910 i
1439 883 1464 911 a
1475 873 1532 922 ri,
1556 874 1606 911 ut
1622 873 1781 922 opinor.

279 946 345 984 10.
380 946 652 985 Stultitia
683 949 769 985 est
801 947 998 993 istaec]
1037 948 1143 997 „hoc
1174 948 1339 987 scilicet
1370 949 1496 988 fateri
1529 949 1567 988 ei
1594 949 1666 997 qui
1693 949 1784 998 ipse

216 1022 328 1070 patri
368 1032 589 1070 nunquam
631 1023 864 1071 quidquam
908 1023 1153 1069 celaverit.’'
1197 1024 1337 1063 Immo
1379 1035 1484 1064 non
1519 1025 1695 1064 fateri
1728 1025 1784 1071 (id

217 1097 333 1137 enim
365 1098 506 1147 magis
538 1099 697 1137 arridet
728 1109 858 1147 quam
889 1099 1180 1139 Westerhovii
1213 1100 1458 1140 coniectura
1494 1101 1706 1146 celare).

279 1174 345 1213 12.
617 1174 723 1223 Quid
755 1175 816 1214 ait
846 1175 1023 1214 tandem
1054 1175 1177 1214 nobis
1211 1176 1401 1215 Sannio?

218 1250 380 1288 Schol.:
428 1250 614 1298 „nobis
645 1257 696 1304 τῷ
730 1249 938 1305 ἰδιωτισμῷ
972 1251 1011 1296 (i.
1031 1262 1066 1290 e.
1087 1252 1221 1290 dativi
1254 1252 1384 1291 ethici
1411 1255 1555 1299 sensu)
1589 1253 1783 1291 additum

217 1326 305 1374 est;
342 1336 428 1364 non
460 1326 575 1364 enim
607 1326 768 1364 nobis
800 1326 1127 1375 intelligendum
1159 1328 1267 1366 est.''
1301 1328 1442 1367 Immo
1474 1328 1636 1367 nobis
1679 1329 1781 1367 ait:

217 1401 389 1440 dativus
421 1401 587 1440 ethicus
619 1402 686 1440 est
716 1402 888 1451 nobis,
923 1412 1009 1441 non
1041 1402 1212 1441 dativus
1245 1403 1399 1442 obiecti
1430 1404 1687 1443 remotioris.

280 1478 345 1516 14.
379 1478 451 1516 Ne
482 1478 594 1516 tam
627 1477 863 1525 quidem]
902 1479 1039 1526 „tam
1067 1488 1142 1526 pro
1169 1479 1378 1528 tamen,
1409 1480 1451 1517 et
1479 1479 1600 1518 deest
1626 1480 1782 1519 dicas

216 1563 297 1592 me
338 1564 653 1603 properare,
696 1555 745 1592 ut
786 1554 844 1592 sit
886 1554 1018 1592 etiam
1055 1554 1308 1593 adverbium
1340 1555 1555 1594 hortantis
1587 1556 1656 1594 vel
1688 1567 1781 1595 con-

217 1629 487 1668 sentientis.”
521 1629 709 1677 Intelligi
739 1629 846 1668 haec
872 1639 957 1667 non
987 1631 1170 1677 possunt
1201 1630 1285 1668 nisi
1317 1630 1491 1669 etiam
1518 1632 1600 1670 alio
1627 1642 1782 1680 genere

215 1704 440 1744 literarum
456 1705 722 1754 depingatur.
741 1705 818 1744 Est
834 1705 950 1744 enim
962 1706 1220 1744 vocabulum
1238 1717 1260 1744 e
1277 1707 1402 1745 textu
1418 1708 1571 1755 poetae
1589 1710 1666 1753 (VS.
1689 1708 1755 1754 15)
1772 1720 1780 1747 :

573 1781 778 1830 Quamvis
811 1781 944 1820 etiam
975 1791 1130 1820 maneo
1163 1781 1327 1820 otiosus
1359 1782 1440 1822 hic.

281 1857 346 1895 18.
379 1856 450 1895 Ne
483 1856 530 1894 si
560 1856 740 1904 magis
767 1856 1039 1895 irritatus
1066 1857 1192 1902 siet]
1226 1857 1372 1906 „velut
1399 1858 1557 1897 clamet
1573 1859 1780 1898 scilicet.⁷'

216 1932 404 1971 Hoccine
430 1932 546 1971 vult:
579 1933 702 1980 „post
727 1942 791 1970 ne
818 1933 1044 1981 exspectes
1070 1933 1251 1971 verbum
1279 1933 1402 1981 quale
1430 1935 1498 1973 est
1515 1934 1781 1974 clamet”?

217 2008 286 2047 An
327 2008 370 2046 in
412 2018 463 2047 ea
502 2018 607 2047 voce
648 2009 756 2047 latet
797 2009 987 2047 canis?
1030 2008 1140 2047 Nam
1177 2009 1242 2047 bis
1280 2009 1395 2048 idem
1427 2010 1471 2048 in
1501 2021 1586 2050 uno
1619 2011 1781 2050 scholio

218 2084 300 2123 dici
331 2084 493 2123 mirum
525 2095 611 2123 non
642 2084 712 2122 sit.

277 2234 352 2283 III,
385 2234 421 2282 l,
451 2234 490 2272 4.
519 2232 806 2271 Neminem
832 2231 1022 2278 habeo]
1056 2232 1182 2281 „quid
1209 2232 1325 2271 enim
1352 2243 1458 2282 opus
1486 2235 1584 2273 est?
1611 2237 1686 2274 aut
1707 2246 1781 2275 cur

218 2320 331 2348 nunc
357 2309 547 2357 quereris
558 2309 606 2347 ‘?”
635 2308 884 2356 Interpellat
912 2308 980 2346 his
1011 2309 1154 2347 verbis
1182 2308 1422 2348 Scholiasta
1450 2310 1703 2361 Sostratam,
1732 2314 1781 2351 ut

219 2385 486 2424 demonstret
527 2384 582 2430 (id
624 2384 735 2431 quod
776 2393 906 2432 supra
936 2383 1119 2432 ponitur)
1152 2384 1368 2433 mulieres,
1404 2394 1503 2423 cum
1535 2387 1777 2436 querantur,

218 2461 358 2500 multa
389 2470 641 2500 coacervare
674 2469 782 2507 quae
814 2469 839 2498 a
870 2459 961 2498 1000
994 2458 1082 2497 sint
1113 2459 1264 2498 aliena.

278 2536 332 2575 ib.
387 2536 548 2575 Solae
590 2537 795 2580 sumus]
843 2545 1088 2583 „nunquam
1131 2535 1353 2583 pluraliter
1393 2536 1590 2576 solae.”
1632 2538 1780 2587 Inepte

219 2611 289 2650 hic
330 2613 582 2661 compilator
623 2611 885 2650 sententiam
928 2611 1115 2660 corrupit
1156 2621 1264 2660 quae
1305 2612 1350 2651 in
1391 2613 1587 2660 sequenti
1619 2614 1779 2653 scholio

218 2688 397 2737 legitur:
454 2697 613 2736 „quum
664 2687 744 2726 hoc
790 2696 948 2726 nomen
993 2686 1306 2735 singularitatis
1352 2689 1421 2738 sit,
1469 2688 1578 2728 mire
1625 2690 1779 2728 solae

218 2763 439 2813 pluraliter
470 2762 622 2802 dixit.’'

280 2840 319 2878 8.
349 2839 547 2878 Scholion
575 2838 627 2877 ad
654 2838 767 2877 hunc
792 2848 968 2877 versum
995 2839 1163 2887 egregie
1190 2841 1437 2879 emendavit
1452 2839 1779 2879 Westerhovius

220 2916 419 2965 legendo:
467 2915 536 2964 „et
577 2914 639 2953 sic
680 2915 835 2953 maluit
875 2915 1025 2964 dicere,
1069 2925 1201 2963 quum
1243 2927 1327 2955 non
1362 2917 1576 2956 Aeschino
1609 2916 1778 2965 culpam
