2034 3334
0 856 37 1202 ⁷ffi'ussiqn2215252*·‘0255512{23¹⁸1
8 766 14 778 “
0 640 37 738 21:³55?-
4 542 38 606 ςξζ·
1 194 43 508 'ff'{2†·‘.,'÷‘'·322‡='-23:‘‡'ss3÷1·'‘²·4
8 59 9 63 ⁴

52 435 54 437 ,
41 339 54 404 «,ῑ<;’
44 299 51 318 Α,
39 240 57 259 ι’
41 203 44 216 “’
53 163 55 170 ⁴
43 94 57 141 ¹5³¹—
44 40 52 74 m*

952 396 1007 438 99

397 521 632 566 Fortunata
664 536 758 566 meo
789 524 827 566 si
860 536 946 578 qua
980 535 1025 565 es
1060 522 1270 566 celebrata
1301 522 1474 565 libeHo!

463 598 661 641 Carmina
693 602 819 642 erunt
849 598 1010 641 formae
1043 601 1106 641 tot
1136 600 1401 642 monimenta
1426 602 1537 642 tuae.

283 706 353 749 Sic
399 720 593 749 amorum
639 709 788 763 poetae
834 707 956 762 loqui
1001 707 1114 762 licet,
1160 720 1303 763 neque
1350 708 1579 763 quisquam
1629 721 1728 751 eum

222 785 395 838 propter
433 783 515 824 hoc
547 783 710 824 dictum
744 783 945 825 derideat.
976 782 1055 825 Est
1089 783 1215 838 enim,
1247 786 1296 825 ut
1326 784 1386 825 ita
1417 783 1568 838 dicam,
1601 785 1729 839 aptis-

223 858 330 900 sima
378 858 588 913 quaedam
630 862 672 901 et
703 859 1007 901 venustissima
1039 860 1292 915 arrogantia,
1326 873 1412 915 qua
1443 873 1530 901 non
1563 863 1649 902 tam
1683 873 1729 902 se

222 934 389 976 extollit
443 938 568 990 poe'ta
621 949 751 990 quam
798 936 935 990 ipsam
982 937 1143 991 poesin,
1191 935 1477 991 formosisque
1525 936 1728 991 puellulis

222 1008 442 1052 blanditur
471 1011 611 1066 magis
645 1024 775 1066 quam
807 1010 891 1053 sibi
923 1011 1106 1066 aliisque
1137 1012 1272 1066 poetis
1305 1012 1381 1067 qui
1413 1012 1508 1053 illas
1540 1013 1728 1054 carmine

222 1085 502 1128 celebrarunt.
528 1086 735 1129 Horatius
763 1099 863 1129 vero
882 1099 985 1143 Q
1003 1087 1120 1129 laudi
1136 1088 1384 1143 gloriaeque
1400 1091 1728 1130 monumentum

224 1173 320 1204 aere
350 1163 583 1217 perennius
615 1164 810 1218 exegisse
845 1162 927 1205 sibi
962 1163 1143 1206 videtur.
1178 1162 1296 1205 Cur?
1325 1162 1436 1213 Quia
1452 1163 1639 1205 difficilia
1655 1163 1729 1205 illa

224 1236 484 1280 Graecorum
532 1241 668 1281 metra
708 1237 874 1281 Latinis
917 1238 1114 1281 versibus
1155 1240 1348 1280 imitatus
1381 1240 1446 1280 sit.
1479 1238 1580 1280 Sine
1611 1251 1728 1280 more

221 1313 435 1369 modoque
484 1314 760 1356 declamantis
806 1314 926 1356 istud
968 1317 1042 1356 est.
1086 1313 1287 1370 Denique
1316 1314 1515 1357 versibus
1547 1314 1728 1370 Proper-

221 1391 350 1432 tianis
397 1403 577 1432 acumen
621 1390 834 1446 quoddam
877 1391 1010 1433 inest:
1047 1403 1146 1432 cum
1177 1391 1265 1433 leni
1298 1390 1484 1446 quodam
1516 1391 1608 1432 risu
1640 1393 1728 1432 tam

219 1465 458 1522 magnificis
490 1467 542 1509 de
569 1480 647 1509 sua
674 1470 763 1509 arte
789 1466 986 1509 versibus
1011 1467 1160 1508 utitur.
1189 1465 1342 1522 Neque
1360 1466 1480 1521 solet,
1498 1470 1547 1508 ut
1564 1467 1727 1521 opinor,

219 1543 258 1585 is
305 1544 381 1598 qui
418 1543 682 1598 lepidissime
724 1543 890 1584 iocatur
931 1542 1190 1584 imitandum
1222 1541 1305 1584 sibi
1335 1554 1573 1597 proponere
1602 1541 1727 1583 illum

222 1619 298 1674 qui
343 1619 515 1661 inanem
558 1618 787 1661 verborum
830 1619 1056 1674 strepitum
1100 1618 1279 1660 ediderit
1310 1630 1453 1674 neque
1487 1617 1727 1673 quidquam

221 1698 448 1751 praeterea.

279 1770 360 1827 IV,
392 1772 431 1822 8,
464 1771 543 1812 17:

397 1862 477 1905 Est
508 1862 667 1918 quibus
697 1861 828 1905 Eleae
860 1863 1078 1917 concurrit
1107 1861 1248 1917 palma
1279 1862 1521 1918 quadrigae.

220 1969 468 2026 Propertius
500 1971 570 2026 ait,
602 1973 643 2013 et
672 1969 907 2013 Horatius:

399 2070 510 2113 Sunt
541 2084 650 2126 quos
682 2070 894 2113 curriculo
925 2070 1148 2126 pulverem
1181 2069 1456 2126 Olympicum

401 2144 630 2201 Collegisse
668 2147 800 2188 iuvat.

284 2253 378 2309 „Ab
410 2255 491 2296 hoc
522 2254 594 2297 ille
624 2267 754 2297 suum
787 2254 998 2310 sumpsit’'
1031 2255 1114 2296 viri
1146 2255 1258 2297 docti
1289 2255 1485 2296 clamant.
1519 2255 1589 2296 An
1622 2267 1721 2309 ergo

219 2330 312 2372 ludi
358 2330 571 2385 Olympici
616 2334 703 2372 tam
746 2331 893 2386 ignota
938 2344 1006 2373 res
1047 2334 1151 2373 sunt
1196 2334 1246 2373 ut
1276 2331 1361 2373 duo
1394 2334 1542 2386 poetae
1573 2344 1723 2374 eorum

221 2407 481 2449 mentionem
517 2406 655 2448 facere
687 2419 774 2448 non
805 2407 970 2462 possint
1001 2408 1107 2462 quin
1140 2408 1282 2449 statim
1316 2410 1481 2449 constet
1513 2419 1612 2448 eum
1648 2408 1724 2462 qui

220 2486 367 2538 postea
409 2483 626 2537 scripserit
665 2485 771 2524 natu
813 2482 1017 2524 maiorem
1058 2495 1151 2524 esse
1192 2483 1440 2524 imitatum?
1471 2483 1531 2524 At
1562 2483 1647 2524 duo
1679 2483 1725 2524 hi

221 2558 304 2600 loci
334 2557 410 2599 ubi
439 2557 534 2599 ludi
566 2555 778 2612 Olympici
809 2557 1087 2599 nominantur
1111 2558 1223 2599 inter
1251 2570 1297 2599 se
1322 2560 1425 2599 sunt
1441 2571 1570 2612 quam
1589 2558 1726 2600 diver-

223 2634 393 2676 sissimi,
440 2633 691 2688 Propertius
733 2633 847 2675 enim
890 2646 914 2674 a
955 2632 1201 2675 Maecenate
1231 2636 1407 2688 rogatus
1438 2636 1488 2675 ut
1518 2647 1723 2688 magnum

223 2709 398 2765 aliquod
446 2712 488 2751 et
533 2708 808 2764 magnificum
857 2709 1097 2751 conscribat
1138 2721 1321 2764 carmen,
1366 2709 1587 2752 heroicum
1619 2713 1724 2765 puto

222 2785 473 2839 lyricumve,
520 2797 590 2826 eas
637 2787 859 2826 enumerat
899 2796 967 2825 res
1011 2783 1169 2838 quibus
1201 2784 1316 2839 apud
1350 2783 1532 2826 Graecos
1566 2785 1726 2827 summi

221 2862 317 2916 viri,
346 2860 703 2917 praestantissimi
735 2859 929 2914 artifices,
958 2859 1154 2902 homines
1185 2859 1455 2915 praedivites,
1484 2861 1571 2902 sint
1588 2861 1724 2917 delec—
