2034 3334
1042 375 1125 416 178

326 501 534 545 Horatius
581 502 696 544 enim
741 502 804 544 sic
845 500 935 544 fere
971 501 1164 543 amicum
1197 500 1455 557 alloquitur:
1492 500 1713 555 „Reticere
1740 501 1831 544 noli

326 581 368 621 te
409 577 657 621 ancillulam
702 577 829 620 istam
864 589 1023 632 amare,
1053 589 1163 620 neve
1194 579 1236 620 te
1266 577 1507 620 amicorum
1541 578 1723 634 pudeat:
1755 590 1831 621 no-

324 658 424 698 runt
480 656 596 698 enim
645 654 819 710 regibus
867 653 1138 710 ducibusque
1186 653 1302 697 idem
1351 653 1596 698 accidissel'
1647 653 1831 698 Ovidius
1843 674 1889 723 [3

326 734 495 774 autem:
549 729 755 785 „Fateor”
803 730 863 772 ait
914 742 1012 784 „me
1058 742 1159 773 cum
1210 729 1413 774 dominae
1462 743 1583 774 meae
1629 724 1858 774 ancillula
1873 705 1971 753 7¹²

326 807 482 851 lusisse
539 806 763 863 quaedam.
819 806 1012 850 Hoccine
1058 810 1146 849 tam
1195 810 1321 863 turpe
1366 807 1564 850 crimen?
1609 808 1670 851 At
1713 806 1830 850 idem

326 883 631 939 Agamemnon
673 883 896 926 commisit
926 886 968 926 et
999 881 1230 925 Achilles.‘’
1262 882 1345 926 Sed
1378 886 1467 926 tota
1496 882 1570 926 illa
1599 888 1701 927 sunt
1732 895 1832 926 con·-

327 960 554 1003 sideranda
590 961 782 1003 carmina
814 963 864 1002 ut
894 959 1021 1016 plane
1052 960 1212 1002 sentias
1247 963 1409 1015 quanta
1439 959 1495 1002 sit
1524 959 1638 1003 inter
1666 972 1716 1003 ea
1746 959 1833 1002 dis-

326 1038 552 1094 crepantia.
597 1036 804 1080 Horatius
846 1037 964 1079 enim
1005 1040 1142 1079 metro
1173 1035 1308 1090 lyrico
1339 1035 1563 1092 epistolam
1597 1035 1746 1079 scribit
1777 1035 1833 1079 ad

325 1114 516 1157 amicum
565 1113 796 1170 quendam,
839 1114 964 1156 cuius
1007 1125 1151 1156 mores
1196 1125 1453 1168 amoresque
1483 1125 1585 1155 cum
1618 1112 1708 1156 leui
1738 1113 1833 1156 risu

327 1190 531 1248 depingit,
571 1191 663 1247 ipse
698 1191 928 1246 integer
959 1193 1034 1233 est.
1071 1188 1330 1245 „Agedum”
1363 1190 1424 1232 ait
1459 1188 1687 1244 „confitere
1716 1189 1832 1233 istud

327 1268 380 1311 de
424 1267 635 1322 Phyllide,
682 1267 787 1324 quid
834 1267 1008 1310 cessas?
1055 1266 1194 1322 lepida
1234 1270 1300 1309 est
1345 1266 1547 1323 puellula.
1576 1266 1636 1309 At
1678 1265 1835 1309 ancilla

327 1348 414 1398 est3
461 1357 604 1387 nonne
649 1347 691 1387 et
736 1343 916 1387 ancillae
960 1343 1137 1387 fuerunt
1177 1342 1351 1399 Briseis,
1380 1343 1609 1386 Tecmessa
1640 1343 1750 1387 aliae
1780 1343 1835 1387 de

328 1420 486 1477 quibus
516 1420 736 1464 Homerus
770 1424 912 1463 narrat
944 1423 985 1463 et
1016 1420 1167 1476 tragici
1200 1419 1351 1463 Graeci
1365 1419 1414 1462 ?'’
1442 1419 1646 1476 Sequitur
1661 1420 1835 1477 stropha

329 1511 459 1553 quam
493 1497 671 1540 Horatio
704 1497 920 1539 abiudicat
944 1496 1285 1552 Peerlkampius,
1312 1497 1633 1552 perversissime
1661 1499 1710 1539 ut
1726 1496 1834 1539 mihi

329 1574 504 1630 quidem
538 1573 718 1617 videtur.
750 1572 935 1616 Plenum
966 1574 1082 1616 enim
1112 1576 1250 1615 totum
1275 1577 1340 1615 est
1357 1585 1532 1615 carmen
1549 1573 1646 1616 eius
1662 1572 1831 1615 iocandi

327 1651 510 1707 generis,
557 1650 674 1706 quod
720 1662 798 1692 nos
845 1650 1007 1692 novitio
1047 1648 1263 1700 ‘vocabulo
1315 1648 1602 1702 „humorem”
1649 1648 1832 1705 appella-

331 1741 454 1780 mus3
486 1727 595 1770 illud
626 1730 771 1769 autem
807 1726 969 1768 mirum
1004 1729 1215 1782 quantum
1246 1729 1430 1781 augetur
1459 1724 1699 1782 magnificis
1716 1725 1833 1768 hisce

331 1803 549 1847 versibus:

626 1903 839 1946 Barbarae
870 1906 1098 1960 postquam
1132 1903 1321 1946 cecidere
1352 1906 1523 1946 turmae

625 1981 826 2024 Thessalo
859 1981 1021 2023 victore
1052 1983 1093 2023 et
1124 1980 1353 2036 ademptus
1383 1979 1546 2024 Hector

626 2057 816 2100 Tradidit
846 2056 971 2100 fessis
1000 2056 1162 2100 leviora
1194 2057 1286 2100 tolli

747 2133 961 2191 Pergama
997 2133 1147 2177 Graiis.

332 2264 407 2317 qui
454 2262 694 2318 tragoediae
741 2262 921 2304 chorum
971 2261 1132 2304 decent.
1178 2261 1289 2304 Tum
1333 2263 1394 2304 sic
1437 2261 1643 2305 Horatius
1672 2263 1833 2319 pergit:

335 2338 475 2392 „Quid
509 2339 624 2394 quod
658 2339 782 2381 vultu
814 2342 904 2381 tam
937 2343 1001 2381 est
1032 2338 1211 2380 honesto
1238 2342 1417 2394 tamque
1439 2338 1606 2380 liberali
1635 2341 1683 2381 ut
1698 2337 1834 2380 nobili

333 2416 487 2470 virgini
526 2417 582 2458 sit
613 2415 797 2458 similior
828 2429 960 2471 quam
993 2415 1183 2458 ancillae.
1217 2414 1379 2465 Quidni
1410 2428 1505 2458 eam
1539 2415 1657 2470 regia
1688 2413 1834 2458 creda-

335 2505 431 2533 mus
470 2505 562 2535 esse
595 2491 819 2548 origine?'’
852 2490 1034 2549 Qidius
1066 2495 1211 2534 tamen
1243 2495 1437 2534 narrat
1468 2491 1521 2533 de
1551 2503 1598 2533 re
1629 2493 1704 2533 aut
1733 2502 1835 2533 vera

331 2572 404 2609 aut
451 2567 503 2609 ab
546 2581 595 2610 eo
627 2567 725 2610 ficta
757 2580 887 2623 quem
920 2567 967 2609 in
998 2579 1146 2610 amore
1178 2567 1526 2609 versatissimum
1559 2579 1654 2609 esse
1684 2566 1829 2609 statim

332 2656 548 2698 agnoscas.
581 2643 645 2686 De
672 2657 721 2686 ea
751 2647 896 2686 autem
930 2644 1181 2699 peritissimi
1207 2641 1386 2685 oratoris
1413 2638 1548 2685 instar
1573 2655 1675 2685 cum
1688 2641 1834 2711 Eu—lta
1890 2662 1895 2668 ·

334 2720 522 2775 disputat
566 2722 789 2773 varietate;
822 2721 1032 2783 rhetorica
1061 2720 1135 2762 illa
1165 2724 1207 2763 et
1239 2720 1469 2776 sophistica
1500 2719 1697 2774 artificia,
1721 2730 1834 2774 quae

334 2809 503 2851 semper
534 2801 574 2839 et
607 2797 803 2852 ubique
792 2811 836 2838 1n
866 2796 1019 2839 Ovidio
1044 2784 1325 2863 admiramur,
1341 2797 1411 2838 hic
1427 2783 1653 2852 splendent
1667 2795 1832 2837 lucent-

335 2885 429 2926 que
476 2872 592 2914 Nihil
640 2873 795 2915 horum
838 2872 1043 2915 Horatius
1086 2872 1213 2915 habet
1253 2885 1395 2928 neque
1436 2873 1505 2914 hic
1546 2883 1687 2926 neque
1717 2869 1832 2912 alibi.
