2034 3334
131 0 144 10 t
191 0 218 10 -ν,
226 0 377 32 -κα--Ψζ“ᾆιιςῖι
385 0 399 6 ¹⁷
415 3 430 14 ‚>
442 0 468 11 φ·
481 0 493 29 ’γ
525 0 539 5 “·
550 0 588 22 ἐξ
597 0 603 7 ι
611 0 752 28 5³³⁷st'F-13ss73'-
766 0 1068 26 ζ’ἣᾱυρτιτηηῃνντζ

1004 248 1092 293 118
1126 304 1134 312 ‚

429 371 697 430 Exultatque
728 376 772 417 et
801 374 876 417 vix
907 373 1050 417 animo
1083 385 1161 416 sua
1189 370 1350 430 gaudia
1378 370 1519 416 differt

426 444 654 489 Barbarus.

244 516 400 560 Versus
431 514 474 559 11
504 514 616 559 863:

823 584 907 629 Vix
937 586 1049 639 iam,
1081 586 1156 631 vix
1186 588 1326 630 cetera
1354 584 1494 629 differt

243 660 288 703 et
317 657 375 702 IV
408 656 520 701 350:

425 727 593 786 Vixque
625 742 792 772 moram
822 729 1001 785 patitur,
1033 728 1110 772 vix
1137 727 1225 771 iam
1257 740 1334 771 sua
1363 726 1525 785 gaudia
1555 726 1698 771 differt

243 801 348 843 satis
388 799 702 851 demonstrant,
746 798 791 842 id
834 798 945 856 quod
976 800 1065 842 iam
1097 812 1164 842 res
1194 798 1288 856 ipsa
1322 797 1466 850 docet,
1499 797 1720 855 differendi
1749 811 1843 843 ver·

243 872 348 915 bum
380 885 463 915 non
489 870 718 915 admittere
742 871 942 914 iunctum
969 870 1052 914 sibi
1078 868 1319 914 ablativum
1344 868 1488 913 auimo.
1521 868 1717 914 Dubium
1737 882 1844 928 ergo

243 957 327 986 non
357 945 423 986 est
453 943 558 999 quin
590 942 647 985 sit
678 941 917 986 revocanda
947 940 1076 985 lectio
1106 955 1130 985 e
1161 941 1406 985 coniectura
1435 942 1559 985 nata:

424 1012 690 1070 Exultatque
721 1014 888 1065 animo,
921 1014 998 1057 vix
1029 1016 1074 1056 et
1104 1025 1181 1056 sua
1212 1010 1373 1070 gaudia
1403 1010 1557 1055 differt.

306 1158 393 1204 537
422 1174 484 1217 sq.
531 1157 722 1217 Cognito
764 1157 887 1203 Terei
928 1158 1113 1202 facinore
1155 1156 1399 1202 Philomela
1440 1160 1486 1202 et
1514 1156 1602 1201 8118
1632 1155 1845 1203 exclamat

244 1235 287 1274 et
318 1231 446 1275 haec:

425 1301 580 1345 Omnia
611 1302 817 1353 turbasti,
853 1299 975 1358 pelex
1008 1315 1088 1358 ego
1120 1300 1233 1344 facta
1263 1300 1446 1352 sororis,

425 1371 492 1416 'l'u
522 1373 725 1430 geminus
755 1373 964 1423 coniunx,
997 1371 1132 1415 hostis
1164 1371 1275 1414 mihi
1305 1369 1450 1414 debita
1471 1385 1620 1426 pom.

247 1444 347 1487 Iure
391 1444 462 1487 hic
510 1443 692 1487 editores
738 1444 961 1501 egregiam
1008 1443 1220 1500 recipiunt
1265 1441 1456 1485 withofii
1500 1440 1842 1487 emendationem

244 1515 411 1568 Proque.
456 1513 621 1557 Vellem
663 1514 796 1557 simul
835 1513 1151 1558 intellexissent
1191 1515 1428 1557 sententiae
1458 1516 1648 1571 partem,
1680 1513 1726 1556 in
1756 1525 1842 1570 qm
1903 1512 1958 1577 *κ’

247 1600 385 1628 nomen
426 1585 536 1628 illud
569 1585 783 1640 proprium
813 1584 999 1642 legatur,
1032 1599 1116 1628 nou
1147 1599 1270 1641 posse
1300 1584 1450 1628 referri
1483 1583 1537 1627 ad
1566 1582 1675 1627 illud
1707 1582 1841 1626 onmia
1916 1612 1920 1613 γ

244 1655 430 1707 turbasti,
458 1656 531 1699 sed
559 1669 635 1712 per
660 1670 704 1699 se
730 1659 842 1699 stare
867 1654 1003 1699 solam
1029 1659 1072 1699 et
1096 1669 1255 1699 novam
1281 1656 1587 1712 cogitationem
1612 1654 1839 1709 continete.

243 1725 300 1769 Et
332 1726 523 1783 profecto
554 1724 654 1769 illa:

878 1795 1002 1854 pelex
1035 1810 1116 1855 ego
1147 1796 1259 1840 facta
1289 1784 1466 1849 sororis,

423 1867 488 1911 Tu
520 1868 722 1925 geminus
753 1869 949 1911 coniunx'

240 1938 458 1981 sufficiunt
483 1938 536 1981 ad
563 1939 694 1981 omnia
721 1939 892 1981 turbasti
918 1938 1234 1996 explicandum.
1262 1938 1380 1991 Quae
1404 1938 1480 1981 ubi
1505 1936 1711 1995 protulit,
1737 1950 1838 1981 cum

241 2009 438 2066 singultu
468 2009 586 2052 addit
617 2011 772 2053 etiam:
805 2024 884 2052 non
914 2010 1010 2052 haec
1040 2010 1139 2052 mihi
1170 2009 1307 2052 debita
1338 2010 1506 2064 Proyne.

300 2080 371 2123 Sic
396 2082 512 2124 enim
537 2080 792 2139 legendum;
820 2083 1032 2125 sententia
1057 2085 1144 2125 est:
1175 2096 1286 2133 „non
1312 2081 1422 2125 hanc
1445 2084 1494 2124 tu
1509 2080 1618 2124 mihi
1636 2079 1835 2139 Prognen

240 2155 282 2195 te
314 2150 603 2195 adducturum
634 2151 854 2209 pollicitus
883 2151 973 2196 es'’.

1144 2250 1159 2285 l
1181 2252 1315 2285 candide

303 2296 390 2341 576
423 2298 617 2341 Stamina
648 2298 867 2342 barbarica
897 2297 1120 2355 suspendit
1150 2297 1309 2355 pallida
1343 2297 1426 2341 tela

239 2370 299 2411 sic
340 2369 517 2412 codices.
565 2369 659 2426 Ego
703 2369 854 2426 quidni
893 2368 1003 2412 illud
1044 2370 1220 2412 candida
1261 2370 1518 2426 recipiamus
1560 2383 1642 2412 non
1683 2366 1833 2420 video,

239 2440 291 2482 cf.
325 2454 387 2483 vs.
421 2454 482 2496 sq.

421 2511 750 2567 Purpureasque
779 2513 901 2554 notas
932 2510 1015 2554 filis
1040 2512 1229 2555 intexuit
1260 2511 1378 2555 albis.

239 2580 385 2637 Neque
417 2585 560 2624 tamen
591 2582 787 2638 improbo
818 2580 989 2624 Heinsii
1020 2582 1188 2624 callida.
1221 2581 1423 2625 Merkelii
1452 2595 1553 2625 vero

422 2651 615 2694 Stamina
651 2653 863 2695 barbarica
896 2652 1119 2709 suspendit
1149 2651 1323 2696 Pallade
1355 2651 1467 2695 telae

241 2735 291 2762 ne
317 2722 743 2765 commemorandum
771 2722 945 2779 quidem
972 2726 1075 2766 erat.
1107 2722 1221 2766 Nam
1247 2723 1419 2766 texendi
1434 2736 1521 2775 ars,
1539 2736 1623 2780 qua
1639 2723 1830 2779 Progne,

239 2792 354 2847 regis
384 2790 523 2835 Attici
556 2792 668 2844 filia,
700 2795 854 2845 utitur,
886 2807 1108 2850 nunquam
1139 2794 1350 2836 barbarica
1380 2793 1463 2837 dici
1494 2796 1648 2851 potest.

302 2924 388 2968 579
693 2928 967 2984 Perfectaque
999 2932 1073 2981 (sc.
1107 2930 1311 2982 stamina)
1341 2928 1518 2972 tradidit
1548 2929 1649 2980 uni,

423 2995 563 3054 thue
594 2998 702 3040 ferat
734 2998 930 3041 dominae
959 3003 1087 3056 gestu
1118 3002 1244 3056 rogat
1274 2998 1365 3042 illa.
1398 2998 1566 3056 Rogata
