2034 3334
978 376 1030 416 11

260 515 345 544 non
390 502 448 544 ita
491 515 560 544 res
601 515 647 544 se
689 501 826 544 habet.
857 501 991 557 Saepe
1022 501 1135 543 enim
1170 500 1284 556 quod
1317 500 1547 542 verisimile
1578 501 1642 541 est
1670 511 1754 540 non

256 581 319 620 est
359 590 518 620 verum.
562 577 660 619 Non
694 578 805 620 levia
836 577 971 619 multa
1003 577 1106 619 vitia
1137 576 1188 618 ab
1220 575 1397 618 Horatio
1429 588 1501 618 reo
1532 576 1576 616 in
1608 576 1756 616 imme-

257 658 397 697 rentes
436 655 735 710 grammaticos
778 655 1242 710 grammaticorumque
1275 652 1506 709 discipulos
1538 651 1755 694 transtulit

255 729 597 786 Peerlkampius3
637 730 769 772 alium
801 730 1013 772 commisit
1044 742 1243 780 errorem,
1277 729 1401 771 cuius
1433 729 1573 770 cuivis
1607 728 1751 769 critico

254 807 299 848 in
346 809 470 862 poe‘ta
514 806 658 861 aliquo
705 806 779 848 diu
822 806 1093 861 multumque
1134 808 1301 848 versato
1342 808 1488 860 parata
1519 807 1584 847 est
1615 804 1751 846 venia.

258 880 341 932 Qui
386 881 514 924 fuerit
557 881 631 923 ille
671 881 828 937 rogas?
870 880 959 923 Vix
999 881 1136 923 audeo
1179 881 1329 923 dicere.
1373 879 1518 923 Metuo
1550 880 1664 923 enim
1696 892 1750 922 ne

257 957 528 1000 inimicorum
574 958 744 1013 agmina
791 958 971 1000 excitem
1021 958 1097 1013 qui
1139 957 1224 999 odii
1256 961 1298 1000 et
1328 957 1635 1013 indignationis
1667 956 1751 998 tela

259 1034 450 1089 undique
479 1035 525 1075 in
558 1046 624 1076 me
654 1035 892 1076 coniiciant.
927 1033 1100 1076 Vocabo
1133 1047 1233 1090 ergo
1266 1033 1318 1076 ab
1350 1033 1499 1076 inferis
1532 1034 1751 1088 ingentem

258 1111 443 1166 aliquem
488 1111 663 1153 Aiacem
712 1110 792 1153 sub
839 1111 964 1153 cuius
1011 1110 1146 1166 clipeo
1195 1110 1349 1152 lateam
1397 1113 1542 1162 tutus3
1593 1109 1751 1151 summi

259 1190 406 1243 poetae
451 1190 548 1229 utar
593 1188 839 1243 patrocinio,
887 1188 1045 1243 egregii
1092 1188 1186 1242 viri,
1233 1188 1279 1228 in
1328 1187 1482 1242 quavis
1527 1186 1755 1242 disciplina

259 1264 623 1319 praestantissimi,
670 1264 722 1306 de
767 1267 855 1306 arte
899 1265 1062 1320 poetica
1107 1264 1263 1306 iudicis
1303 1267 1390 1306 tam
1434 1263 1577 1306 idonei
1622 1276 1752 1318 quam

261 1340 409 1395 aequi:
467 1339 700 1383 Goetheum
745 1341 789 1382 in
837 1353 966 1383 causa
1011 1352 1106 1382 mea
1153 1343 1195 1382 et
1240 1343 1390 1382 testem
1438 1343 1480 1382 et
1523 1342 1752 1395 patronum

261 1416 409 1472 citabo,
442 1418 518 1473 qui
547 1417 600 1460 de
629 1417 804 1460 Horatio
836 1417 939 1460 haec
971 1417 1159 1459 censuit:

443 1557 620 1612 „Horaz.
653 1557 753 1601 Sein
780 1558 1019 1614 poetisches
1045 1557 1194 1601 Talent
1219 1557 1458 1600 anerkannt
1483 1570 1567 1599 nur
1594 1558 1640 1599 in
1666 1555 1755 1598 Ab-

381 1634 489 1677 sicht
534 1633 611 1676 auf
647 1622 891 1677 technische
935 1634 1024 1676 und
1067 1633 1616 1689 Sprachvollkommenheit,
1659 1633 1696 1675 d.
1714 1632 1756 1673 h.

379 1709 681 1766 Nachbildung
708 1710 784 1752 der
811 1709 1112 1753 Griechischen
1140 1710 1277 1753 Metra
1302 1710 1392 1752 und
1420 1710 1494 1753 der
1510 1711 1754 1766 poetischen

379 1785 576 1842 Sprache,
623 1786 747 1829 nebst
790 1788 908 1829 einer
953 1786 1228 1829 furchtbaren
1275 1786 1469 1841 Remittat,
1517 1787 1627 1830 ohne
1673 1788 1754 1830 alle

381 1862 631 1919 eigentliche
664 1862 814 1906 Poesie
845 1862 1076 1906 besonders
1107 1864 1153 1905 in
1186 1863 1267 1906 den
1301 1862 1465 1906 Oden.’'

265 2018 345 2062 His
389 2021 502 2063 enim
549 2020 688 2063 verbis
737 2020 913 2063 Goethei
959 2021 1169 2063 iudicium
1217 2021 1512 2077 complectitur
1558 2022 1624 2063 vir
1671 2021 1755 2064 fide

265 2095 537 2150 dignissimus
563 2096 607 2139 F.
641 2096 705 2139 W.
737 2096 917 2151 Riemer‚
950 2097 1026 2152 qui
1057 2097 1131 2139 diu
1163 2100 1311 2152 poetae
1343 2097 1483 2139 scriba
1513 2097 1607 2140 fuit.
1641 2097 1755 2152 (Mit-

268 2171 514 2227 theilungen
544 2172 650 2215 iiber
681 2172 840 2215 Goethe
873 2172 929 2228 Π,
961 2173 1073 2226 644).

325 2246 423 2288 Non
465 2247 557 2290 dico
588 2261 656 2291 me
686 2262 859 2303 prorsus
890 2248 1066 2291 Goethei
1096 2249 1255 2291 iudicio
1288 2250 1508 2301 assentiri;
1543 2253 1754 2304 quantum

267 2321 319 2364 de
365 2334 414 2364 eo
461 2323 516 2364 sit
556 2323 862 2366 detrahendum
903 2338 1004 2367 mox
1046 2324 1288 2378 declarab03
1324 2325 1398 2367 sed
1431 2326 1555 2367 cuius
1585 2326 1754 2380 generis

265 2410 382 2440 error
421 2397 492 2440 ille
533 2397 661 2440 fuerit
686 2398 979 2456 Peerlkampii,
1009 2401 1147 2443 allatis
1180 2400 1357 2443 Goethei
1390 2400 1530 2443 verbis
1563 2402 1649 2443 iam
1682 2402 1755 2443 ad-

268 2472 487 2516 umbrasse
523 2474 833 2528 quodammodo
881 2476 985 2518 mihi
1033 2476 1192 2530 videor,
1226 2489 1343 2518 nunc
1373 2478 1614 2520 accuratius
1645 2478 1755 2520 indi-

268 2562 363 2592 care
402 2549 596 2591 conabor.
628 2549 736 2592 Utar
765 2552 972 2607 exemplo.
1002 2552 1131 2594 Anno
1167 2553 1282 2594 1778
1314 2552 1564 2596 Pallavicini
1594 2553 1755 2598 Romae

265 2627 312 2667 in
343 2626 603 2668 Bibliotheca
635 2626 827 2669 Palatina
857 2629 1023 2670 invenit
1051 2628 1135 2670 duo
1163 2630 1353 2670 carmina
1379 2629 1540 2672 adiecta
1557 2631 1610 2672 ad
1625 2630 1754 2673 finem

266 2701 383 2744 Libri
413 2702 447 2758 I,
493 2703 624 2758 igitur
654 2703 842 2744 carmina
889 2704 944 2745 39
975 2707 1016 2746 et
1046 2704 1114 2745 40.
1161 2703 1310 2759 Inepta
1342 2717 1392 2747 ea
1424 2709 1536 2760 sunt,
1578 2707 1756 2762 insulsa,

267 2778 434 2831 ieiuna;
492 2777 659 2820 Horatii
716 2791 809 2821 esse
864 2782 960 2834 post
1014 2774 1339 2822 Pallavicinium
1396 2782 1575 2824 credidit
1618 2795 1757 2825 nemo.

267 2853 428 2896 Eorum
474 2857 616 2897 autem
657 2855 838 2897 alterum
881 2854 1201 2911 Peerlkampius
1236 2857 1377 2900 iocose
1407 2861 1449 2900 et
1479 2858 1617 2914 lepide
1650 2862 1756 2901 tam-
