2034 3334
1013 259 1072 304 30

426 382 602 425 Saevior
630 380 706 424 illa
736 382 845 425 freto
877 385 1081 439 surgente
1113 381 1362 426 cadentibus
1391 382 1576 434 Haedis,

427 453 588 496 Durior
617 457 661 495 et
692 452 804 496 ferro
833 452 947 509 quod
976 452 1159 496 Noricus
1191 455 1391 511 excoquit
1421 455 1560 512 ignis,

426 523 483 566 Et
515 537 638 574 saxo,
673 522 786 579 quod
818 523 956 567 adhuc
989 524 1138 566 vivum
1169 523 1309 568 radice
1341 527 1525 576 tenetur,

425 594 609 651 Spernit.

243 666 346 709 Tres
386 667 666 709 insumuntur
698 679 845 708 versus
876 665 930 709 ad
962 679 1054 708 rem
1086 665 1354 710 decantatam
1385 668 1546 723 poetis,
1579 665 1749 725 puellae
1778 665 1842 711 di-

242 736 375 780 lectae
408 736 636 787 duritiem,
670 736 1002 780 describendam.
1041 736 1210 790 Quanto
1240 739 1526 794 praestitisset
1555 751 1641 782 una
1670 738 1743 782 hic
1773 738 1841 782 uti

241 805 456 865 imagine!
490 806 699 850 Taedium
731 811 879 851 movet
910 806 1156 866 legentibus
1184 809 1267 852 ista
1298 808 1527 852 verborum
1557 809 1744 852 ubertas.

306 878 390 923 '741
419 893 480 936 sq.
527 878 803 935 Supplicibus
846 879 1043 935 precibus
1083 879 1243 922 frustra
1283 879 1495 923 absumtis
1526 883 1626 923 ante
1656 875 1842 924 crudelis

241 951 426 1007 virginis
458 950 569 993 fores
601 964 644 993 se
677 949 901 1007 suspendit
931 949 1063 1007 Iphis.
1096 949 1189 1003 Qua
1220 965 1264 994 re
1296 952 1468 1008 cognita

733 1019 976 1064 exclamant
1006 1020 1160 1064 famuli
1190 1021 1432 1079 frustraque
1462 1021 1661 1066 levatum

422 1091 551 1146 (Nam
583 1095 703 1149 pater
733 1092 962 1144 occiderat)
993 1093 1185 1135 referunt
1216 1092 1269 1136 ad
1299 1092 1453 1136 limine.
1481 1094 1650 1137 matris.

240 1163 347 1207 'Pota
388 1165 472 1206 ista
513 1163 780 1219 parenthesis
822 1163 997 1220 putidae
1028 1163 1166 1207 videri
1199 1167 1342 1220 posset
1368 1163 1640 1222 diligentiae,
1672 1165 1757 1208 nisi
1787 1163 1842 1208 ed

239 1249 415 1278 versum
455 1234 717 1291 explendum
758 1236 963 1278 insertam
1005 1239 1231 1278 constaret.
1277 1234 1333 1277 Et
1365 1235 1492 1292 quid,
1527 1235 1725 1288 obsecro,
1757 1236 1840 1280 sibi

236 1305 355 1348 istud
389 1305 563 1362 frustra
605 1303 730 1349 vult?
775 1305 872 1349 Alio
915 1320 1084 1362 quoque
1118 1307 1226 1349 vitio
1258 1305 1423 1350 laborat
1454 1310 1573 1350 totus
1603 1306 1675 1350 hic
1705 1305 1839 1351 locus.

239 1376 495 1419 Addendum
527 1375 690 1433 aliquid
722 1380 814 1420 erat
845 1376 898 1420 ad
930 1376 1312 1420 demonstrandum
1344 1379 1418 1434 qui
1450 1376 1543 1420 fieri
1572 1378 1762 1434 potuerit
1789 1381 1842 1422 ut

238 1448 368 1490 inscia
416 1448 656 1492 Anaxarete
702 1447 929 1491 tolleretur
975 1462 1128 1504 corpus
1175 1448 1525 1506 auferreturque:
1573 1447 1651 1492 illa
1695 1450 1837 1501 enim,

238 1522 536 1575 praetereunte
567 1518 690 1562 aedes
722 1532 821 1562 suas
851 1519 1022 1570 funere,
1057 1519 1159 1576 quid
1189 1524 1365 1576 gestum
1397 1521 1455 1562 sit
1485 1521 1728 1576 cognoscit:

302 1588 388 1633 '753
424 1588 588 1647 Vixque
620 1589 725 1632 bene
755 1591 1011 1646 impositum
1042 1589 1153 1633 lecto
1182 1593 1458 1647 prospexerat
1482 1589 1626 1647 Iphim
1653 1604 1690 1636 e.
1705 1605 1746 1648 q.
1764 1604 1799 1635 s.

239 1660 335 1703 Nisi
367 1665 456 1703 tam
488 1659 628 1705 multa
657 1661 794 1716 ipsius
825 1664 975 1716 poetae
1006 1662 1114 1703 vitia
1144 1661 1213 1703 his
1243 1661 1660 1718 deprehenderentur
1688 1660 1843 1715 libris²

239 1745 315 1787 pro
335 1731 507 1787 frustra
535 1730 769 1788 legendum
802 1733 1039 1787 suspicarer
1061 1732 1233 1788 furtim.

303 1800 390 1845 772
414 1816 502 1858 sqq.

419 1871 650 1915 Proximus
681 1872 891 1915 Ausonias
921 1874 1075 1915 iniusti
1107 1871 1233 1916 miles
1267 1872 1417 1916 Amuli

418 1942 547 1985 Rexit
577 1957 690 1999 opes.
723 1943 1010 2000 Numitorque
1042 1958 1169 1987 senex
1201 1946 1358 1987 amissa
1390 1948 1597 2004 nepotum

420 2014 602 2057 Munere
633 2027 766 2070 regna
797 2016 924 2070 capit.

237 2083 303 2126 Ita
342 2084 412 2128 hic
455 2084 682 2140 disposita,
725 2084 796 2127 vel
828 2086 972 2141 potius
1004 2087 1240 2142 permixta,
1274 2091 1375 2129 sunt
1406 2085 1612 2130 vocabula
1641 2090 1717 2138 ut,
1748 2087 1834 2130 nisi

236 2153 409 2197 aliunde
441 2156 614 2211 cognita
645 2160 755 2198 esset
787 2155 955 2207 fabula,
989 2156 1241 2212 ademptum
1272 2159 1416 2214 potius
1450 2156 1671 2200 Numitori
1702 2170 1832 2214 quam

235 2225 452 2268 redditum
485 2239 509 2267 a
540 2226 765 2281 nepotibus
796 2240 981 2283 regnum
1011 2229 1286 2284 suspicarere.

302 2295 385 2339 785
404 2311 463 2352 sq.
499 2294 611 2339 Cum
643 2296 821 2352 Tarpeia
852 2297 997 2340 hostes
1028 2299 1338 2342 intromitteret

419 2366 520 2409 Sola
551 2366 693 2409 Venus
724 2372 870 2423 portae
903 2368 1104 2412 cecidisse
1136 2369 1345 2426 repagula
1376 2370 1510 2412 sensit

419 2437 474 2479 Et
506 2436 702 2480 clausura
734 2438 840 2489 fuit,
874 2441 957 2481 nisi
989 2439 1101 2495 quod
1131 2440 1367 2484 rescindere
1398 2453 1620 2496 nunquam

418 2507 495 2549 Dis
525 2507 624 2550 licet
658 2513 751 2551 acta
784 2509 926 2552 deum.

237 2577 395 2619 Totum
422 2577 538 2619 istud
566 2578 648 2619 nisi
668 2611 676 2620 .
697 2611 705 2621 .
727 2611 736 2621 .
754 2579 867 2621 deum
899 2594 1074 2622 versum
1106 2580 1270 2637 explet,
1304 2580 1416 2623 nihil
1442 2579 1568 2623 ultra.
1601 2579 1657 2622 Et
1683 2593 1833 2623 revera

236 2649 279 2688 in
322 2649 515 2703 proxime
549 2650 822 2704 sequentibus
853 2649 964 2692 illud
996 2652 1142 2707 ipsum
1174 2651 1250 2694 dea
1281 2651 1437 2694 faciens
1468 2650 1688 2693 inducitur
1717 2649 1830 2706 quod

237 2717 306 2759 hic
336 2718 452 2759 nefas
485 2732 572 2761 esse
606 2719 775 2762 dicitur.

298 2786 383 2830 '799
412 2803 500 2843 sqq.

635 2859 751 2911 Quae
783 2864 858 2912 (sc.
890 2865 1026 2914 arma)
1058 2866 1286 2918 postquam
1318 2860 1531 2904 Romulus
1562 2859 1678 2903 ultro

418 2927 609 2979 Obtulit,
645 2935 686 2971 et
717 2935 846 2972 strata
878 2937 935 2973 est
966 2932 1086 2974 tellus
1116 2932 1299 2974 Romana
1328 2930 1487 2973 Sabinis

422 2999 655 3051 Corporibus
686 3005 816 3042 strata
847 3006 979 3058 estque
1010 3001 1110 3044 suis.

2020 1575 2034 1744 *um-*⁴-
2020 1491 2034 1565 ..‘·<‚'.„.
2020 1460 2034 1478 ξ
2030 1380 2034 1400 n<
2030 1342 2034 1351 q.
2030 1318 2034 1329 ..
