2034 3334
971 366 1051 403 201

237 493 307 541 „et
336 491 416 530 hoc
447 502 508 531 ea
540 502 622 530 rec.
651 491 760 530 est.’'
790 491 1031 529 Pronomen
1058 500 1118 529 ea
1144 490 1409 538 reciprocum
1437 488 1592 527 dicitur
1618 488 1718 536 quia
1744 487 1798 526 ad

231 567 530 617 praecedentia
562 568 629 606 est
659 566 942 606 referendum.

293 645 362 683 77.
412 643 518 693 Quid
565 645 632 682 est
674 643 931 682 narratio
974 642 1327 682 constituta?
1359 641 1525 690 Agitur,
1559 640 1602 678 id
1633 640 1744 688 quod
1775 650 1798 678 e

232 719 585 769 praecedentibus
633 720 820 768 apparet,
870 719 915 757 in
960 718 1204 757 narratione
1251 718 1302 756 de
1348 717 1529 756 fallaciis
1570 716 1797 755 hominum

232 795 345 835 inter
390 806 438 834 se
485 795 806 850 colludentium.
855 794 992 843 Igitur
1036 793 1264 842 legendum
1311 802 1407 831 esse
1453 792 1646 841 suspicor
1686 801 1796 830 nar-

231 872 383 912 ratio
416 871 742 911 constituti.

293 948 362 987 82.
407 947 576 996 Quum
618 948 677 986 tu
708 947 902 986 horum
934 946 1014 984 nil
1045 945 1306 990 refelles]
1345 943 1677 993 „interrogative
1707 953 1798 992 pro-

232 1023 520 1062 nuntiandum
562 1023 671 1061 est.''
716 1022 806 1072 Qui,
847 1032 1018 1071 quaeso,
1052 1021 1207 1069 aliquis
1238 1021 1345 1059 haec
1376 1019 1798 1068 interrogative

231 1099 507 1148 pronuntiare
554 1099 730 1147 potest?
771 1098 877 1137 Pars
918 1097 1140 1136 lemmatis
1181 1095 1318 1145 periit.
1363 1094 1519 1134 Censet
1560 1094 1689 1144 enim,
1723 1095 1798 1133 sed

232 1186 445 1225 perverse,
481 1175 525 1213 in
557 1174 676 1213 istis:

1276 1247 1431 1287 Omnia
1460 1247 1567 1286 haec

355 1325 631 1375 Confingam:
665 1326 776 1373 quod
810 1325 891 1364 erit
922 1325 1030 1363 mihi
1061 1325 1221 1363 bonum
1253 1325 1381 1372 atque
1408 1324 1696 1372 commodum,

354 1402 494 1452 Quum
526 1404 574 1441 tu
605 1402 759 1440 horum
793 1402 852 1440 nil
884 1401 1066 1450 refelles,
1099 1401 1272 1440 vincam
1300 1401 1465 1439 scilicet

232 1489 259 1527 q
274 1478 375 1517 uod
410 1488 505 1516 esse
535 1488 772 1526 pronomen
805 1477 1176 1525 interrogativum.

189 1536 191 1538 V
294 1555 365 1594 85.
398 1554 629 1608 Factum
671 1555 778 1603 est,
818 1554 1048 1592 ventum
1081 1554 1179 1602 est,
1213 1552 1518 1598 vincimur]
1556 1552 1724 1601 „brevis
1757 1553 1800 1591 et

233 1630 370 1669 comis
413 1630 646 1669 narratio.’'
689 1629 816 1668 Nulla
858 1629 1037 1677 cogitari
1073 1630 1215 1677 potest
1248 1629 1422 1668 comis
1453 1628 1654 1667 narratio.
1687 1628 1799 1676 Lege

233 1716 334 1754 ergo
392 1706 625 1754 comica,
681 1715 763 1753 quo
811 1705 1022 1744 adiectivo
1070 1705 1294 1753 aptissime
1340 1704 1599 1743 narrationis
1645 1705 1800 1742 natura

233 1780 513 1830 significatur.

294 1931 325 1980 I,
361 1931 399 1979 3,
438 1931 503 1969 10.
547 1930 672 1979 „Ideo
704 1930 906 1968 insanum
938 1929 999 1968 ait
1030 1929 1335 1978 Antiphonem,
1369 1929 1440 1976 qui
1472 1929 1516 1967 in
1548 1939 1599 1967 ea
1628 1929 1800 1967 fortuna

233 2006 412 2055 positus,
462 2016 571 2054 quae
619 2005 800 2044 adversa
848 2006 891 2044 et
937 2004 1151 2043 contraria
1197 2005 1263 2043 est
1309 2004 1423 2043 idem
1469 2004 1658 2053 patiatur
1689 2004 1800 2051 quod

234 2082 411 2120 miser.”
470 2081 620 2120 Nonne
672 2091 771 2128 ergo
819 2090 969 2119 revera
1014 2079 1148 2118 miser
1194 2080 1266 2127 qui
1312 2080 1356 2117 in
1402 2080 1574 2118 fortuna
1620 2080 1801 2118 adversa

234 2158 401 2206 positus
442 2158 540 2196 est?
584 2156 638 2194 Et
680 2165 788 2203 quae
831 2156 898 2193 est
939 2155 1168 2193 fortuna
1210 2155 1531 2194 contraria?
1571 2155 1663 2194 Duo
1694 2154 1802 2193 vitia

235 2243 321 2271 una
337 2232 598 2271 correctione
616 2230 864 2270 emendabis
881 2230 1059 2278 legendo
1081 2231 1182 2268 adv
1196 2240 1355 2269 ersae
1376 2241 1451 2278 pro
1474 2230 1713 2268 adversa
1735 2230 1798 2268 et.

299 2310 364 2348 13.
427 2308 726 2357 „Opportunus
772 2307 891 2345 locus
938 2307 981 2344 in
1028 2317 1109 2354 quo
1156 2307 1418 2356 ostendatur,
1467 2316 1597 2354 quam
1643 2316 1801 2354 magno

237 2395 383 2423 amore
409 2385 468 2423 sit
495 2393 723 2432 possessus
749 2383 971 2431 Phaedria,
997 2382 1064 2421 cui
1080 2393 1157 2430 par
1173 2383 1434 2431 impenditur
1451 2383 1798 2430 argumentum.”

236 2459 403 2498 Ultima
437 2460 550 2503 *haec
583 2459 670 2497 cui
702 2468 798 2507 par
829 2458 1179 2507 impenditur
1211 2459 1602 2506 argumentum
1634 2467 1799 2506 corrup-

237 2535 410 2573 tissima
442 2535 653 2583 videntur,
688 2534 763 2572 sed
795 2535 942 2582 aptam
975 2533 1284 2572 correctionem
1315 2543 1400 2572 non
1433 2533 1622 2572 invenio.

297 2685 327 2734 Ι,
373 2686 411 2734 4,
459 2685 526 2723 21.
582 2685 782 2733 „Propria
824 2685 867 2723 et
908 2695 986 2723 sua
1028 2684 1178 2732 cuique
1215 2694 1422 2732 personae
1455 2683 1661 2733 exhibuit,
1697 2683 1800 2722 cele·

237 2761 412 2799 ritatem
456 2771 510 2799 ex
548 2760 772 2808 praesagio
810 2760 1022 2798 metuenti
1054 2759 1288 2807 Antiphoni
1325 2760 1368 2798 et
1398 2759 1648 2798 tarditatem
1681 2759 1800 2798 intel-

237 2837 375 2875 lectus
432 2836 565 2883 quieti
620 2836 804 2884 pectoris
861 2845 1011 2874 securo
1068 2836 1344 2875 Phaedriae.’'
1403 2836 1548 2874 Insere
1605 2837 1658 2874 et
1703 2837 1800 2884 post

238 2911 509 2959 pectoris.
