2034 3334
946 347 1000 388 33

218 473 348 531 (quod
385 474 470 529 ille,
512 476 562 516 ut
607 473 787 528 videtur,
817 473 911 529 ipse
942 485 999 516 ex
1032 470 1207 515 Oriente
1238 472 1371 528 petiit)
1404 484 1551 514 secum
1566 470 1728 514 afferat.

219 550 425 607 Lepidum
470 563 574 594 sane
618 554 947 606 argumentum3
993 561 1048 592 ne
1089 552 1235 591 tamen
1277 549 1420 603 nimis,
1452 547 1619 603 Lector,
1649 548 1729 590 hoc

220 640 390 670 carmen
439 627 675 682 admireris,
715 630 864 670 auctor
894 625 972 669 tibi
1005 639 1105 669 sum
1138 628 1185 668 ut
1216 638 1317 668 cum
1352 637 1402 667 eo
1435 623 1730 667 Catullianum

215 704 327 747 illud

530 779 712 824 Cenabis
744 779 854 823 bene
884 780 944 822 mi
975 777 1154 821 Fabulle
1185 777 1301 834 apud
1335 791 1404 820 me

218 905 451 949 compares,
501 891 577 934 ubi
620 891 878 933 contrariam
908 888 1169 932 Horatianae
1200 889 1562 945 permutationem
1594 888 1731 930 amico

217 969 417 1025 proponit
459 967 668 1023 Catullus,
701 967 776 1010 sed
805 970 966 1023 quanto
1001 967 1222 1009 venustior
1252 966 1323 1007 hic
1353 965 1425 1007 illo
1459 968 1536 1020 est,
1569 967 1731 1020 quanto

217 1045 434 1101 urbanior,
481 1049 643 1102 quanto
688 1045 887 1088 facetior!
936 1045 978 1087 A
1022 1043 1188 1086 Catullo
1231 1046 1376 1086 autem
1421 1043 1458 1085 si
1503 1042 1644 1084 statim
1677 1040 1731 1083 ad

217 1122 443 1166 Horatium
492 1122 725 1178 transieris,
761 1121 887 1165 facile
918 1121 998 1164 tibi
1027 1120 1308 1178 persuadebis
1341 1119 1458 1162 hunc
1490 1122 1627 1161 metro
1660 1130 1731 1160 co-

218 1203 362 1243 actum
419 1199 473 1242 ad
530 1198 660 1242 verba
715 1198 960 1255 confugisse
1005 1210 1116 1254 quae
1163 1198 1242 1240 toti
1288 1197 1470 1239 carmini
1516 1195 1730 1238 maculam

220 1276 428 1320 afferrent.
456 1275 606 1319 Unum
637 1288 874 1332 proponam
906 1288 1084 1318 versum

485 1402 556 1445 Ad
583 1415 695 1458 quae
727 1402 764 1445 si
793 1414 998 1458 properas
1029 1400 1189 1458 gaudia
1221 1413 1322 1443 cum
1356 1402 1433 1443 tua

486 1479 627 1522 Velox
660 1491 800 1522 meroe
831 1479 944 1522 veni.

277 1603 391 1655 Quid
410 1628 412 1631 v
431 1605 577 1648 minus
608 1607 722 1647 recte
753 1604 835 1646 hoc
866 1604 960 1646 loeo
993 1604 1096 1659 poni
1129 1603 1267 1659 potuit
1299 1615 1428 1658 quam
1460 1602 1579 1645 istud
1611 1615 1729 1658 pro-

216 1681 411 1736 peras?
453 1680 517 1723 Ea
547 1681 792 1723 conditione
824 1681 1011 1722 amicum
1043 1680 1199 1721 invitat
1232 1677 1438 1721 Horatius
1470 1691 1602 1734 quam
1634 1679 1728 1735 ipse

217 1756 447 1800 admodum
489 1770 663 1813 gravem
696 1757 834 1799 videri
865 1756 970 1799 vult.
1003 1755 1184 1812 Fingere
1215 1769 1316 1812 ergo
1349 1759 1489 1811 potest
1519 1755 1642 1798 illum
1677 1768 1727 1797 ea

215 1836 312 1888 post
357 1833 545 1889 aliquam
593 1833 943 1876 deliberationem
990 1836 1240 1875 contentum
1289 1832 1391 1887 fore,
1423 1831 1547 1874 avide
1579 1844 1726 1888 accep·
1806 1862 1809 1865 ·

216 1911 362 1951 turum
394 1908 556 1966 fingere
586 1923 674 1951 non
705 1914 855 1965 potest.
888 1909 944 1952 Et
977 1922 1106 1965 quam
1139 1909 1282 1964 inepte
1314 1908 1388 1950 illo
1421 1907 1552 1950 verbo
1586 1907 1725 1950 adiec-

217 1984 295 2025 tivi
335 1985 502 2027 velox
537 1987 605 2029 vis
634 1986 896 2042 infringitur.
929 1985 1088 2028 Mirum
1122 1998 1208 2027 non
1243 1989 1308 2028 est
1339 1985 1523 2028 eundem
1557 1987 1725 2040 poetam

218 2060 262 2101 in
310 2060 391 2103 alio
438 2064 626 2105 carmine
668 2061 758 2118 (IV,
794 2064 863 2116 14)
895 2063 949 2105 ad
987 2075 1138 2105 versus
1171 2062 1407 2119 explendos
1438 2062 1496 2103 in
1529 2074 1725 2104 aevum

219 2138 477 2179 aeternet
532 2139 764 2194 scripsisse.
823 2138 906 2181 Sed
964 2138 1093 2181 finem
1151 2139 1238 2181 iam
1290 2138 1413 2191 facio,
1461 2150 1724 2193 quamquam

219 2211 407 2254 abundat
454 2214 579 2255 etiam
627 2215 747 2270 copia
788 2215 980 2257 locorum
1024 2215 1100 2270 qui
1132 2214 1431 2269 Peerlkampio
1468 2212 1723 2255 emendandi

218 2287 289 2330 vel
333 2288 623 2343 proscribendi
665 2303 811 2333 ansam
853 2291 1076 2345 dederunt,
1117 2303 1197 2333 nos
1234 2294 1375 2332 autem
1420 2288 1473 2331 ab
1506 2301 1555 2331 eo
1587 2289 1724 2330 moni-

217 2368 283 2407 tos
330 2365 384 2407 ad
430 2368 542 2408 recte
583 2366 635 2408 de
676 2366 844 2410 Horatii
886 2371 975 2411 arte
1016 2367 1299 2410 iudicandum
1331 2365 1509 2408 reddere
1541 2368 1724 2420 possunt

216 2443 459 2498 paratiores.

273 2601 391 2644 Inter
436 2604 603 2657 poe'tam
649 2604 691 2643 et
721 2601 1049 2645 versificatorem
1085 2605 1125 2645 et
1156 2601 1238 2644 alia
1267 2602 1485 2644 intersunt
1516 2601 1652 2644 multa
1679 2605 1721 2644 et

214 2678 294 2721 hoc
342 2678 459 2734 quod
499 2678 571 2720 ille
615 2677 720 2733 quid
752 2679 808 2720 sit
839 2678 1079 2730 dicendum,
1113 2679 1181 2721 vel
1211 2678 1355 2734 potius
1389 2678 1492 2734 quid
1526 2678 1721 2720 dicturus

215 2756 282 2810 sit,
327 2754 458 2810 probe
519 2755 608 2796 scit.
654 2752 753 2795 Non
800 2754 915 2810 quod
961 2755 1089 2796 anxie
1134 2767 1282 2796 secum
1325 2754 1377 2797 de
1422 2755 1623 2797 carminis
1653 2756 1723 2797 sui

217 2831 382 2874 ambitu
443 2830 724 2874 verborumve
789 2830 957 2873 delectu
1020 2830 1325 2886 deliberaverit,
1377 2831 1452 2872 vix
1496 2831 1610 2873 enim
1652 2830 1722 2872 sui

1564 2903 1587 2938 3
