2034 3334
816 759 1127 814 CAPUT
1174 760 1250 815 II.

458 1126 514 1156 DE
547 1125 740 1157 OAESURA
772 1120 926 1156 ΚΑΤΑ
961 1118 1275 1156 TETAPTON
1310 1117 1604 1155 TPOXAION

765 1197 877 1227 APUD
908 1196 1071 1228 POETAS
1101 1195 1296 1227 LATINOS.

297 1329 420 1372 Hanc
460 1333 651 1372 nostram
692 1330 743 1372 de
787 1329 931 1372 Ovidii
972 1331 1018 1371 in
1060 1330 1464 1385 Metamorphoseon
1494 1328 1617 1370 libris
1650 1326 1750 1369 XIV
1783 1329 1826 1368 et

236 1399 315 1441 XV
356 1401 667 1443 conscribendis
710 1400 977 1457 negligentia
1021 1401 1360 1443 observationem
1402 1402 1445 1442 in
1489 1400 1725 1456 praesentia
1766 1412 1827 1440 se-

238 1484 470 1526 ponamus:
519 1485 619 1513 mox
667 1485 715 1514 ea
757 1471 809 1513 ad
851 1470 982 1513 aliam
1024 1485 1115 1513 rem
1157 1470 1459 1524 illustrandam
1502 1475 1688 1512 utemur.
1745 1468 1828 1511 Sed

235 1556 369 1592 nunc,
414 1544 616 1598 quoniam
657 1542 790 1585 semel
820 1544 865 1584 in
896 1556 941 1584 re
973 1543 1150 1584 metrica
1181 1556 1414 1592 versamur,
1448 1541 1665 1597 paulisper
1697 1542 1828 1583 etiam

233 1614 278 1655 in
309 1627 358 1656 ea
389 1627 620 1656 moremur.

294 1684 593 1736 Quaestionem
625 1683 836 1740 quandam
867 1684 1093 1726 instituam
1125 1685 1294 1739 saepius
1325 1685 1415 1726 iam
1447 1687 1570 1725 antea
1602 1684 1827 1739 agitatam,

234 1755 313 1797 hoc
359 1769 460 1797 vero
507 1758 699 1811 tempore
746 1769 770 1797 a
816 1754 1051 1797 clarissimo
1098 1754 1283 1810 quodam
1332 1756 1424 1797 viro
1467 1754 1714 1796 doctissime
1757 1753 1829 1795 sed

235 1825 387 1877 simul,
432 1827 492 1868 sic
534 1830 646 1868 certe
688 1826 797 1867 mihi
840 1829 924 1868 stat
967 1826 1201 1876 sententia,
1236 1827 1556 1881 perversissime
1587 1827 1827 1867 tractatam.

233 1895 614 1952 Disquisitionibus
662 1898 777 1939 enim
826 1897 915 1938 suis
961 1897 1102 1938 utitur
1150 1895 1202 1938 ad
1244 1896 1621 1939 demonstrandum
1664 1894 1827 1951 aliquid

235 1981 318 2022 quo
357 1966 467 2008 nihil
507 1980 698 2023 unquam
739 1966 889 2009 falsius
933 1966 1044 2009 vidi.
1088 1966 1238 2022 Ipsum
1278 1968 1424 2009 virum
1456 1981 1539 2009 non
1571 1966 1827 2008 nominabo:

235 2037 306 2079 odi
346 2038 460 2079 enim
501 2036 599 2079 lites
642 2041 685 2079 et
724 2036 836 2079 bella
866 2036 1077 2087 literaria3
1112 2037 1215 2092 quid
1247 2038 1329 2079 sibi
1358 2038 1573 2080 invenisse
1605 2038 1724 2078 visus
1753 2035 1827 2077 ille

238 2109 294 2149 sit
333 2109 378 2149 in
410 2106 490 2149 fine
523 2109 673 2163 capitis
704 2107 835 2149 huius
868 2109 1013 2162 paucis
1046 2107 1186 2149 dicam
1218 2109 1383 2158 verbis,
1418 2109 1547 2158 meis,
1580 2111 1628 2149 ut
1663 2108 1824 2162 opinor,

237 2178 476 2220 refutatum
516 2179 604 2219 iam
647 2177 953 2233 explosumque
991 2179 1270 2233 argumentis.
1303 2178 1443 2234 Agam
1475 2179 1590 2219 enim
1623 2177 1673 2219 de
1704 2177 1831 2218 hexa-

239 2252 476 2290 metrorum
506 2246 741 2289 latinorum
773 2261 943 2290 caesura
973 2248 1084 2289 κατὰ
1117 2247 1310 2300 τέταρτον
1343 2253 1548 2300 τροχαῖον.

298 2319 363 2360 Ab
411 2318 600 2360 Homero
646 2317 765 2359 illam
810 2332 1026 2360 caesuram
1070 2317 1217 2360 sedulo
1259 2319 1441 2360 vitatam
1483 2319 1650 2374 primus
1693 2316 1832 2360 Godo-

237 2388 379 2430 fredus
424 2388 697 2430 Hermannus
739 2388 886 2444 (Orph.
930 2403 971 2443 p.
1013 2387 1118 2440 692)
1150 2388 1263 2430 vidit
1304 2392 1346 2430 et
1388 2392 1485 2444 post
1528 2402 1627 2430 eum
1660 2389 1829 2444 saepius

235 2460 319 2501 viri
361 2458 474 2500 docti
515 2459 870 2513 pronuntiarunt,
913 2458 991 2500 hac
1038 2472 1138 2500 vero
1181 2462 1318 2501 aetate
1361 2459 1639 2501 Leeuwenius
1685 2462 1829 2501 noster

236 2533 373 2571 totam
415 2542 507 2571 rem
549 2532 638 2571 tam
682 2528 802 2570 docte
835 2532 956 2570 acute
989 2528 1219 2585 diligenter
1252 2533 1316 2571 est
1347 2533 1637 2585 perscrutatus
1669 2532 1719 2571 ut
1750 2530 1828 2572 vix

237 2613 497 2655 quemquam
530 2612 746 2654 superesse
790 2599 936 2654 opiner
979 2601 1053 2653 qui
1094 2600 1210 2654 quin,
1258 2599 1395 2641 sicubi
1437 2600 1568 2641 etiam
1608 2601 1655 2641 in
1694 2598 1827 2641 Iliade

236 2670 305 2712 vel
338 2670 526 2726 Odyssea
557 2670 813 2719 inveniatur,
846 2668 1138 2711 emendatione
1171 2671 1227 2710 sit
1260 2669 1446 2712 tollenda
1472 2669 1650 2712 dubitet.
1683 2669 1828 2712 Latini

236 2755 336 2783 vero
376 2744 523 2796 poetae
565 2737 697 2795 quid?
739 2738 852 2781 Fieri
883 2743 1023 2794 potest
1053 2743 1103 2780 ut
1133 2738 1336 2781 Ovidium
1369 2739 1603 2797 Virgilium
1635 2739 1740 2782 alios
1769 2739 1828 2782 le-

235 2825 340 2867 gens
383 2814 472 2852 tam
513 2810 644 2866 longo
686 2808 915 2852 intervallo
952 2808 1118 2851 nullam
1150 2810 1359 2852 eiusmodi
1390 2825 1606 2853 caesuram
1635 2813 1827 2854 invenias

238 2885 287 2922 ut
319 2880 485 2923 credere
516 2881 695 2936 incipias
722 2879 774 2921 ad
801 2879 975 2921 Latinos
1000 2893 1168 2935 quoque
1191 2884 1337 2935 poetas
1363 2880 1601 2923 Hermanni
1617 2883 1826 2937 pertinere

235 2949 391 3006 legem.
434 2949 526 3000 Sic,
569 2955 618 2992 ut
654 2950 734 2992 hoc
776 2948 972 3004 exemplo
1014 2953 1123 2998 utar,
1168 2950 1279 3006 quod
1322 2951 1431 2993 mihi
1473 2965 1639 3008 semper
1673 2955 1821 3008 magni
