2034 3334
994 397 1078 435 233

255 519 463 566 Graecam
510 520 620 558 hanc
666 521 929 559 structuram
977 520 1218 558 diceremus
1265 519 1347 558 nisi
1390 521 1628 568 praestaret
1669 521 1817 559 laxam

253 594 628 643 negligentemque
670 596 821 634 dicere.
864 596 1018 634 Hercle
1065 595 1103 633 si
1145 595 1294 633 Graeci
1336 594 1452 633 senis
1495 593 1663 634 Graeca
1687 595 1818 634 verba

253 669 405 708 Latine
446 670 650 708 vertisset
691 670 928 719 Terentius,
963 670 1123 709 acriore
1156 680 1257 708 cura
1279 668 1332 708 'in
1364 675 1413 708 eo
1445 671 1587 710 labore
1618 671 1818 709 versatus

253 745 381 784 esset.
430 745 488 783 At
533 752 657 785 nunc·
692 756 842 785 senem
887 746 1262 795 philosophantem
1309 746 1400 794 ipse
1446 745 1594 786 finxit:
1638 748 1686 786 ut
1718 757 1817 795 ergo

252 820 423 869 ingenio
465 832 542 860 suo
586 823 890 862 convenienter
919 823 1244 872 philosophetur
1276 823 1349 862 dat
1381 833 1568 872 operam,
1603 823 1679 861 sed
1710 832 1818 870 quae

253 896 354 935 eius
376 898 434 936 sit
466 899 705 937 enuntiatio
738 901 781 938 et
813 898 1025 947 syntaxis,
1061 898 1102 937 id
1135 909 1236 937 vero
1268 899 1415 937 minus
1449 900 1582 938 curat.

311 983 375 1012 vs.
414 973 494 1012 121
529 983 620 1022 sqq.

491 1048 606 1098 Quae
638 1059 768 1097 quom
801 1050 910 1088 mihi
941 1050 1172 1088 lamentari
1203 1050 1373 1098 praeter
1406 1050 1571 1088 ceteras

489 1124 648 1175 Visast,
684 1126 727 1164 et
759 1126 859 1174 quia
891 1127 984 1164 erat
1014 1126 1154 1164 forma
1185 1126 1354 1174 praeter
1386 1126 1551 1164 ceteras

488 1201 684 1240 Honesta
715 1212 765 1241 ac
795 1202 973 1251 liberali,
1009 1202 1162 1240 accedo
1195 1202 1248 1240 ad
1281 1202 1549 1250 pedisequas.

251 1275 357 1314 Vide
399 1286 530 1323 quam
561 1276 620 1315 sit
650 1287 754 1315 vera
784 1287 854 1315 ars
885 1278 1065 1315 naturae
1097 1277 1283 1315 imitatio
1317 1277 1360 1315 et
1391 1286 1522 1324 quam
1552 1275 1659 1314 bene
1690 1286 1819 1315 verus

251 1349 410 1389 artifex
455 1352 658 1390 naturam
701 1352 896 1390 imitetur
937 1352 1070 1390 etiam
1113 1362 1211 1390 cum
1253 1351 1479 1400 negligens
1510 1351 1578 1390 est
1624 1353 1694 1396 (an
1723 1352 1819 1390 tum

250 1426 320 1464 vel
367 1427 562 1466 maxime
609 1428 810 1473 dicam?).
858 1428 969 1466 Nam
1016 1438 1153 1476 neque
1199 1428 1432 1476 repetitum
1479 1427 1706 1475 praeter
1747 1437 1818 1466 ce-

251 1502 407 1540 teras
449 1502 493 1540 in
535 1501 618 1541 fine
661 1503 843 1541 duorum
876 1513 1082 1541 versuum
1115 1502 1429 1552 continuorum,
1463 1512 1600 1550 neque
1632 1502 1735 1541 illud
1767 1503 1822 1542 et

251 1577 381 1625 quia
422 1579 544 1616 erat
578 1578 859 1626 praecedente
892 1588 1050 1626 quom
1083 1578 1281 1616 ...visa
1313 1579 1399 1616 est
1428 1579 1580 1627 poetae
1612 1579 1679 1617 est
1709 1578 1821 1617 solli-

251 1652 337 1691 cita
384 1662 486 1692 cura
531 1654 662 1692 verba
708 1653 751 1691 et
798 1653 1081 1691 sententiolas
1122 1652 1329 1702 limantis‚
1374 1653 1448 1691 sed
1490 1663 1620 1701 quam
1652 1653 1820 1702 egregie

251 1729 483 1776 utrumque
531 1729 653 1768 decet
698 1728 921 1767 indoctum
968 1738 1130 1777 senem,
1174 1738 1267 1766 rem
1309 1738 1417 1776 quae
1458 1729 1651 1767 mentem
1694 1739 1819 1767 suam

251 1804 383 1843 vexet
438 1804 590 1843 multis
641 1804 784 1843 verbis
830 1803 1039 1852 balboque
1085 1803 1174 1843 fere
1221 1814 1292 1843 ore
1340 1804 1493 1843 dilecto
1541 1804 1623 1842 sibi
1668 1804 1819 1843 liberto

254 1880 542 1918 enarrantem.

310 1965 375 1994 vs.
414 1955 496 1993 144
529 1964 620 2002 sqq.

517 2014 647 2069 Venit
678 2030 883 2070 Chremes
915 2030 1120 2078 postridie
1153 2030 1205 2068 ad
1236 2040 1308 2068 me
1342 2029 1574 2069 clamitans

520 2106 750 2155 Indignum
781 2106 949 2145 facinus
981 2105 1264 2154 comperisse:
1299 2105 1575 2154 Pamphilum

518 2182 600 2221 Pro
632 2192 766 2241 uxore
799 2182 955 2220 habere
987 2181 1098 2220 hanc
1127 2181 1414 2230 peregrinam.

311 2259 494 2298 Multum
526 2259 736 2297 sudarunt
768 2257 1042 2307 grammatici
1073 2259 1122 2296 ut
1155 2257 1470 2306 investigarent
1503 2267 1611 2304 quae
1643 2257 1819 2296 tandem

252 2336 368 2373 esset
413 2335 569 2373 harum
615 2334 930 2372 sententiarum
971 2333 1194 2381 syntaxis;
1238 2333 1385 2371 utrum
1427 2331 1719 2380 indignum
1750 2332 1817 2370 fa-

252 2411 412 2449 cinus
444 2411 560 2448 esset
591 2409 711 2448 verbi
743 2409 1091 2457 comperisse
1125 2408 1353 2458 obiectum,
1390 2418 1445 2446 an
1477 2407 1537 2445 nil
1569 2407 1652 2446 nisi
1680 2406 1818 2446 excla-

251 2485 399 2524 matio.
444 2485 525 2523 Sed
566 2484 728 2522 frustra
769 2484 989 2533 sudarunt,
1023 2483 1072 2521 ut
1104 2483 1264 2531 opinor.
1300 2483 1494 2530 Namque
1526 2483 1593 2520 est
1624 2482 1730 2520 haec
1764 2504 1816 2509 —

252 2560 364 2609 quod
394 2559 456 2598 illi
488 2570 574 2598 non
605 2560 834 2598 senserunt
863 2581 915 2586 —-
939 2557 1107 2606 poetica
1139 2557 1354 2606 syntaxis,
1384 2557 1509 2605 idque
1535 2556 1627 2595 veri
1652 2557 1816 2606 poetae,

251 2635 332 2673 hoc
378 2635 446 2673 est
490 2637 701 2679 ποιοῦντος
747 2635 893 2683 μᾶλλον
934 2630 959 2683 ἢ
1001 2630 1193 2683 λέγοντος,
1237 2632 1391 2680 quique
1433 2631 1549 2670 vitae
1581 2631 1817 2680 imaginem

252 2708 388 2758 fingat
418 2709 559 2757 magis
593 2719 723 2757 quam
755 2707 1036 2747 sententiolas
1068 2708 1221 2746 struat.

314 2785 410 2824 156.
502 2784 563 2823 Ea
593 2783 784 2832 primum
816 2783 868 2822 ab
900 2782 972 2821 illo
1005 2781 1389 2821 animadvortenda
1419 2780 1630 2820 iniuriast.

254 2859 523 2898 Sententiam
563 2859 793 2897 verborum
835 2858 946 2897 hanc
978 2867 1096 2896 esse:
1135 2867 1212 2906 „ea
1242 2857 1432 2905 primum
1462 2856 1720 2895 vindicanda
1750 2857 1819 2895 est

253 2934 409 2974 iniuria
450 2934 501 2973 ab
545 2933 616 2972 illo
658 2933 800 2972 facta”
835 2933 1016 2982 constat,
1051 2933 1095 2971 et
1131 2931 1193 2971 sic
1224 2931 1311 2970 fere
1344 2931 1486 2970 locum
1519 2931 1716 2970 nostrum
1749 2941 1817 2970 ex-
