2034 3334
967 209 1053 252 103

211 333 338 376 Unde
379 335 478 375 nata
519 333 578 375 sit
619 335 815 375 veterum
858 331 1095 375 editionum
1137 331 1287 375 lectio:
1330 334 1488 383 „timor
1529 333 1630 383 hoc,
1664 332 1802 388 pudor

211 403 392 461 impedit
431 402 569 445 illud’'
613 404 751 445 nescio
762 417 773 455 3
808 403 984 446 fortasse
1017 417 1039 446 e
1071 404 1314 446 coniectura
1344 402 1525 446 alicuius
1557 404 1640 445 viri
1671 403 1799 446 docti.

211 474 294 518 Sed
336 488 458 530 saepe
500 475 742 517 coniectura
782 475 1007 517 inventum
1050 478 1115 516 est
1157 474 1270 530 quod
1312 475 1436 516 unice
1477 487 1630 517 ⁴verum
1674 477 1797 516 esset.

211 546 327 599 Quae
369 547 485 588 enim
525 559 651 588 causa
693 547 875 602 cogitari
915 548 1052 601 potest
1094 560 1169 588 cur
1213 545 1392 588 Ovidius
1425 545 1494 587 hic
1525 559 1549 587 a
1579 547 1800 588 communi

208 631 291 660 usu
331 617 549 659 recesserit
590 619 634 658 et
677 615 728 658 de
768 615 979 658 industria
1010 616 1184 659 obscure
1215 615 1384 659 locutus
1416 617 1495 667 sit,
1528 630 1627 658 cum
1658 619 1799 672 posset

208 686 355 730 eodem
386 685 530 729 labore
562 685 672 729 clare
703 684 850 742 loqui?

270 831 356 875 251
388 845 449 888 sq.
483 831 716 875 Ehwaldus
746 833 938 875 restituit
968 846 1118 875 versus
1150 833 1202 874 ab
1234 831 1413 874 Heinsio
1445 834 1724 897 proscriptos:

387 903 475 946 Nec
506 904 591 945 nisi
623 902 744 944 finita
774 916 850 958 per
880 901 1068 958 plurima
1099 902 1277 946 vulnera
1310 904 1400 946 vita

388 972 457 1016 Ira
488 973 757 1029 pharetratae
789 972 924 1015 fertur
954 974 1108 1015 satiata
1137 972 1312 1015 Dianae.

207 1042 301 1100 Ego
332 1057 401 1086 eos
433 1045 582 1100 utique
613 1043 871 1085 abiiciendos
904 1057 1064 1086 censeo.
1099 1042 1182 1087 Oui
1213 1046 1468 1100 argumenta
1498 1043 1684 1099 Hauptii
1711 1057 1796 1086 non

207 1114 485 1170 persuadent,
532 1115 569 1156 is
612 1115 742 1156 etiam
785 1128 929 1156 secum
972 1117 1142 1170 reputet
1179 1128 1285 1170 quae
1317 1115 1471 1157 horum
1502 1115 1560 1157 sit
1590 1128 1795 1157 versuum

206 1187 438 1227 sententia:
486 1183 705 1241 intelliget
751 1184 922 1227 nullum
971 1186 1026 1227 iis
1069 1185 1213 1228 locum
1255 1186 1325 1227 hic
1366 1199 1469 1228 esse.
1518 1185 1592 1226 Ira
1633 1185 1795 1227 Dianae

205 1256 358 1297 satiata
399 1260 480 1298 est:
525 1269 683 1312 ergone
724 1255 775 1297 ab
818 1269 866 1298 eo
909 1258 1100 1312 tempore
1132 1254 1284 1299 Cadmi
1316 1257 1566 1313 progeniem
1599 1258 1796 1311 persequi

206 1324 361 1368 desiit?
412 1327 466 1368 At
511 1327 557 1367 in
602 1325 784 1368 Dianam
833 1328 963 1368 ceteri
1002 1325 1153 1370 Cadmi
1195 1330 1369 1382 nepotes
1411 1329 1641 1383 neptesque
1682 1341 1794 1369 com-

206 1398 409 1439 miserant
440 1395 572 1447 nihil,
604 1397 681 1438 uni
712 1396 915 1439 Actaeoni
947 1397 1218 1440 succensebat
1248 1396 1340 1440 illa.

267 1532 352 1575 261
387 1533 507 1585 (Ι11110
524 1534 695 1590 cognito
711 1547 822 1576 novo
838 1533 954 1576 Iovis
970 1533 1098 1584 furto)
1115 1537 1194 1574 tum
1209 1532 1408 1590 linguam
1425 1533 1476 1575 ad
1491 1534 1635 1589 iurgia
1648 1532 1792 1584 solvit,

389 1603 582 1655 ,‚Profeci
614 1604 718 1659 quid
750 1606 865 1646 enim
898 1605 1026 1646 toties
1058 1618 1132 1659 per
1162 1604 1336 1660 iurgia''
1370 1604 1493 1646 dixit.

205 1673 458 1717 Rectissime
484 1674 715 1718 Ehwaldus
743 1675 813 1717 hic
839 1674 1172 1731 pulcherrimam
1198 1674 1343 1717 Bothii
1360 1676 1519 1730 recepit
1537 1675 1793 1717 emendatio-

204 1758 304 1787 nem
335 1745 439 1787 dum.
479 1744 562 1797 Qui
592 1745 794 1788 traditam
824 1744 1052 1787 lectionem
1084 1746 1293 1796 retinent,
1327 1745 1469 1787 dicant
1500 1745 1603 1801 quid
1634 1746 1717 1788 sibi
1747 1747 1792 1787 in

203 1813 279 1857 illa
309 1814 443 1858 velint
474 1816 788 1858 coniunctiones
819 1815 920 1871 quid
949 1815 1064 1857 enim.

265 1960 353 2003 290
370 1975 430 2016 sq.
464 1960 578 2004 Iovis
611 1960 664 2003 ad
696 1959 891 2003 Semelen
922 1960 1051 2004 verba
1083 1964 1204 2003 sunt:

387 2031 561 2086 Quoque
592 2032 734 2086 magis
766 2030 933 2081 credas,
967 2030 1114 2087 Stygii
1145 2045 1310 2086 quoque
1342 2032 1507 2074 conscia
1538 2035 1663 2074 sunto

387 2101 578 2144 Numina
609 2102 830 2143 torrentis:
863 2102 992 2143 timor
1023 2104 1066 2142 et
1097 2100 1200 2142 deus
1230 2100 1304 2143 ille
1337 2101 1513 2144 deorum
1546 2106 1622 2143 est.

206 2171 397 2216 Coniecit
428 2172 497 2213 hic
529 2170 850 2213 Hellmuthius:
886 2172 1044 2221 „timor
1075 2175 1111 2212 et
1141 2186 1247 2212 meus
1276 2171 1350 2213 ille
1383 2172 1560 2214 deorum
1593 2173 1700 2223 est'',
1732 2174 1792 2214 in-

208 2243 506 2299 geniosissime
534 2241 607 2284 sed
632 2245 682 2283 ut
707 2245 819 2284 recte
845 2254 1015 2283 vereor:
1049 2241 1213 2292 ‚,hunc‚
1240 2255 1369 2297 quem
1396 2241 1471 2284 alii
1494 2242 1562 2285 dei
1578 2246 1792 2294 metuunt,

208 2327 287 2369 ego
315 2326 483 2368 quoque
511 2311 700 2363 metuo’',
734 2313 794 2353 sic
825 2312 917 2353 deos
948 2310 1107 2367 alloqui
1134 2315 1272 2367 potest
1298 2312 1474 2368 Iupiter.
1507 2311 1590 2354 Sed
1617 2327 1716 2355 cum
1742 2313 1794 2355 ad

209 2383 412 2424 mortalem
442 2383 572 2425 verba
604 2382 728 2432 facit,
761 2381 901 2424 multo
933 2383 1091 2423 rectius
1122 2385 1208 2424 est:
1245 2382 1350 2432 „hoc
1382 2396 1540 2424 numen
1568 2385 1699 2425 etiam
1727 2383 1794 2425 dei

208 2452 452 2503 metuunt'’,
486 2456 528 2495 et
561 2452 612 2494 ad
643 2451 839 2494 Semelen
870 2451 1126 2495 movendam
1157 2453 1234 2494 hoc
1266 2454 1551 2508 aptissimum.
1591 2452 1794 2497 Ceterum

209 2537 307 2565 cum
339 2521 517 2565 Heinsio
549 2524 643 2577 post
674 2522 833 2563 deorum
864 2522 1072 2564 omissum
1101 2521 1254 2564 malim
1285 2527 1355 2564 est.

271 2662 357 2705 341
386 2676 405 2705 s
438 2694 447 2704 .

389 2677 537 2774 {lima
566 2732 647 2774 fide
679 2733 880 2788 vocisque
912 2734 1026 2774 ratae
1058 2734 1340 2788 temptamina
1371 2735 1557 2789 sumpsit

390 2801 570 2846 Caerula
600 2802 783 2857 Liriope.
817 2802 885 2854 (de
917 2801 1080 2844 Tiresia
1111 2804 1273 2858 agitur)

208 2871 462 2915 Rectissime
492 2871 724 2914 Ehwaldus
755 2872 963 2914 Prisciani
993 2871 1217 2915 lectionem
1247 2877 1361 2915 ratae
1393 2876 1486 2930 (pro
1518 2875 1655 2927 datae)
1686 2889 1795 2917 rece-

212 2943 288 2997 pit.
321 2942 385 2985 Ne
417 2941 584 2985 dubites
617 2941 668 2984 cf.
700 2940 770 2992 IV,
805 2940 890 2985 387
908 2954 992 2998 sq.:
