2034 3334
987 365 1066 404 167

300 495 332 543 I,
383 495 420 543 2,
470 495 509 533 6.
559 493 796 538 Omitto]
849 488 1146 541 ηπαράληψις.”
1195 489 1335 528 Immo
1377 487 1627 541 παράλειψις.
1672 489 1805 538 Saepe

242 570 304 609 sic
335 570 380 608 in
411 569 566 608 Donati
599 567 858 608 editionibus
889 567 1102 615 peccatur.

302 646 370 684 21.
403 645 546 694 „Quod
574 655 672 684 curn
700 644 796 683 aliis
823 653 954 692 grave
981 642 1248 691 propositum
1276 642 1353 690 est,
1373 641 1454 680 hoc
1470 641 1612 680 solum
1628 641 1804 680 dicendo

240 722 334 761 leve
381 721 530 770 reddit,
575 720 616 759 id
659 721 726 758 est
757 720 776 758 f
785 729 910 758 ores
942 718 1085 757 effre
1097 717 1222 766 git.’'
1257 717 1480 756 Sententia
1511 717 1600 756 est:
1638 717 1806 766 „cetera

241 796 445 836 Aeschini
500 796 690 835 facinora
746 795 828 834 alio
883 794 1068 843 appellat
1115 792 1288 833 nomine
1336 792 1482 840 Micio;
1531 792 1612 831 hoc
1658 793 1806 831 autem

242 873 368 918 (fores
395 871 589 920 effregit),
620 871 729 919 quod
757 880 887 919 grave
914 869 1036 908 fieret
1063 869 1279 918 delictum,
1309 868 1347 907 si
1373 868 1503 907 simul
1531 878 1629 907 cum
1652 867 1805 907 ceteris

241 948 445 987 Aeschini
475 947 663 996 peccatis
696 946 1120 994 commemoraretur,
1154 944 1249 983 leve
1281 944 1419 983 reddit
1450 944 1699 992 separando.

302 1024 489 1062 24-27,
1192 1020 1254 1059 Tu
1286 1030 1401 1060 nunc
1430 1019 1509 1059 tibi

506 1099 553 1137 Id
585 1099 701 1137 laudi
732 1098 864 1148 ducis,
899 1097 1011 1146 quod
1043 1107 1128 1136 non
1160 1096 1302 1135 fecisti
1334 1095 1508 1144 inopia?

509 1175 720 1214 Iniurium
752 1175 831 1223 est,
865 1183 968 1212 nam
999 1173 1038 1212 si
1070 1173 1186 1212 esset
1215 1172 1328 1211 unde
1359 1172 1401 1210 id
1432 1170 1554 1211 fieret

509 1252 778 1290 Faceremus.

243 1328 308 1366 Ad
354 1339 418 1366 vs.
465 1328 518 1367 26
562 1327 814 1366 annotatur:
863 1334 975 1374 „non
1017 1325 1084 1364 est
1125 1323 1367 1363 necessario
1410 1333 1687 1373 consequens,
1731 1323 1807 1362 sed

242 1404 516 1453 probabiliter
558 1402 802 1442 admittitur
843 1401 953 1449 apud
996 1400 1230 1439 oratores.”
1269 1400 1403 1448 Lege:
1437 1400 1495 1438 ut
1527 1399 1666 1448 apud
1698 1409 1806 1438 ora-

243 1481 419 1519 tores:
462 1481 543 1519 hoc
583 1490 668 1518 non
710 1477 951 1518 necessario
989 1476 1194 1526 sequitur,
1229 1476 1304 1515 sed
1336 1476 1561 1524 tamquam
1591 1473 1807 1524 probabile

243 1557 442 1606 sumitur,
476 1557 525 1595 ut
557 1557 748 1595 oratores
780 1555 920 1593 facere
952 1553 1104 1592 solent.

305 1633 359 1671 29
599 1630 683 1670 Ubi
715 1632 758 1669 te
791 1629 1093 1678 exspectatum
1124 1627 1323 1667 eiecisset
1354 1627 1481 1667 foras.

243 1708 641 1756 Expectatum]
679 1706 902 1755 „odiosum
934 1705 978 1743 et
1009 1703 1150 1743 malae
1181 1703 1340 1742 vitae.’'
1373 1703 1454 1742 Pro
1481 1702 1661 1742 malae
1687 1702 1808 1741 varia

243 1784 369 1823 lectio
402 1785 469 1822 est
499 1782 800 1830 molestae,
835 1790 965 1828 quam
992 1779 1153 1828 recepit
1180 1779 1419 1818 Klotziana.
1449 1779 1551 1818 Mihi
1577 1780 1808 1826 utrumque

245 1860 453 1909 displicet.
511 1861 646 1908 Lego:
709 1858 931 1908 „odiosum
988 1857 1031 1895 et
1076 1855 1222 1894 male
1269 1855 1460 1894 vivum
1502 1855 1542 1900 (i.
1572 1865 1631 1894 e.:
1680 1865 1808 1903 quem
1874 1906 1877 1911 Ι

243 1936 390 1975 vivere
423 1935 556 1975 etiam
588 1935 631 1973 et
662 1933 744 1983 ipsi
776 1933 819 1972 et
851 1932 947 1971 aliis
979 1931 1214 1970 molestum
1246 1932 1340 1976 est).

306 2012 374 2050 56.
427 2010 675 2060 „Rusticani
722 2008 936 2048 stomachi
984 2008 1051 2046 est
1097 2007 1288 2055 repetere
1330 2017 1500 2055 semper
1541 2006 1671 2045 verba
1702 2016 1810 2054 quae

246 2087 409 2125 invitus
451 2085 560 2124 alius
593 2084 816 2123 audierit.'’
851 2083 945 2122 Non
978 2083 1226 2131 corruptum
1258 2081 1509 2120 audierit
1540 2082 1615 2120 sed
1647 2082 1810 2121 dictum

247 2163 308 2202 ita
352 2163 402 2201 ut
448 2161 607 2200 Graece
654 2157 858 2199 ἀκούσειεν
901 2156 964 2199 ἅν.
1009 2158 1230 2197 Excidisse
1273 2158 1422 2197 tamen
1458 2158 1606 2206 opinor
1637 2158 1812 2197 semel

247 2239 345 2287 post
377 2237 640 2276 audierit.

309 2314 360 2352 71
390 2324 452 2361 sq.
952 2310 1072 2349 Dixit
1103 2309 1214 2349 velle
1245 2319 1426 2348 uxorem
1459 2309 1633 2348 ducere:

547 2387 780 2436 Sperabam
811 2387 901 2425 iam
931 2385 1164 2424 defervisse
1197 2385 1545 2424 adolescentiam.

251 2464 375 2503 Sch.:=
419 2465 553 2513 „mire
590 2474 676 2503 non
707 2463 840 2501 dixit:
874 2461 1101 2510 sperabam
1133 2461 1256 2499 illum
1289 2461 1376 2499 iam
1409 2461 1699 2509 corruptum.”
1732 2462 1812 2500 Pro

251 2541 576 2588 corruptum
633 2539 726 2587 lege
774 2538 1035 2576 correctum:
1084 2547 1169 2575 non
1216 2536 1415 2585 magistri
1460 2546 1631 2575 morum
1678 2537 1814 2576 instar

252 2615 375 2654 Micio
406 2615 604 2664 loquitur,
640 2614 714 2653 sed
746 2613 815 2652 hic
847 2623 1013 2661 quoque
1039 2611 1252 2651 lenissimi
1278 2612 1413 2660 patris
1440 2621 1639 2651 sermone
1664 2613 1813 2652 utitur.

314 2763 366 2813 ΙΙ,
405 2763 440 2813 1,
475 2764 514 2802 5.
581 2763 850 2812 Quamquam
883 2763 950 2801 est
980 2761 1202 2811 scelestuS‚
1237 2771 1323 2800 non
1355 2760 1600 2800 committet
1630 2760 1755 2799 hodie

1016 2890 1020 2894 q
1123 2838 1329 2884 [unquam
1361 2836 1520 2875 iterum
1549 2837 1598 2875 ut
1628 2835 1814 2884 vapulet.

258 2914 471 2953 Iterum
511 2915 570 2953 ut
609 2913 864 2963 vapulet:
913 2913 1164 2962 „minaciter
1205 2913 1330 2960 poeta
1370 2912 1555 2960 priorem
1596 2912 1718 2950 litem
1750 2922 1816 2949 su·
