2034 3334
1017 388 1099 428 186

268 511 483 559 κλάδοις
526 513 703 552 datur.
743 512 825 552 Sed
856 522 966 562 quae
997 522 1111 553 nunc
1142 514 1211 553 est
1240 514 1375 555 totius
1405 516 1558 556 scholii
1589 517 1839 558 sententia?

267 589 359 628 Non
391 598 518 639 posse
549 588 793 638 promiscue
824 588 925 638 poni
957 588 1150 629 clades
1181 591 1226 630 et
1257 590 1596 633 calamitas?
1626 593 1695 635 An
1726 593 1837 635 exci-

267 665 422 705 derunt
452 664 690 705 nonnulla?

847 792 991 822 ALTER
1023 792 1257 824 PROLOGUS.

329 931 347 950 „
367 900 508 941 ...his
544 900 746 940 omnibus
777 901 1047 950 argumentis
1078 901 1120 941 id
1152 903 1300 942 actum
1332 903 1411 954 est,
1445 905 1495 943 ut
1525 913 1664 953 neque
1694 903 1839 955 despe-

265 977 449 1016 randum
490 976 550 1016 sit
590 977 641 1016 de
683 976 895 1027 Terentio,
940 978 1051 1026 quod
1093 977 1298 1027 explosus
1340 980 1430 1018 est:
1474 980 1523 1019 ut
1558 978 1842 1021 nihilominus

266 1053 328 1093 illi
360 1055 534 1093 tantum
566 1052 891 1094 attribuendum
923 1054 994 1104 sit,
1028 1055 1076 1093 ut
1107 1055 1184 1094 aut
1214 1065 1291 1104 par
1322 1054 1519 1106 Caecilio,
1552 1065 1712 1106 magno
1737 1056 1842 1098 tunc
1891 1086 1895 1089 -

265 1130 430 1180 poetae,
469 1131 546 1170 aut
571 1129 683 1170 ultro
710 1129 864 1170 melior
891 1140 987 1170 esse
1013 1129 1193 1179 possit.”
1217 1130 1330 1180 Lege
1357 1132 1411 1171 et
1446 1131 1839 1173 nihilominus.

327 1206 366 1245 7.
404 1206 618 1255 „Fabulae
650 1207 725 1246 aut
757 1205 826 1255 agi
858 1206 1059 1246 dicuntur
1090 1208 1166 1246 aut
1197 1207 1356 1246 stare.”
1389 1207 1470 1247 Pro
1497 1207 1586 1257 agi
1611 1207 1843 1259 legendum

266 1281 444 1331 exig-13
477 1293 564 1322 non
595 1283 712 1323 enim
745 1282 858 1322 inter
889 1293 936 1322 se
969 1284 1241 1332 opponuntur
1273 1283 1363 1332 agi
1394 1285 1438 1323 et
1468 1285 1637 1324 stare.

327 1358 395 1398 22.
440 1358 528 1398 Ita
570 1369 688 1398 eam
720 1358 1013 1409 oppressit
1045 1355 1368 1406 calamitas]
1406 1359 1514 1410 „hoc
1544 1360 1736 1401 succedit
1765 1369 1842 1412 pro

265 1434 338 1473 illo
380 1435 491 1483 quod
533 1436 601 1474 est
642 1445 668 1475 a
687 1429 714 1481 ¹)
757 1445 942 1485 persona
974 1435 1334 1475 adversariorum.
1369 1435 1506 1476 Simul
1538 1436 1592 1477 ad
1621 1436 1842 1479 fortunam

265 1511 415 1551 retulit
461 1511 633 1561 culpam
679 1511 846 1562 populi:
896 1522 981 1551 non
1029 1512 1145 1551 enim
1188 1511 1300 1551 dixit
1340 1512 1451 1561 quod
1491 1514 1664 1562 praesto
1705 1514 1842 1555 erat.'’

265 1587 515 1637 Legendum
542 1587 712 1637 opinor:
747 1618 764 1638 „
785 1597 943 1627 ...non
970 1587 1087 1627 enim
1115 1587 1154 1627 ei
1182 1587 1222 1634 (i.
1242 1597 1277 1627 e.
1295 1587 1464 1638 populo)
1487 1584 1841 1643 maledixit&

266 1665 358 1714 qui
398 1664 628 1714 praesto
671 1664 805 1703 erat.

326 1741 395 1781 26.
432 1739 657 1791 „Narratio
691 1749 766 1778 cur
798 1738 976 1779 exclusa
1007 1739 1066 1778 sit
1098 1739 1178 1779 hoc
1210 1740 1319 1779 est.”
1354 1740 1398 1779 L.
1423 1740 1571 1780 haec
1611 1741 1711 1781 est.

326 1817 395 1856 32.
428 1815 629 1855 Datum
660 1814 732 1854 iri
763 1815 1138 1864 gladiatores]
1171 1815 1388 1865 „datum
1416 1815 1486 1855 iri
1514 1815 1626 1856 dixit
1650 1817 1700 1856 ut
1724 1816 1840 1857 fabu-

266 1893 355 1932 lam
398 1892 685 1941 commendet,
730 1892 779 1930 ut
821 1892 864 1930 et
896 1891 1044 1932 omnia
1075 1891 1309 1941 spectatori
1341 1893 1384 1931 et
1414 1892 1569 1942 populo
1601 1892 1841 1934 dicantur.”

265 1968 385 2008 Haec
425 1967 526 2016 quid
568 1967 650 2007 sibi
691 1967 876 2007 volunt?
917 1968 986 2007 An
1027 1968 1130 2008 hoc:
1175 1968 1364 2008 datum
1406 1967 1478 2007 iri
1514 1968 1566 2008 de
1596 1968 1842 2019 spectaculo

266 2044 447 2084 minoris
488 2044 615 2094 pretii
657 2044 762 2093 dici;
806 2044 937 2084 dare
979 2044 1095 2084 enim
1133 2044 1272 2084 multo
1304 2044 1450 2084 minus
1483 2055 1579 2085 esse
1609 2045 1842 2086 honestum

266 2130 397 2169 quarn
439 2120 658 2160 dicere?
701 2120 745 2159 Si
789 2120 895 2160 haec
939 2121 1006 2160 est
1047 2120 1277 2170 sententia,
1321 2131 1397 2170 pro
1439 2121 1498 2159 ut
1529 2122 1583 2160 et
1611 2120 1843 2171 legendum

266 2197 334 2236 est
364 2197 468 2237 ubi.

326 2274 395 2312 35.
519 2274 641 2313 Nunc
672 2273 798 2312 turba
830 2283 916 2312 non
949 2274 1027 2323 est,
1063 2273 1200 2312 otium
1233 2274 1277 2312 et
1308 2272 1533 2312 silentium
1566 2274 1646 2313 est.

269 2350 389 2389 Sch.:
437 2360 571 2398 „quae
614 2349 856 2388 adhortatio
899 2359 974 2398 per
1010 2349 1424 2388 enumerationem.’'
1457 2348 1518 2388 Ut
1547 2359 1704 2389 sanum
1735 2349 1843 2390 haec

267 2426 500 2474 praebeant
542 2436 734 2475 sensum,
769 2425 1101 2464 exclamationis
1132 2425 1314 2464 addatur
1345 2425 1532 2474 signum.
1565 2424 1843 2474 Ineptissime

270 2501 313 2540 in
345 2501 575 2541 Klotziana
606 2501 769 2541 scholio
802 2501 1060 2540 adiiciuntur
1092 2500 1224 2540 verba
1254 2501 1317 2539 ad
1348 2501 1571 2550 tempus
1603 2502 1702 2551 est,
1730 2500 1842 2550 quod

270 2578 337 2616 est
367 2577 661 2626 fragmentum
693 2577 915 2626 sequentis
946 2576 1192 2616 lemmatis:
1227 2575 1428 2625 agendi
1454 2577 1677 2626 tempus
1702 2575 1842 2616 mihi

270 2653 459 2691 datum
502 2654 600 2692 est.
1852 2632 1858 2638 ἱ

331 2729 399 2767 47.
435 2729 546 2768 Mea
579 2739 751 2769 causa
784 2739 1010 2768 causam
1043 2729 1184 2768 hanc
1216 2728 1477 2778 accipite]
1510 2728 1616 2778 „hoc
1642 2727 1838 2778 oratorie,

310 2913 330 2946 ¹)
350 2912 397 2941 De
417 2913 477 2941 hoc
497 2919 560 2942 usu
579 2913 838 2949 praepositionis
857 2921 878 2942 a
895 2913 1052 2943 videatur
1070 2921 1101 2950 p.
1121 2914 1183 2943 134.

308 2966 330 2998 7)
351 2965 397 2994 De
417 2966 478 2994 hoe
497 2967 640 3000 perfecto
661 2967 815 2996 videatur
833 2974 863 3002 p.
883 2968 926 2996 75.
