2034 3334
1033 259 1093 310 5⁸4

262 386 398 442 possit
439 383 646 441 opuscula
684 385 772 428 iam
814 387 914 428 ante
943 384 1132 442 perfecta
1158 384 1477 444 pei-politaque,
1509 389 1553 431 et
1581 385 1862 445 lepidissiffi's
1916 382 1918 384 ’

263 469 364 499 eum
391 454 443 498 ad
475 454 584 498 hanc
613 468 702 498 rem
735 456 803 498 uti
834 455 1029 499 artificiis
1061 457 1159 513 quis
1191 454 1350 515 neget?
1381 455 1465 501 Sed
1497 471 1598 501 cum
1627 456 1784 503 inuidis
1812 457 1860 505 in

261 525 426 569 fabulas
469 527 720 578 amatoriaS,
763 539 846 569 non
878 527 1125 571 notissimas
1156 526 1298 571 solum
1330 525 1469 584 qualis
1498 531 1564 572 est
1593 526 1670 572 illa
1700 526 1753 573 ds
1781 527 1864 573 Po-

261 597 430 653 siphae,
476 595 550 640 sed
591 597 722 639 etiam
764 597 809 640 in
851 597 1154 641 reconditiores
1194 597 1263 642 de‘
1277 597 1462 655 Myrrha
1491 602 1535 642 et
1566 598 1618 643 de
1649 597 1861 657 Byblida,

250 671 389 724 atque
415 666 520 711 adeo
546 668 591 710 in
617 666 739 710 illam
764 681 816 710 ex
843 667 1004 726 angulo
1031 668 1246 712 doctrinae
1273 667 1583 712 Alexandrinae
1599 671 1861 726 protractam

261 737 313 781 de
345 736 542 796 Cydippe
564 738 609 791 ¹),
642 751 781 781 nonne
812 739 946 781 sentis
979 738 1060 782 tibi
1090 753 1183 782 rem
1214 752 1308 782 esse
1336 752 1421 782 non
1452 753 1552 782 cum
1583 752 1728 783 amore
1756 742 1860 784 vero

262 807 335 852 sed
367 822 466 852 cum
498 807 597 851 ficto
629 806 864 865 doctoque?
894 809 1298 866 Metamorphoseon
1331 822 1509 852 suarum
1539 808 1861 854 scribendarum

261 878 454 923 nondum
495 882 665 935 ceperat
695 878 922 922 consilium
956 878 1161 929 Ovidius.
1195 879 1269 923 sed
1298 881 1387 923 iam
1418 893 1557 923 unum
1589 878 1861 938 alterumque

258 952 303 994 in
346 951 514 993 scriniis
557 949 741 993 habebat
782 949 998 1007 epyllion,
1040 950 1154 1008 quod
1184 955 1333 1008 postea
1362 949 1453 994 illis
1484 954 1575 994 erat
1604 951 1860 997 inserturus.

258 1021 383 1064 Nunc
424 1022 479 1064 iis
520 1020 666 1064 locum
706 1022 874 1077 quaerit
902 1022 949 1064 in
980 1035 1128 1078 opere,
1162 1021 1276 1078 quod
1307 1035 1407 1064 cum
1439 1023 1630 1065 maxime
1659 1021 1860 1065 manibus

259 1095 398 1142 tenet,
441 1095 484 1134 et
525 1091 648 1134 facile
689 1093 879 1135 invenit:
922 1106 1022 1135 nam
1063 1096 1130 1135 est
1160 1106 1267 1149 opus
1299 1091 1410 1135 illud
1441 1091 1493 1135 de
1524 1095 1616 1136 arte
1648 1093 1860 1136 amatoria

259 1166 302 1206 et
333 1163 626 1205 narrationum
654 1176 821 1219 quoque
848 1161 1023 1206 illarum
1049 1177 1170 1206 amor
1196 1166 1504 1220 argumentum
1532 1167 1611 1207 est.
1635 1161 1860 1208 Invenitne

259 1236 404 1276 autem
438 1231 582 1275 locum
615 1233 928 1276 narrationibus
957 1235 1001 1276 in
1034 1231 1165 1276 Arte?
1196 1233 1338 1277 Immo
1371 1247 1472 1277 vero
1502 1247 1555 1276 ex
1585 1234 1690 1291 ipsis
1721 1246 1863 1278 narra-

258 1303 446 1346 tionibus
480 1307 571 1346 tota
602 1303 683 1345 Ars
714 1307 813 1346 nata
845 1303 1041 1348 videtur:
1075 1318 1176 1347 cum
1206 1303 1304 1347 illas
1335 1308 1436 1361 apto
1465 1305 1579 1348 iuter
1609 1317 1654 1348 se
1683 1302 1861 1349 vinculo

257 1375 436 1431 iungere
484 1373 705 1425 studebat,
753 1388 856 1417 mox
895 1373 1171 1432 intelligebat
1213 1388 1486 1418 communem
1527 1374 1619 1418 dari
1658 1373 1860 1419 omnibus

258 1443 442 1487 titulum
473 1458 597 1500 posse
628 1445 678 1487 de
708 1449 797 1487 arte
825 1445 1045 1488 amatoria:
1079 1445 1248 1488 stabant
1281 1446 1501 1497 tibicines,
1533 1444 1659 1489 facile
1682 1449 1774 1489 erat
1797 1445 1862 1495 in-

259 1514 440 1558 tervalla
469 1516 514 1557 in
539 1516 645 1557 iusti
671 1514 841 1571 explere
867 1515 1049 1558 aedificii
1076 1517 1276 1572 speciem.
1309 1514 1391 1558 Sed
1418 1515 1636 1558 restabant
1658 1515 1862 1562 narratio·

258 1599 353 1636 nes,
380 1586 424 1626 in
453 1585 608 1640 quibus
635 1587 793 1628 amoris
818 1599 871 1628 ne
897 1585 1118 1628 levissima
1142 1586 1313 1642 quidem
1343 1586 1496 1629 umbra
1520 1590 1632 1630 erat:
1657 1585 1740 1630 hae
1753 1598 1858 1644 orgo

256 1669 403 1698 revera
430 1655 603 1697 insertae
629 1660 742 1698 sunt.
770 1655 822 1698 Et
850 1657 1004 1699 merito
1030 1656 1100 1699 hic
1125 1656 1377 1713 disponendi
1403 1658 1615 1700 miramur
1633 1655 1856 1701 artificem.

256 1725 367 1778 Quid
395 1727 510 1768 enim
538 1725 724 1768 Daedalo
750 1726 952 1783 Icaroque
977 1729 1040 1770 rei
1066 1727 1151 1770 fuit
1176 1741 1276 1770 cum
1303 1725 1474 1771 amore?
1501 1727 1664 1771 Tamen
1678 1741 1732 1771 ne
1746 1727 1858 1772 hano

256 1795 430 1852 quidem
462 1798 748 1839 narrationem
780 1798 824 1839 in
856 1796 967 1840 libro
1009 1797 1059 1840 de
1102 1802 1194 1840 arte
1234 1799 1443 1841 amatoria
1483 1797 1675 1856 legentes
1712 1796 1856 1842 ullum

255 1870 404 1922 poetae
431 1868 647 1909 cernimus
666 1866 855 1910 laborem
867 1899 877 1918 ,
896 1872 987 1910 tam
1003 1867 1125 1910 facile
1142 1869 1376 1925 procedunt
1392 1873 1435 1911 et
1452 1868 1683 1912 decurrunt
1697 1869 1856 1913 omnia.
1907 1901 1910 1905 -

259 1935 342 1979 Sed
375 1936 478 1992 quid
503 1938 560 1979 sit
586 1939 640 1978 τὰ
670 1938 782 1979 αὐτὰ
810 1938 948 1988 λέγειν
979 1938 1066 1990 περὶ
1096 1943 1173 1981 τῶν
1199 1940 1334 1981 αὐτῶν
1359 1953 1580 1995 nunquam
1606 1953 1687 1983 nos
1712 1940 1854 1998 magis

258 2021 387 2063 quam
429 2007 498 2049 hic
539 2009 717 2051 sensisse
760 2008 1075 2051 concedendum
1106 2009 1229 2052 nobis
1261 2013 1338 2052 est.
1372 2008 1684 2066 Comparamus
1713 2010 1857 2062 enim,

255 2081 304 2119 ut
347 2091 396 2119 ex
439 2079 649 2120 immensa
691 2079 812 2134 copia
844 2092 978 2135 pauca
1008 2079 1204 2131 afferam,
1237 2081 1606 2123 enumerationem
1635 2079 1855 2132 locorum,

255 2149 330 2202 qui
361 2147 608 2190 volantibus
639 2148 859 2191 subiacent
890 2163 991 2191 cum
1017 2149 1093 2192 illa
1119 2163 1227 2206 quae
1254 2155 1318 2192 est
1342 2152 1388 2192 in
1415 2149 1853 2207 Metamorphosesin,

257 2231 555 2274 comparamus
587 2219 663 2261 hos
694 2233 745 2261 ex
777 2220 881 2262 Arte
913 2234 1063 2263 versus
1094 2219 1149 2272 Π,
1182 2219 1239 2262 49
1264 2234 1350 2277 sq.:

438 2287 665 2331 Tractabat
697 2303 923 2346 ceramque
953 2304 1060 2346 puer
1091 2292 1326 2347 pinnasque
1356 2291 1576 2343 renidens,

497 2358 676 2401 Nescius
707 2360 811 2402 haec
843 2362 1004 2403 umeris
1036 2374 1155 2404 arma
1186 2366 1332 2418 parat-a
1364 2363 1454 2404 suis

253 2442 351 2469 cum
384 2428 499 2471 hisce
530 2443 552 2471 e
583 2430 1015 2486 Metamorphosesin:

1237 2501 1350 2545 Puer
1380 2502 1522 2545 Icarus
1554 2516 1640 2546 una

439 2568 587 2612 Stabat
620 2578 663 2613 et
692 2573 870 2627 ignarus
900 2585 978 2614 sua
1010 2585 1055 2615 se
1084 2575 1265 2616 tractare
1311 2572 1469 2628 pericla

304 2739 339 2780 1)
368 2739 415 2770 [ta
438 2743 522 2771 certe
546 2740 634 2772 nobis
659 2741 786 2773 videtur
809 2743 840 2773 et
865 2742 911 2774 its
936 2741 1015 2774 olim
1038 2743 1190 2775 Romanis
1214 2742 1316 2775 visum
1343 2753 1409 2775 esse
1428 2742 1580 2785 suspicor.
1607 2741 1758 2785 Suspicor
1774 2741 1849 2776 illos

255 2804 396 2834 quoque,
422 2804 455 2825 re
480 2805 541 2825 non
564 2795 742 2827 accuratius
765 2796 979 2834 considerata,
1005 2796 1145 2829 fabulam
1168 2798 1208 2829 de
1234 2797 1392 2839 Pasiphae
1414 2797 1578 2838 antiquam
1598 2799 1631 2828 et
1650 2796 1850 2829 demut-tan

255 2850 397 2889 putasse,
430 2848 550 2879 fabulas
580 2850 617 2880 de
652 2851 788 2890 Myrrha
819 2853 851 2882 et
880 2850 1016 2892 Byblida
1047 2851 1238 2883 recentiores
1270 2854 1302 2883 et
1328 2850 1574 2889 reconditiores,
1598 2849 1689 2882 illam
1713 2860 1789 2882 vero
1810 2851 1850 2883 de

253 2902 388 2933 Acontio
420 2906 450 2933 et
483 2904 622 2945 Cydippe
655 2904 756 2935 multo
787 2905 963 2946 posteriore
993 2908 1097 2937 aetate
1128 2916 1147 2937 a
1177 2905 1278 2938 doctis
1311 2905 1413 2948 poetis
1444 2905 1618 2937 inventam.
1653 2905 1744 2936 Haec
1775 2905 1848 2938 ideo

253 2956 403 2997 adscripsi
440 2967 478 2987 ne
507 2957 672 2998 quisquam
707 2962 833 2999 putaret
867 2970 915 2990 me
946 2960 984 2990 de
1015 2962 1175 3001 tempore,
1206 2970 1269 3002 quo
1301 2970 1411 2991 revers
1442 2958 1517 2991 illae
1549 2959 1692 3001 aliaeque
1721 2959 1846 2991 fabulae

252 3010 390 3052 primum
415 3011 478 3042 siut
502 3013 660 3052 prolatae,
684 3013 857 3054 quidquam
881 3015 1031 3045 statuere.
1055 3012 1124 3054 οὐχ
1148 3013 1236 3045 οὕτω
1257 3012 1467 3054 τετύφωμαι.
