2034 3334
1019 351 1101 391 186

268 475 408 514 virtus
450 475 518 514 est
559 475 654 514 vitii
691 475 867 516 nomine
903 475 1101 525 appellet.
1139 476 1260 524 „Ita”
1293 476 1387 526 ipsa
1417 476 1524 516 haec
1554 476 1658 516 sunt
1686 473 1840 516 scholii

268 551 399 591 verba
434 551 669 600 „amatoris
699 562 776 601 per
806 552 954 592 omnia
983 554 1131 592 servat
1161 552 1441 603 conditiones,
1474 554 1533 593 ut·¹
1548 551 1734 593 oratorie
1759 551 1840 592 hoc

269 628 446 677 cogatur
492 627 634 667 scelus
681 638 778 668 esse
823 628 862 668 si
908 630 1079 678 pareret
1119 638 1234 669 nunc
1273 629 1428 678 patri.”
1470 628 1617 678 Neque
1658 627 1741 669 ita
1770 627 1840 669 hic

266 704 495 753 legendum
528 704 654 752 (quod
686 704 730 744 in
755 704 1129 751 Westerhoviana)
1157 714 1295 755 neque
1322 706 1377 745 at
1402 705 1514 754 quod
1541 705 1584 744 in
1611 703 1841 745 Klotziana

266 779 436 830 legitur,
480 781 555 820 sed
598 781 703 831 ira,
746 781 858 830 quod
901 781 1245 821 Stallbaumiana
1285 781 1416 821 habet
1457 784 1614 828 (errore
1653 781 1839 822 fortasse

267 857 541 907 typothetae:
585 857 692 897 nihil
734 857 850 899 enim
893 860 962 898 est
1002 858 1113 908 quod
1155 856 1248 898 fleri
1278 859 1492 907 nequeat).
1524 857 1672 898 Unum
1702 858 1841 898 restat

266 933 447 982 vitium3
491 933 614 973 nihili
651 934 767 974 enim
800 936 868 974 est
900 934 1286 984 conditiones,
1321 944 1481 984 proque
1512 945 1563 975 eo
1593 933 1837 984 legendum,

266 1011 377 1059 quod
410 1010 534 1050 unice
566 1012 717 1060 aptum
749 1011 850 1051 huic
880 1011 995 1051 loco:
1030 1011 1479 1052 conversionem.

324 1087 381 1126 44
413 1097 477 1136 sq.
556 1087 616 1127 Ut
647 1098 785 1136 neque
817 1098 888 1127 me
920 1088 1185 1128 consuetudo
1217 1098 1355 1138 neque
1386 1098 1510 1129 amor
1539 1097 1680 1138 neque
1704 1087 1840 1140 pudor

559 1162 845 1204 Commoveat
876 1174 1014 1213 neque
1046 1165 1324 1204 commoneat
1353 1165 1404 1204 ut
1433 1174 1606 1206 servem
1635 1162 1800 1205 fidem?

266 1240 387 1280 Sch.:
436 1241 495 1279 ut
540 1250 717 1288 neque
758 1250 840 1279 me
882 1240 1259 1287 consuetudo]
1307 1250 1419 1290 „non
1450 1239 1646 1281 ordinem
1675 1239 1838 1289 reddit;

265 1317 446 1357 ferum
479 1316 596 1356 enim
628 1316 768 1356 reddit
799 1317 852 1356 ad
883 1318 1243 1357 mansuetum
1275 1317 1387 1366 quod
1416 1316 1551 1357 etiam
1576 1316 1693 1357 ferae
1718 1325 1837 1358 man-
1860 1302 1875 1308 ⁴

264 1393 513 1433 suescunt.'’
572 1391 784 1442 Quoniam
839 1393 982 1432 totum
1039 1392 1303 1433 adiectivum
1349 1393 1707 1434 mansuetum
1752 1401 1840 1437 non

263 1469 422 1518 legitur
467 1468 511 1508 in
550 1467 748 1508 >Terentii
789 1468 916 1509 textu
956 1468 1032 1508 sed
1075 1468 1119 1508 in
1159 1468 1432 1518 praecedenti
1462 1468 1640 1518 scholio,
1670 1467 1839 1509 scribae

265 1546 336 1587 hic
367 1557 557 1586 errorem
588 1546 724 1585 latere
750 1545 958 1596 suspicor,
985 1546 1302 1595 legendumque
1329 1556 1450 1586 esse:
1481 1545 1688 1595 „ferum
1719 1545 1837 1586 enim

264 1622 405 1662 reddit
446 1623 499 1662 ad
541 1621 1014 1662 consuetudinem
1051 1632 1137 1671 qua
1168 1622 1303 1662 etiam
1334 1622 1450 1662 ferae
1481 1621 1837 1671 mansuescunt,”

263 1700 313 1739 ut
358 1699 466 1738 haec
511 1698 768 1738 restituatur
813 1698 1082 1738 observatio:
1103 1749 1107 1753 ἡ
1129 1698 1350 1748 „chiasmo
1391 1698 1528 1738 utitur
1558 1697 1835 1748 Pamphilus:

263 1775 317 1814 ad
358 1774 560 1814 ultimam
603 1773 719 1814 enim
760 1774 915 1824 prioris
955 1774 1083 1814 seriei
1123 1784 1276 1814 vocem
1317 1774 1338 1813 f
1346 1784 1474 1814 erus
1516 1773 1740 1815 referenda
1769 1775 1838 1814 est

262 1850 404 1900 prima
434 1850 648 1890 secundae
680 1850 808 1890 seriei
838 1861 926 1890 vox
958 1850 1323 1890 consuetudo.
1357 1850 1490 1891 Ferae
1517 1849 1635 1891 enim
1661 1859 1835 1891 consue-

260 1926 410 1966 tudine
441 1927 797 1967 mansuescunt.”

932 2097 1079 2136 Aemus
1112 2096 1166 2136 Π.

321 2233 357 2281 1,
396 2232 415 2270 1
462 2231 616 2280 Apud
663 2231 844 2270 forum
894 2241 916 2270 e
964 2230 1113 2270 Davo
1161 2230 1367 2270 audivi.
1417 2231 1552 2280 Saepe
1592 2230 1654 2270 ita
1694 2230 1836 2272 editur

257 2309 421 2348 lemma
471 2308 749 2347 mutilatum:
798 2309 915 2347 recte
962 2307 1036 2347 alii
1081 2309 1180 2357 post
1226 2307 1407 2347 forum
1454 2308 1617 2347 addunt
1661 2307 1832 2348 modo.

258 2385 458 2433 Sequitur
517 2384 633 2423 enim
692 2383 908 2423 scholion:
973 2383 1185 2432 „plurima
1232 2383 1342 2423 dixit
1390 2384 1442 2423 ad
1490 2382 1833 2424 confirmandum

255 2461 450 2510 Byrrhia‚
481 2461 649 2509 quando
676 2461 967 2509 interrogatus
994 2463 1073 2510 est,
1103 2471 1129 2499 a
1154 2460 1259 2511 loco,
1295 2471 1321 2500 a
1337 2462 1543 2511 tempore,
1564 2471 1590 2500 a
1605 2461 1831 2510 persona.”

255 2538 304 2576 In
347 2548 429 2585 quo
475 2537 670 2586 „quando
705 2537 995 2586 interrogatus
1028 2537 1122 2576 est'’
1156 2537 1263 2576 nihil
1296 2537 1411 2576 aliud
1444 2538 1511 2576 est
1542 2547 1696 2586 quam:
1733 2536 1832 2586 „ubi

255 2623 355 2652 eum
404 2613 604 2651 dominus
650 2612 914 2661 interrogat'’
959 2612 1070 2658 (vide
1112 2622 1221 2661 quae
1253 2613 1305 2652 de
1332 2612 1515 2662 perfecti
1544 2611 1756 2662 temporis
1786 2611 1832 2652 in

254 2689 430 2728 scholiis
477 2699 558 2727 usu
607 2689 936 2729 observavimus
977 2699 1016 2738 p.
1062 2690 1155 2737 75);
1199 2699 1226 2728 a
1265 2689 1389 2729 loco
1432 2690 1592 2738 autem,
1635 2699 1662 2728 a
1701 2690 1829 2729 tem-

254 2772 406 2811 pore,
447 2773 472 2801 a
503 2774 748 2812 persona
779 2765 980 2813 loquendi
1011 2765 1114 2804 sunt
1145 2765 1357 2804 formulae
1389 2775 1445 2804 ex
1475 2766 1568 2804 arte
1601 2764 1827 2815 rhetorica,

252 2847 358 2885 quas
406 2839 566 2886 optime
614 2839 676 2878 sic
717 2840 930 2879 illustres:
979 2840 1192 2890 „plurima
1234 2841 1345 2880 dixit
1386 2851 1410 2880 a
1442 2841 1563 2880 loco
1603 2841 1647 2880 et
1677 2840 1825 2881 simm.

252 2914 278 2953 i.
309 2924 343 2952 e.
388 2915 575 2965 plurima
617 2919 874 2966 argumenta
916 2917 1037 2967 dixit,
1081 2917 1218 2967 petita
1249 2927 1274 2956 a
1304 2917 1397 2957 loco
1429 2919 1473 2956 et
1503 2917 1679 2957 simm.’'
1713 2916 1829 2959 Petit
