2034 3334
1014 378 1099 420 110

302 505 452 561 lianos,
484 505 559 560 qui
591 504 766 548 eandem
801 503 890 547 fere
921 504 1143 548 continent
1173 504 1431 548 sententiam
1462 507 1644 549 venuste
1671 516 1812 549 enun-

302 583 455 624 ciatam
487 581 557 636 (ΙΙ,
590 582 630 637 4,
667 581 721 623 19
753 582 858 637 sq.):

479 690 550 732 Ad
582 690 800 732 dominam
831 690 979 733 faciles
1011 690 1155 734 aditus
1186 703 1263 747 per
1293 691 1484 734 carmina
1515 703 1700 747 quaero:

539 766 603 809 Ite
634 767 795 822 procul,
827 766 990 823 Musae,
1022 768 1060 810 si
1090 767 1200 810 nihil
1230 768 1315 811 ista
1345 767 1502 823 valent,

301 883 508 927 concedes
555 886 698 926 tamen
739 883 1118 940 Propertianorum
1150 896 1360 926 versuum
1389 883 1639 940 pleniorem,
1671 885 1723 926 ut
1751 883 1812 926 ita

302 959 452 1015 dicam,
491 961 820 1016 gravioremque
855 972 950 1003 esse
981 973 1150 1015 sonum,
1183 961 1260 1016 qui
1291 961 1430 1016 magis
1461 959 1716 1016 respondeat
1746 959 1813 1002 in-

303 1037 422 1079 timis
453 1036 803 1092 cogitationibus.

361 1111 459 1155 Hoc
500 1117 565 1155 est
603 1126 680 1155 cur
721 1115 863 1155 cantet
903 1112 1176 1169 Propertius:
1216 1113 1309 1169 ipse
1342 1115 1471 1169 amat,
1498 1113 1592 1169 ipse
1623 1123 1814 1155 amorem

305 1188 520 1244 quendam
568 1201 719 1231 verum
763 1192 805 1231 et
844 1188 1064 1231 ardentem
1096 1190 1227 1232 sentit
1256 1189 1303 1230 in
1336 1188 1550 1245 medullis,
1585 1200 1687 1245 ergo
1717 1187 1816 1231 illos

303 1265 477 1307 demum
523 1266 672 1321 poesin
722 1277 845 1307 suam
887 1277 990 1308 vere
1021 1264 1201 1321 probare
1231 1277 1358 1321 posse
1389 1264 1524 1308 credit
1557 1265 1634 1320 qui
1664 1263 1816 1308 eodem

304 1353 437 1384 sensu
469 1344 831 1384 commoveantur.
863 1340 960 1384 Hoc
993 1341 1097 1384 dicit
1127 1341 1326 1384 versibus
1357 1340 1438 1394 111,
1471 1342 1541 1397 32,
1572 1341 1627 1383 81
1656 1353 1743 1398 sq.:
1775 1326 1884 1381 :,H'
1900 1312 1969 1370 εί
1979 1302 2034 1351 β’

479 1449 578 1493 Νο11
610 1454 752 1493 tamen
785 1451 889 1494 haec
921 1451 1001 1493 ulli
1032 1451 1207 1494 venient
1235 1452 1405 1507 ingrata
1431 1450 1602 1507 legenti,

541 1525 641 1570 Sive
671 1527 718 1569 in
749 1539 893 1570 amore
924 1527 1059 1583 rudis,
1091 1528 1183 1570 sive
1216 1529 1381 1584 peritus
1413 1527 1494 1570 erit

303 1647 345 1687 et
391 1644 468 1701 IV,
501 1646 541 1702 8,
571 1646 629 1687 45
662 1659 749 1702 sq.:

480 1754 599 1798 Haec
629 1757 759 1797 urant
788 1767 958 1810 pueros,
988 1754 1094 1797 haec
1123 1756 1253 1796 urant
1283 1755 1442 1810 scripta
1471 1753 1651 1811 puellas,

541 1830 699 1887 Meque
729 1831 858 1873 deum
889 1830 1086 1886 clament,
1117 1833 1159 1873 et
1189 1830 1295 1872 mihi
1327 1843 1449 1873 sacra
1480 1830 1631 1874 ferant.

361 1947 425 1990 Ea
465 1961 596 1991 causa
636 1951 701 1992 est
731 1962 809 1991 cur
839 1948 916 2003 IV,
947 1949 1003 1991 23
1037 1948 1221 1991 declaret
1252 1949 1405 1992 ceteris
1437 1948 1633 1993 libellum
1667 1963 1814 2007 suum,

304 2038 432 2079 quem
488 2026 643 2081 amisit,
693 2025 858 2068 nullius
905 2038 999 2068 esse
1043 2026 1171 2081 pretii
1217 2026 1292 2068 sed
1341 2027 1520 2068 maximi
1567 2026 1650 2070 sibi
1696 2025 1811 2082 Cyn-
2014 2035 2034 2087 ·{

303 2101 514 2157 thiaeque.
2030 2102 2034 2110 '

367 2177 515 2231 „''Hoc
563 2178 622 2220 ait
668 2177 762 2232 (111,
807 2178 848 2232 4,
892 2178 932 2231 7)
978 2191 1083 2234 „ago
1125 2180 1174 2220 ut
1214 2181 1361 2221 nostro
1393 2177 1593 2234 stupefiat
1625 2177 1810 2233 Cynthia

303 2265 444 2308 versu,
491 2253 552 2295 nil
594 2252 752 2296 aliud'’.
795 2253 937 2309 Seque
967 2254 1012 2295 id
1040 2254 1155 2309 quod
1189 2255 1316 2297 unice
1347 2255 1530 2310 cupierit
1561 2257 1807 2298 assecutum

304 2341 397 2371 esse
428 2330 566 2372 laetus
597 2334 835 2386 gratusque
866 2333 1049 2372 testatur
1079 2329 1174 2385 (ΙΠ,
1208 2331 1278 2385 22,
1310 2330 1335 2371 5
1369 2332 1469 2386 sq.):
1508 2338 1623 2384 zff
1648 2327 1704 2369 Ιῖῖ
1721 2327 1829 2397 ΡΩ,
1853 2314 1923 2367 ίῗὶ
1932 2278 2030 2391 671)

482 2439 591 2481 Nam
625 2452 719 2482 mea
750 2453 848 2482 cum
880 2440 1042 2494 recitat,
1075 2439 1177 2481 dicit
1208 2452 1254 2482 se
1286 2439 1428 2482 odisse
1458 2438 1627 2481 beatos:

542 2515 739 2558 Carmina
770 2520 856 2558 tam
888 2519 1033 2558 sancte
1063 2515 1183 2558 nulla
1214 2516 1357 2571 puella
1388 2515 1499 2557 colit.

363 2630 505 2673 Verus
537 2633 702 2687 artifex,
734 2646 865 2676 verus
897 2635 1022 2689 poeta
1053 2636 1187 2675 semet
1217 2633 1362 2688 ipsum
1391 2633 1524 2686 novit,
1554 2631 1660 2687 quid
1676 2630 1812 2686 possit

306 2706 410 2760 quid
442 2720 528 2748 non
561 2710 696 2763 possit
729 2710 859 2751 sentit
884 2722 1026 2765 neque
1051 2722 1246 2765 unquam
1276 2708 1554 2762 obliviscitur,
1571 2706 1638 2749 vel
1655 2707 1811 2762 potius,

305 2795 403 2823 cum
453 2783 498 2823 in
545 2787 633 2825 arte
679 2784 787 2825 nihil
833 2785 889 2826 sit
935 2786 1005 2827 cui
1047 2785 1174 2841 plane
1216 2785 1273 2827 sit
1311 2785 1460 2840 impar,
1504 2783 1609 2838 quid
1640 2783 1810 2838 egregie

303 2858 450 2912 possit,
499 2859 603 2913 quid
650 2860 783 2902 nihilo
830 2860 986 2911 melius
1029 2875 1159 2917 quam
1197 2861 1327 2903 ceteri
1369 2872 1529 2914 omnes,
1561 2861 1737 2915 experto
1769 2858 1809 2900 ei
