<?xml version="1.0" encoding="UTF-8"?>
<!DOCTYPE html PUBLIC "-//W3C//DTD XHTML 1.0 Transitional//EN"
    "http://www.w3.org/TR/xhtml1/DTD/xhtml1-transitional.dtd">
<html xmlns="http://www.w3.org/1999/xhtml" xml:lang="en" lang="en">
 <head>
  <title>
</title>
<meta http-equiv="Content-Type" content="text/html;charset=utf-8" />
  <meta name='ocr-system' content='tesseract 3.04.00' />
  <meta name='ocr-capabilities' content='ocr_page ocr_carea ocr_par ocr_line ocrx_word'/>
</head>
<body>
  <div class='ocr_page' id='page_1' title='image "./dehoratiopota00hartuoft_0408.png"; bbox 0 0 2034 3334; ppageno 0'>
   <div class='ocr_carea' id='block_1_1' title="bbox 1628 0 2034 296">
    <p class='ocr_par' dir='ltr' id='par_1_1' title="bbox 1628 0 2034 296">
     <span class='ocr_line' id='line_1_1' title="bbox 1628 0 2034 296; baseline 0 3038"><span class='ocrx_word' id='word_1_1' title='bbox 1628 0 2034 296; x_wconf 95' lang='lat' dir='ltr'> </span> 
     </span>
    </p>
   </div>
   <div class='ocr_carea' id='block_1_2' title="bbox 1010 400 1066 440">
    <p class='ocr_par' dir='ltr' id='par_1_2' title="bbox 1010 400 1066 440">
     <span class='ocr_line' id='line_1_2' title="bbox 1010 400 1066 440; baseline 0 0"><span class='ocrx_word' id='word_1_2' title='bbox 1010 400 1066 440; x_wconf 84' lang='lat'>24</span> 
     </span>
    </p>
   </div>
   <div class='ocr_carea' id='block_1_3' title="bbox 253 525 1821 660">
    <p class='ocr_par' dir='ltr' id='par_1_3' title="bbox 253 525 1821 660">
     <span class='ocr_line' id='line_1_3' title="bbox 348 525 1728 586; baseline 0 -18"><span class='ocrx_word' id='word_1_3' title='bbox 348 538 427 578; x_wconf 88' lang='lat' dir='ltr'>age</span> <span class='ocrx_word' id='word_1_4' title='bbox 454 528 595 578; x_wconf 91' lang='lat' dir='ltr'>modo,</span> <span class='ocrx_word' id='word_1_5' title='bbox 625 538 738 567; x_wconf 90' lang='lat' dir='ltr'>nunc</span> <span class='ocrx_word' id='word_1_6' title='bbox 764 526 842 566; x_wconf 85' lang='lat' dir='ltr'>tibi</span> <span class='ocrx_word' id='word_1_7' title='bbox 868 526 1020 576; x_wconf 87' lang='lat' dir='ltr'>patent</span> <span class='ocrx_word' id='word_1_8' title='bbox 1044 525 1159 566; x_wconf 87' lang='lat' dir='ltr'>fores</span> <span class='ocrx_word' id='word_1_9' title='bbox 1185 525 1279 575; x_wconf 87' lang='lat' dir='ltr'>hae,</span> <span class='ocrx_word' id='word_1_10' title='bbox 1308 525 1410 576; x_wconf 89' lang='lat' dir='ltr'>quia</span> <span class='ocrx_word' id='word_1_11' title='bbox 1433 527 1566 567; x_wconf 87' lang='lat' dir='ltr'>istam</span> <span class='ocrx_word' id='word_1_12' title='bbox 1592 527 1728 586; x_wconf 80' lang='lat' dir='ltr'>ducis.</span> 
     </span>
     <span class='ocr_line' id='line_1_4' title="bbox 253 601 1821 660; baseline 0 -16"><span class='ocrx_word' id='word_1_13' title='bbox 253 604 397 654; x_wconf 84' lang='lat' dir='ltr'>„Hoc”</span> <span class='ocrx_word' id='word_1_14' title='bbox 430 604 492 643; x_wconf 84' lang='lat' dir='ltr'>ait</span> <span class='ocrx_word' id='word_1_15' title='bbox 525 603 766 643; x_wconf 87' lang='lat' dir='ltr'>Scholiasta</span> <span class='ocrx_word' id='word_1_16' title='bbox 800 602 949 652; x_wconf 85' lang='lat' dir='ltr'>„quasi</span> <span class='ocrx_word' id='word_1_17' title='bbox 985 602 1039 642; x_wconf 91' lang='lat' dir='ltr'>ad</span> <span class='ocrx_word' id='word_1_18' title='bbox 1075 601 1361 653; x_wconf 81' lang='lat' dir='ltr'><strong>Gnathonem,</strong></span> <span class='ocrx_word' id='word_1_19' title='bbox 1399 602 1475 643; x_wconf 88' lang='lat' dir='ltr'>sed</span> <span class='ocrx_word' id='word_1_20' title='bbox 1511 603 1628 643; x_wconf 88' lang='lat' dir='ltr'>lente</span> <span class='ocrx_word' id='word_1_21' title='bbox 1666 603 1713 644; x_wconf 86' lang='lat' dir='ltr'>et</span> <span class='ocrx_word' id='word_1_22' title='bbox 1733 603 1821 660; x_wconf 62' lang='lat' dir='ltr'><em>Q</em></span> 
     </span>
    </p>
   </div>
   <div class='ocr_carea' id='block_1_4' title="bbox 249 643 2011 739">
    <p class='ocr_par' dir='ltr' id='par_1_4' title="bbox 249 643 2011 739">
     <span class='ocr_line' id='line_1_5' title="bbox 249 643 2011 739; baseline 0.001 -20"><span class='ocrx_word' id='word_1_23' title='bbox 249 680 396 737; x_wconf 58' lang='lat' dir='ltr'>linffla</span> <span class='ocrx_word' id='word_1_24' title='bbox 422 679 710 719; x_wconf 89' lang='lat' dir='ltr'>murmurat’&#39;.</span> <span class='ocrx_word' id='word_1_25' title='bbox 742 678 984 718; x_wconf 80' lang='lat' dir='ltr'>Scholiasta</span> <span class='ocrx_word' id='word_1_26' title='bbox 1005 688 1106 727; x_wconf 88' lang='lat' dir='ltr'>ergo</span> <span class='ocrx_word' id='word_1_27' title='bbox 1124 679 1273 718; x_wconf 83' lang='lat' dir='ltr'>censet</span> <span class='ocrx_word' id='word_1_28' title='bbox 1288 677 1548 719; x_wconf 79' lang='lat' dir='ltr'>Parmenoni</span> <span class='ocrx_word' id='word_1_29' title='bbox 1562 686 1820 729; x_wconf 80' lang='lat' dir='ltr'>persuasum</span> <span class='ocrx_word' id='word_1_30' title='bbox 1842 734 1845 739; x_wconf 19' lang='grc' dir='ltr'><em>Α</em></span> <span class='ocrx_word' id='word_1_31' title='bbox 1927 673 1938 684; x_wconf 93' lang='grc'>’</span> <span class='ocrx_word' id='word_1_32' title='bbox 1994 643 2011 679; x_wconf 59' lang='lat'>2</span> 
     </span>
    </p>
   </div>
   <div class='ocr_carea' id='block_1_5' title="bbox 245 753 1861 2616">
    <p class='ocr_par' dir='ltr' id='par_1_5' title="bbox 245 753 1822 1488">
     <span class='ocr_line' id='line_1_6' title="bbox 251 753 1821 804; baseline 0 -8"><span class='ocrx_word' id='word_1_33' title='bbox 251 765 346 795; x_wconf 87' lang='lat' dir='ltr'>esse</span> <span class='ocrx_word' id='word_1_34' title='bbox 387 756 439 796; x_wconf 92' lang='lat' dir='ltr'>de</span> <span class='ocrx_word' id='word_1_35' title='bbox 479 755 592 795; x_wconf 89' lang='lat' dir='ltr'>bona</span> <span class='ocrx_word' id='word_1_36' title='bbox 631 753 714 794; x_wconf 86' lang='lat' dir='ltr'>fide</span> <span class='ocrx_word' id='word_1_37' title='bbox 760 754 950 794; x_wconf 83' lang='lat' dir='ltr'><strong>Thaidis.</strong></span> <span class='ocrx_word' id='word_1_38' title='bbox 998 753 1208 804; x_wconf 86' lang='lat' dir='ltr'>Equidem</span> <span class='ocrx_word' id='word_1_39' title='bbox 1254 753 1424 795; x_wconf 91' lang='lat' dir='ltr'>dubito:</span> <span class='ocrx_word' id='word_1_40' title='bbox 1471 754 1662 796; x_wconf 86' lang='lat' dir='ltr'>vidimus</span> <span class='ocrx_word' id='word_1_41' title='bbox 1701 755 1821 796; x_wconf 81' lang='lat' dir='ltr'>enim</span> 
     </span>
     <span class='ocr_line' id='line_1_7' title="bbox 252 829 1821 881; baseline 0.001 -10"><span class='ocrx_word' id='word_1_42' title='bbox 252 841 382 881; x_wconf 91' lang='lat' dir='ltr'>quam</span> <span class='ocrx_word' id='word_1_43' title='bbox 423 831 623 881; x_wconf 83' lang='lat' dir='ltr'>pertinax</span> <span class='ocrx_word' id='word_1_44' title='bbox 665 830 780 870; x_wconf 93' lang='lat' dir='ltr'>idem</span> <span class='ocrx_word' id='word_1_45' title='bbox 821 830 894 870; x_wconf 90' lang='lat' dir='ltr'>ille</span> <span class='ocrx_word' id='word_1_46' title='bbox 931 830 1148 870; x_wconf 84' lang='lat' dir='ltr'>Parmeno</span> <span class='ocrx_word' id='word_1_47' title='bbox 1188 829 1316 879; x_wconf 89' lang='lat' dir='ltr'>paulo</span> <span class='ocrx_word' id='word_1_48' title='bbox 1352 831 1453 870; x_wconf 90' lang='lat' dir='ltr'>ante</span> <span class='ocrx_word' id='word_1_49' title='bbox 1483 830 1615 871; x_wconf 85' lang='lat' dir='ltr'>fuerit</span> <span class='ocrx_word' id='word_1_50' title='bbox 1643 830 1821 873; x_wconf 78' lang='lat' dir='ltr'><strong>Thaidis</strong></span> 
     </span>
     <span class='ocr_line' id='line_1_8' title="bbox 250 906 1821 956; baseline 0.001 -9"><span class='ocrx_word' id='word_1_51' title='bbox 250 907 536 947; x_wconf 87' lang='lat' dir='ltr'>adversarius.</span> <span class='ocrx_word' id='word_1_52' title='bbox 580 907 746 956; x_wconf 85' lang='lat' dir='ltr'>Ergone</span> <span class='ocrx_word' id='word_1_53' title='bbox 787 916 902 946; x_wconf 91' lang='lat' dir='ltr'>nunc</span> <span class='ocrx_word' id='word_1_54' title='bbox 943 906 1133 946; x_wconf 89' lang='lat' dir='ltr'>mutavit</span> <span class='ocrx_word' id='word_1_55' title='bbox 1173 906 1380 956; x_wconf 91' lang='lat' dir='ltr'>mentem,</span> <span class='ocrx_word' id='word_1_56' title='bbox 1425 907 1625 956; x_wconf 86' lang='lat' dir='ltr'>certaque</span> <span class='ocrx_word' id='word_1_57' title='bbox 1659 907 1751 948; x_wconf 83' lang='lat' dir='ltr'>stat</span> <span class='ocrx_word' id='word_1_58' title='bbox 1780 907 1821 948; x_wconf 89' lang='lat' dir='ltr'>ei</span> 
     </span>
     <span class='ocr_line' id='line_1_9' title="bbox 249 981 1820 1033; baseline 0.001 -10"><span class='ocrx_word' id='word_1_59' title='bbox 249 994 349 1033; x_wconf 89' lang='lat' dir='ltr'>spes</span> <span class='ocrx_word' id='word_1_60' title='bbox 390 983 535 1033; x_wconf 90' lang='lat' dir='ltr'>elapso</span> <span class='ocrx_word' id='word_1_61' title='bbox 576 983 703 1023; x_wconf 87' lang='lat' dir='ltr'>biduo</span> <span class='ocrx_word' id='word_1_62' title='bbox 746 982 972 1022; x_wconf 90' lang='lat' dir='ltr'>exclusum</span> <span class='ocrx_word' id='word_1_63' title='bbox 1015 982 1067 1021; x_wconf 93' lang='lat' dir='ltr'>iri</span> <span class='ocrx_word' id='word_1_64' title='bbox 1102 981 1291 1022; x_wconf 91' lang='lat' dir='ltr'>militem</span> <span class='ocrx_word' id='word_1_65' title='bbox 1323 983 1367 1022; x_wconf 95' lang='lat' dir='ltr'>et</span> <span class='ocrx_word' id='word_1_66' title='bbox 1397 983 1538 1022; x_wconf 87' lang='lat' dir='ltr'>totam</span> <span class='ocrx_word' id='word_1_67' title='bbox 1567 982 1659 1025; x_wconf 77' lang='lat' dir='ltr'>fore</span> <span class='ocrx_word' id='word_1_68' title='bbox 1687 981 1820 1024; x_wconf 88' lang='lat' dir='ltr'>Phae-</span> 
     </span>
     <span class='ocr_line' id='line_1_10' title="bbox 245 1057 1820 1108; baseline 0 -9"><span class='ocrx_word' id='word_1_69' title='bbox 245 1059 367 1099; x_wconf 89' lang='lat' dir='ltr'>driae</span> <span class='ocrx_word' id='word_1_70' title='bbox 408 1059 650 1099; x_wconf 85' lang='lat' dir='ltr'>Thaidem?</span> <span class='ocrx_word' id='word_1_71' title='bbox 691 1059 784 1098; x_wconf 91' lang='lat' dir='ltr'>Non</span> <span class='ocrx_word' id='word_1_72' title='bbox 821 1060 971 1098; x_wconf 91' lang='lat' dir='ltr'>tamen</span> <span class='ocrx_word' id='word_1_73' title='bbox 1001 1068 1112 1108; x_wconf 87' lang='lat' dir='ltr'>nego</span> <span class='ocrx_word' id='word_1_74' title='bbox 1142 1057 1236 1099; x_wconf 87' lang='lat' dir='ltr'>fleri</span> <span class='ocrx_word' id='word_1_75' title='bbox 1266 1067 1393 1108; x_wconf 83' lang='lat' dir='ltr'>posse</span> <span class='ocrx_word' id='word_1_76' title='bbox 1424 1059 1473 1098; x_wconf 82' lang='lat' dir='ltr'>ut</span> <span class='ocrx_word' id='word_1_77' title='bbox 1503 1058 1717 1099; x_wconf 82' lang='lat' dir='ltr'>Parmeno</span> <span class='ocrx_word' id='word_1_78' title='bbox 1747 1058 1820 1099; x_wconf 86' lang='lat' dir='ltr'>ali-</span> 
     </span>
     <span class='ocr_line' id='line_1_11' title="bbox 251 1126 1822 1185; baseline 0.001 -11"><span class='ocrx_word' id='word_1_79' title='bbox 251 1145 381 1184; x_wconf 91' lang='lat' dir='ltr'>quam</span> <span class='ocrx_word' id='word_1_80' title='bbox 422 1135 467 1174; x_wconf 93' lang='lat' dir='ltr'>in</span> <span class='ocrx_word' id='word_1_81' title='bbox 509 1134 684 1174; x_wconf 83' lang='lat' dir='ltr'>Thaidis</span> <span class='ocrx_word' id='word_1_82' title='bbox 726 1133 809 1174; x_wconf 86' lang='lat' dir='ltr'>fide</span> <span class='ocrx_word' id='word_1_83' title='bbox 850 1145 973 1184; x_wconf 89' lang='lat' dir='ltr'>spem</span> <span class='ocrx_word' id='word_1_84' title='bbox 1015 1135 1159 1184; x_wconf 91' lang='lat' dir='ltr'>ponat.</span> <span class='ocrx_word' id='word_1_85' title='bbox 1202 1126 1303 1174; x_wconf 82' lang='lat' dir='ltr'>Mox</span> <span class='ocrx_word' id='word_1_86' title='bbox 1342 1144 1496 1174; x_wconf 85' lang='lat' dir='ltr'>versus</span> <span class='ocrx_word' id='word_1_87' title='bbox 1537 1133 1719 1175; x_wconf 80' lang='lat' dir='ltr'>afferam</span> <span class='ocrx_word' id='word_1_88' title='bbox 1748 1134 1822 1185; x_wconf 79' lang='lat' dir='ltr'>qui</span> 
     </span>
     <span class='ocr_line' id='line_1_12' title="bbox 249 1210 1822 1260; baseline 0.001 -10"><span class='ocrx_word' id='word_1_89' title='bbox 249 1211 330 1251; x_wconf 91' lang='lat' dir='ltr'>hoc</span> <span class='ocrx_word' id='word_1_90' title='bbox 374 1211 483 1250; x_wconf 88' lang='lat' dir='ltr'>mihi</span> <span class='ocrx_word' id='word_1_91' title='bbox 525 1211 707 1250; x_wconf 86' lang='lat' dir='ltr'>reddant</span> <span class='ocrx_word' id='word_1_92' title='bbox 748 1210 961 1250; x_wconf 84' lang='lat' dir='ltr'>credibile.</span> <span class='ocrx_word' id='word_1_93' title='bbox 1007 1210 1088 1250; x_wconf 87' lang='lat' dir='ltr'>Sed</span> <span class='ocrx_word' id='word_1_94' title='bbox 1125 1210 1245 1259; x_wconf 89' lang='lat' dir='ltr'>prius</span> <span class='ocrx_word' id='word_1_95' title='bbox 1285 1220 1462 1250; x_wconf 87' lang='lat' dir='ltr'>versum</span> <span class='ocrx_word' id='word_1_96' title='bbox 1493 1210 1822 1260; x_wconf 86' lang='lat' dir='ltr'>praecedentem</span> 
     </span>
     <span class='ocr_line' id='line_1_13' title="bbox 252 1282 1822 1336; baseline 0.001 -10"><span class='ocrx_word' id='word_1_97' title='bbox 252 1287 515 1336; x_wconf 83' lang='lat' dir='ltr'>aspiciamus</span> <span class='ocrx_word' id='word_1_98' title='bbox 557 1297 583 1326; x_wconf 93' lang='lat' dir='ltr'>a</span> <span class='ocrx_word' id='word_1_99' title='bbox 626 1282 867 1327; x_wconf 81' lang='lat' dir='ltr'>Scholiasta</span> <span class='ocrx_word' id='word_1_100' title='bbox 907 1286 1174 1336; x_wconf 88' lang='lat' dir='ltr'>lepidissime</span> <span class='ocrx_word' id='word_1_101' title='bbox 1214 1286 1496 1327; x_wconf 90' lang='lat' dir='ltr'>illustratum.</span> <span class='ocrx_word' id='word_1_102' title='bbox 1533 1286 1608 1327; x_wconf 86' lang='lat' dir='ltr'>Vs.</span> <span class='ocrx_word' id='word_1_103' title='bbox 1641 1286 1728 1328; x_wconf 84' lang='lat'>280</span> <span class='ocrx_word' id='word_1_104' title='bbox 1757 1286 1822 1328; x_wconf 78' lang='lat' dir='ltr'>sic</span> 
     </span>
     <span class='ocr_line' id='line_1_14' title="bbox 251 1362 1065 1412; baseline 0 -10"><span class='ocrx_word' id='word_1_105' title='bbox 251 1362 568 1402; x_wconf 90' lang='lat' dir='ltr'>Parmenonem</span> <span class='ocrx_word' id='word_1_106' title='bbox 610 1363 842 1412; x_wconf 87' lang='lat' dir='ltr'>alloquitur</span> <span class='ocrx_word' id='word_1_107' title='bbox 873 1362 1065 1402; x_wconf 81' lang='lat' dir='ltr'>Gnatho:</span> 
     </span>
     <span class='ocr_line' id='line_1_15' title="bbox 489 1437 1617 1488; baseline 0 -10"><span class='ocrx_word' id='word_1_108' title='bbox 489 1438 668 1478; x_wconf 91' lang='lat' dir='ltr'>Detineo</span> <span class='ocrx_word' id='word_1_109' title='bbox 700 1440 767 1478; x_wconf 91' lang='lat' dir='ltr'>te:</span> <span class='ocrx_word' id='word_1_110' title='bbox 800 1439 986 1478; x_wconf 85' lang='lat' dir='ltr'>fortasse</span> <span class='ocrx_word' id='word_1_111' title='bbox 1017 1439 1066 1478; x_wconf 90' lang='lat' dir='ltr'>tu</span> <span class='ocrx_word' id='word_1_112' title='bbox 1096 1438 1314 1488; x_wconf 87' lang='lat' dir='ltr'>profectus</span> <span class='ocrx_word' id='word_1_113' title='bbox 1346 1437 1429 1478; x_wconf 87' lang='lat' dir='ltr'>alio</span> <span class='ocrx_word' id='word_1_114' title='bbox 1459 1438 1617 1478; x_wconf 87' lang='lat' dir='ltr'>fueras.</span> 
     </span>
    </p>

    <p class='ocr_par' dir='ltr' id='par_1_6' title="bbox 251 1514 1822 1717">
     <span class='ocr_line' id='line_1_16' title="bbox 253 1514 1820 1574; baseline 0.001 -20"><span class='ocrx_word' id='word_1_115' title='bbox 253 1514 390 1564; x_wconf 81' lang='lat' dir='ltr'>Quam</span> <span class='ocrx_word' id='word_1_116' title='bbox 431 1515 616 1554; x_wconf 79' lang='lat' dir='ltr'>mordax</span> <span class='ocrx_word' id='word_1_117' title='bbox 658 1514 763 1554; x_wconf 93' lang='lat' dir='ltr'>illud</span> <span class='ocrx_word' id='word_1_118' title='bbox 803 1514 968 1554; x_wconf 84' lang='lat' dir='ltr'>dictum</span> <span class='ocrx_word' id='word_1_119' title='bbox 1010 1514 1070 1553; x_wconf 91' lang='lat' dir='ltr'>sit</span> <span class='ocrx_word' id='word_1_120' title='bbox 1100 1524 1228 1554; x_wconf 90' lang='lat' dir='ltr'>nemo</span> <span class='ocrx_word' id='word_1_121' title='bbox 1271 1514 1513 1554; x_wconf 86' lang='lat' dir='ltr'>Scholiasta</span> <span class='ocrx_word' id='word_1_122' title='bbox 1536 1514 1700 1574; x_wconf 51' lang='lat' dir='ltr'>¹melius</span> <span class='ocrx_word' id='word_1_123' title='bbox 1729 1524 1820 1565; x_wconf 84' lang='lat' dir='ltr'>per·</span> 
     </span>
     <span class='ocr_line' id='line_1_17' title="bbox 251 1590 1819 1640; baseline 0.002 -10"><span class='ocrx_word' id='word_1_124' title='bbox 251 1591 418 1640; x_wconf 87' lang='lat' dir='ltr'>spexit;</span> <span class='ocrx_word' id='word_1_125' title='bbox 461 1591 642 1629; x_wconf 89' lang='lat' dir='ltr'>annotat</span> <span class='ocrx_word' id='word_1_126' title='bbox 674 1590 813 1629; x_wconf 83' lang='lat' dir='ltr'>enim:</span> <span class='ocrx_word' id='word_1_127' title='bbox 852 1590 972 1639; x_wconf 87' lang='lat' dir='ltr'>„vult</span> <span class='ocrx_word' id='word_1_128' title='bbox 1004 1590 1246 1639; x_wconf 84' lang='lat' dir='ltr'>exprimere</span> <span class='ocrx_word' id='word_1_129' title='bbox 1279 1590 1594 1630; x_wconf 87' lang='lat' dir='ltr'>confessionem</span> <span class='ocrx_word' id='word_1_130' title='bbox 1625 1590 1737 1640; x_wconf 87' lang='lat' dir='ltr'>quod</span> <span class='ocrx_word' id='word_1_131' title='bbox 1766 1590 1819 1633; x_wconf 77' lang='lat' dir='ltr'>ad</span> 
     </span>
     <span class='ocr_line' id='line_1_18' title="bbox 252 1665 1822 1717; baseline -0.001 -12"><span class='ocrx_word' id='word_1_132' title='bbox 252 1665 460 1705; x_wconf 85' lang='lat' dir='ltr'>Thaidem</span> <span class='ocrx_word' id='word_1_133' title='bbox 491 1665 660 1704; x_wconf 90' lang='lat' dir='ltr'>venerit</span> <span class='ocrx_word' id='word_1_134' title='bbox 686 1665 762 1704; x_wconf 88' lang='lat' dir='ltr'>sed</span> <span class='ocrx_word' id='word_1_135' title='bbox 794 1665 955 1704; x_wconf 89' lang='lat' dir='ltr'>intrare</span> <span class='ocrx_word' id='word_1_136' title='bbox 986 1675 1072 1704; x_wconf 90' lang='lat' dir='ltr'>non</span> <span class='ocrx_word' id='word_1_137' title='bbox 1102 1665 1283 1714; x_wconf 87' lang='lat' dir='ltr'>possit.”</span> <span class='ocrx_word' id='word_1_138' title='bbox 1749 1710 1755 1715; x_wconf 27' lang='lat'><strong>⁴</strong></span> <span class='ocrx_word' id='word_1_139' title='bbox 1779 1711 1791 1717; x_wconf 59' lang='lat'><em>„</em></span> <span class='ocrx_word' id='word_1_140' title='bbox 1808 1708 1822 1715; x_wconf 57' lang='lat'>‚</span> 
     </span>
    </p>

    <p class='ocr_par' dir='ltr' id='par_1_7' title="bbox 251 1740 1819 1942">
     <span class='ocr_line' id='line_1_19' title="bbox 311 1740 1819 1789; baseline 0 -9"><span class='ocrx_word' id='word_1_141' title='bbox 311 1741 403 1781; x_wconf 92' lang='lat' dir='ltr'>Hoc</span> <span class='ocrx_word' id='word_1_142' title='bbox 443 1742 593 1780; x_wconf 88' lang='lat' dir='ltr'>tamen</span> <span class='ocrx_word' id='word_1_143' title='bbox 634 1740 880 1780; x_wconf 85' lang='lat' dir='ltr'>mordacius</span> <span class='ocrx_word' id='word_1_144' title='bbox 922 1740 1058 1780; x_wconf 88' lang='lat' dir='ltr'>etiam</span> <span class='ocrx_word' id='word_1_145' title='bbox 1090 1741 1201 1789; x_wconf 90' lang='lat' dir='ltr'>quod</span> <span class='ocrx_word' id='word_1_146' title='bbox 1232 1741 1473 1781; x_wconf 86' lang='lat' dir='ltr'>restantem</span> <span class='ocrx_word' id='word_1_147' title='bbox 1504 1740 1819 1781; x_wconf 89' lang='lat' dir='ltr'>Parmenonem</span> 
     </span>
     <span class='ocr_line' id='line_1_20' title="bbox 251 1816 1818 1866; baseline 0 -10"><span class='ocrx_word' id='word_1_148' title='bbox 251 1816 420 1856; x_wconf 83' lang='lat' dir='ltr'>Gnatho</span> <span class='ocrx_word' id='word_1_149' title='bbox 466 1818 590 1865; x_wconf 88' lang='lat' dir='ltr'>rogat</span> <span class='ocrx_word' id='word_1_150' title='bbox 634 1827 699 1856; x_wconf 82' lang='lat' dir='ltr'>VS.</span> <span class='ocrx_word' id='word_1_151' title='bbox 745 1817 829 1856; x_wconf 86' lang='lat'>283</span> <span class='ocrx_word' id='word_1_152' title='bbox 878 1826 1142 1866; x_wconf 84' lang='lat' dir='ltr'>„numquem</span> <span class='ocrx_word' id='word_1_153' title='bbox 1184 1816 1355 1856; x_wconf 89' lang='lat' dir='ltr'>evocari</span> <span class='ocrx_word' id='word_1_154' title='bbox 1395 1816 1496 1856; x_wconf 87' lang='lat' dir='ltr'>hinc</span> <span class='ocrx_word' id='word_1_155' title='bbox 1535 1816 1603 1855; x_wconf 87' lang='lat' dir='ltr'>vis</span> <span class='ocrx_word' id='word_1_156' title='bbox 1642 1816 1818 1857; x_wconf 84' lang='lat' dir='ltr'>foras?”</span> 
     </span>
     <span class='ocr_line' id='line_1_21' title="bbox 251 1892 924 1942; baseline -0.001 -10"><span class='ocrx_word' id='word_1_157' title='bbox 251 1895 420 1942; x_wconf 87' lang='lat' dir='ltr'>(nempe</span> <span class='ocrx_word' id='word_1_158' title='bbox 451 1903 677 1932; x_wconf 87' lang='lat' dir='ltr'>servorum</span> <span class='ocrx_word' id='word_1_159' title='bbox 708 1892 924 1941; x_wconf 86' lang='lat' dir='ltr'>aliquem).</span> 
     </span>
    </p>

    <p class='ocr_par' dir='ltr' id='par_1_8' title="bbox 249 1967 1820 2093">
     <span class='ocr_line' id='line_1_22' title="bbox 310 1967 1820 2008; baseline 0.001 -1"><span class='ocrx_word' id='word_1_160' title='bbox 310 1968 428 2008; x_wconf 87' lang='lat' dir='ltr'>Haec</span> <span class='ocrx_word' id='word_1_161' title='bbox 470 1968 542 2007; x_wconf 91' lang='lat' dir='ltr'>ubi</span> <span class='ocrx_word' id='word_1_162' title='bbox 585 1968 696 2007; x_wconf 91' lang='lat' dir='ltr'>dixit</span> <span class='ocrx_word' id='word_1_163' title='bbox 736 1967 906 2007; x_wconf 79' lang='lat' dir='ltr'>Gnatho</span> <span class='ocrx_word' id='word_1_164' title='bbox 947 1967 1076 2007; x_wconf 91' lang='lat' dir='ltr'>aedes</span> <span class='ocrx_word' id='word_1_165' title='bbox 1117 1967 1278 2007; x_wconf 90' lang='lat' dir='ltr'>introit.</span> <span class='ocrx_word' id='word_1_166' title='bbox 1316 1967 1427 2007; x_wconf 94' lang='lat' dir='ltr'>Tum</span> <span class='ocrx_word' id='word_1_167' title='bbox 1458 1967 1578 2007; x_wconf 89' lang='lat' dir='ltr'>solus</span> <span class='ocrx_word' id='word_1_168' title='bbox 1607 1967 1820 2008; x_wconf 86' lang='lat' dir='ltr'>Parmeno</span> 
     </span>
     <span class='ocr_line' id='line_1_23' title="bbox 249 2027 829 2093; baseline -0.002 -10"><span class='ocrx_word' id='word_1_169' title='bbox 249 2027 437 2093; x_wconf 86' lang='lat' dir='ltr'>loquitur</span> <span class='ocrx_word' id='word_1_170' title='bbox 469 2047 546 2090; x_wconf 87' lang='lat' dir='ltr'>(vs.</span> <span class='ocrx_word' id='word_1_171' title='bbox 581 2044 666 2083; x_wconf 85' lang='lat'>283</span> <span class='ocrx_word' id='word_1_172' title='bbox 699 2046 829 2092; x_wconf 89' lang='lat' dir='ltr'>sqq.):</span> 
     </span>
    </p>

    <p class='ocr_par' dir='ltr' id='par_1_9' title="bbox 425 2120 1701 2321">
     <span class='ocr_line' id='line_1_24' title="bbox 893 2120 1610 2170; baseline 0.001 -11"><span class='ocrx_word' id='word_1_173' title='bbox 893 2120 993 2159; x_wconf 91' lang='lat' dir='ltr'>Sine</span> <span class='ocrx_word' id='word_1_174' title='bbox 1025 2120 1204 2159; x_wconf 89' lang='lat' dir='ltr'>biduum</span> <span class='ocrx_word' id='word_1_175' title='bbox 1235 2120 1317 2160; x_wconf 91' lang='lat' dir='ltr'>hoc</span> <span class='ocrx_word' id='word_1_176' title='bbox 1346 2122 1610 2170; x_wconf 90' lang='lat' dir='ltr'>praetereat:</span> 
     </span>
     <span class='ocr_line' id='line_1_25' title="bbox 429 2196 1701 2246; baseline 0.001 -11"><span class='ocrx_word' id='word_1_177' title='bbox 429 2196 507 2246; x_wconf 80' lang='lat' dir='ltr'>Qui</span> <span class='ocrx_word' id='word_1_178' title='bbox 539 2196 647 2235; x_wconf 90' lang='lat' dir='ltr'>mihi</span> <span class='ocrx_word' id='word_1_179' title='bbox 679 2207 792 2236; x_wconf 89' lang='lat' dir='ltr'>nunc</span> <span class='ocrx_word' id='word_1_180' title='bbox 825 2206 910 2235; x_wconf 91' lang='lat' dir='ltr'>uno</span> <span class='ocrx_word' id='word_1_181' title='bbox 942 2196 1121 2245; x_wconf 87' lang='lat' dir='ltr'>digitulo</span> <span class='ocrx_word' id='word_1_182' title='bbox 1153 2196 1257 2235; x_wconf 88' lang='lat' dir='ltr'>foris</span> <span class='ocrx_word' id='word_1_183' title='bbox 1289 2197 1430 2245; x_wconf 89' lang='lat' dir='ltr'>aperis</span> <span class='ocrx_word' id='word_1_184' title='bbox 1454 2197 1701 2236; x_wconf 86' lang='lat' dir='ltr'>fortunatus</span> 
     </span>
     <span class='ocr_line' id='line_1_26' title="bbox 425 2271 1690 2321; baseline 0.001 -10"><span class='ocrx_word' id='word_1_185' title='bbox 425 2272 487 2311; x_wconf 88' lang='lat' dir='ltr'>Ne</span> <span class='ocrx_word' id='word_1_186' title='bbox 519 2274 567 2311; x_wconf 92' lang='lat' dir='ltr'>tu</span> <span class='ocrx_word' id='word_1_187' title='bbox 600 2273 709 2311; x_wconf 88' lang='lat' dir='ltr'>istas</span> <span class='ocrx_word' id='word_1_188' title='bbox 742 2272 843 2311; x_wconf 86' lang='lat' dir='ltr'>faxo</span> <span class='ocrx_word' id='word_1_189' title='bbox 877 2272 1066 2312; x_wconf 87' lang='lat' dir='ltr'>calcibus</span> <span class='ocrx_word' id='word_1_190' title='bbox 1097 2282 1226 2321; x_wconf 86' lang='lat' dir='ltr'>saepe</span> <span class='ocrx_word' id='word_1_191' title='bbox 1257 2271 1486 2311; x_wconf 88' lang='lat' dir='ltr'>insultabis</span> <span class='ocrx_word' id='word_1_192' title='bbox 1516 2272 1690 2312; x_wconf 83' lang='lat' dir='ltr'>frustra.</span> 
     </span>
    </p>

    <p class='ocr_par' dir='ltr' id='par_1_10' title="bbox 248 2347 1861 2616">
     <span class='ocr_line' id='line_1_27' title="bbox 250 2347 1861 2398; baseline 0.001 -11"><span class='ocrx_word' id='word_1_193' title='bbox 250 2347 304 2386; x_wconf 92' lang='lat' dir='ltr'>Hi</span> <span class='ocrx_word' id='word_1_194' title='bbox 346 2350 448 2387; x_wconf 86' lang='lat' dir='ltr'>sunt</span> <span class='ocrx_word' id='word_1_195' title='bbox 493 2349 554 2388; x_wconf 88' lang='lat' dir='ltr'>illi</span> <span class='ocrx_word' id='word_1_196' title='bbox 587 2359 751 2398; x_wconf 88' lang='lat' dir='ltr'>versus,</span> <span class='ocrx_word' id='word_1_197' title='bbox 787 2349 940 2398; x_wconf 88' lang='lat' dir='ltr'>quibus</span> <span class='ocrx_word' id='word_1_198' title='bbox 972 2349 1100 2388; x_wconf 92' lang='lat' dir='ltr'>modo</span> <span class='ocrx_word' id='word_1_199' title='bbox 1132 2348 1327 2388; x_wconf 87' lang='lat' dir='ltr'>dicebam</span> <span class='ocrx_word' id='word_1_200' title='bbox 1359 2349 1403 2387; x_wconf 91' lang='lat' dir='ltr'>in</span> <span class='ocrx_word' id='word_1_201' title='bbox 1434 2358 1532 2388; x_wconf 90' lang='lat' dir='ltr'>eam</span> <span class='ocrx_word' id='word_1_202' title='bbox 1563 2359 1635 2388; x_wconf 94' lang='lat' dir='ltr'>me</span> <span class='ocrx_word' id='word_1_203' title='bbox 1666 2347 1820 2390; x_wconf 86' lang='lat' dir='ltr'>adduci</span> <span class='ocrx_word' id='word_1_204' title='bbox 1856 2370 1861 2373; x_wconf 93' lang='lat'><em>-</em></span> 
     </span>
     <span class='ocr_line' id='line_1_28' title="bbox 248 2423 1817 2474; baseline 0.001 -13"><span class='ocrx_word' id='word_1_205' title='bbox 248 2423 493 2471; x_wconf 91' lang='lat' dir='ltr'>opinionem</span> <span class='ocrx_word' id='word_1_206' title='bbox 537 2426 585 2463; x_wconf 89' lang='lat' dir='ltr'>ut</span> <span class='ocrx_word' id='word_1_207' title='bbox 623 2425 800 2469; x_wconf 79' lang='lat' dir='ltr'>credam,</span> <span class='ocrx_word' id='word_1_208' title='bbox 828 2425 916 2463; x_wconf 90' lang='lat' dir='ltr'>iam</span> <span class='ocrx_word' id='word_1_209' title='bbox 949 2425 1000 2463; x_wconf 91' lang='lat' dir='ltr'>de</span> <span class='ocrx_word' id='word_1_210' title='bbox 1032 2424 1193 2464; x_wconf 89' lang='lat' dir='ltr'>Thaide</span> <span class='ocrx_word' id='word_1_211' title='bbox 1225 2425 1390 2474; x_wconf 89' lang='lat' dir='ltr'>optima</span> <span class='ocrx_word' id='word_1_212' title='bbox 1421 2434 1613 2473; x_wconf 91' lang='lat' dir='ltr'>quaeque</span> <span class='ocrx_word' id='word_1_213' title='bbox 1643 2433 1817 2474; x_wconf 79' lang='lat' dir='ltr'>sperare</span> 
     </span>
     <span class='ocr_line' id='line_1_29' title="bbox 250 2497 1819 2549; baseline 0.003 -13"><span class='ocrx_word' id='word_1_214' title='bbox 250 2497 577 2538; x_wconf 87' lang='lat' dir='ltr'>Parmenonem.</span> <span class='ocrx_word' id='word_1_215' title='bbox 634 2499 713 2549; x_wconf 81' lang='lat' dir='ltr'>Qui</span> <span class='ocrx_word' id='word_1_216' title='bbox 765 2500 868 2539; x_wconf 91' lang='lat' dir='ltr'>dum</span> <span class='ocrx_word' id='word_1_217' title='bbox 916 2500 1050 2539; x_wconf 89' lang='lat' dir='ltr'>etiam</span> <span class='ocrx_word' id='word_1_218' title='bbox 1091 2501 1193 2540; x_wconf 86' lang='lat' dir='ltr'>ante</span> <span class='ocrx_word' id='word_1_219' title='bbox 1235 2500 1410 2539; x_wconf 90' lang='lat' dir='ltr'>Thaidis</span> <span class='ocrx_word' id='word_1_220' title='bbox 1452 2499 1614 2539; x_wconf 90' lang='lat' dir='ltr'>ostium</span> <span class='ocrx_word' id='word_1_221' title='bbox 1654 2499 1819 2540; x_wconf 87' lang='lat' dir='ltr'>otiosus</span> 
     </span>
     <span class='ocr_line' id='line_1_30' title="bbox 250 2573 1530 2616; baseline 0.003 -5"><span class='ocrx_word' id='word_1_222' title='bbox 250 2573 393 2613; x_wconf 83' lang='lat' dir='ltr'>adstat</span> <span class='ocrx_word' id='word_1_223' title='bbox 426 2577 725 2615; x_wconf 88' lang='lat' dir='ltr'>accurrentem</span> <span class='ocrx_word' id='word_1_224' title='bbox 759 2577 895 2615; x_wconf 89' lang='lat' dir='ltr'>cernit</span> <span class='ocrx_word' id='word_1_225' title='bbox 927 2576 1077 2616; x_wconf 90' lang='lat' dir='ltr'>erilem</span> <span class='ocrx_word' id='word_1_226' title='bbox 1109 2574 1248 2615; x_wconf 90' lang='lat' dir='ltr'>filium</span> <span class='ocrx_word' id='word_1_227' title='bbox 1280 2575 1530 2616; x_wconf 87' lang='lat' dir='ltr'>Chaeream.</span> 
     </span>
    </p>
   </div>
   <div class='ocr_carea' id='block_1_6' title="bbox 932 2758 1148 2798">
    <p class='ocr_par' dir='ltr' id='par_1_11' title="bbox 932 2758 1148 2798">
     <span class='ocr_line' id='line_1_31' title="bbox 932 2758 1148 2798; baseline 0.005 -1"><span class='ocrx_word' id='word_1_228' title='bbox 932 2758 1076 2798; x_wconf 72' lang='lat' dir='ltr'>SanA</span> <span class='ocrx_word' id='word_1_229' title='bbox 1109 2759 1148 2798; x_wconf 88' lang='lat'>3.</span> 
     </span>
    </p>
   </div>
   <div class='ocr_carea' id='block_1_7' title="bbox 252 2871 1818 3000">
    <p class='ocr_par' dir='ltr' id='par_1_12' title="bbox 252 2871 1818 3000">
     <span class='ocr_line' id='line_1_32' title="bbox 310 2871 1818 2915; baseline 0.003 -6"><span class='ocrx_word' id='word_1_230' title='bbox 310 2871 463 2910; x_wconf 86' lang='lat' dir='ltr'>Secum</span> <span class='ocrx_word' id='word_1_231' title='bbox 496 2873 566 2911; x_wconf 88' lang='lat' dir='ltr'>ille</span> <span class='ocrx_word' id='word_1_232' title='bbox 601 2873 791 2913; x_wconf 87' lang='lat' dir='ltr'>Chaerea</span> <span class='ocrx_word' id='word_1_233' title='bbox 823 2885 974 2914; x_wconf 89' lang='lat' dir='ltr'>omnes</span> <span class='ocrx_word' id='word_1_234' title='bbox 1007 2875 1088 2914; x_wconf 89' lang='lat' dir='ltr'>sibi</span> <span class='ocrx_word' id='word_1_235' title='bbox 1121 2875 1391 2915; x_wconf 88' lang='lat' dir='ltr'>adversarios</span> <span class='ocrx_word' id='word_1_236' title='bbox 1422 2875 1524 2914; x_wconf 90' lang='lat' dir='ltr'>deos</span> <span class='ocrx_word' id='word_1_237' title='bbox 1550 2874 1818 2914; x_wconf 90' lang='lat' dir='ltr'>lamentatur</span> 
     </span>
     <span class='ocr_line' id='line_1_33' title="bbox 252 2947 1818 3000; baseline 0.004 -17"><span class='ocrx_word' id='word_1_238' title='bbox 252 2947 321 2993; x_wconf 87' lang='lat' dir='ltr'>qui</span> <span class='ocrx_word' id='word_1_239' title='bbox 355 2948 458 2995; x_wconf 84' lang='lat' dir='ltr'>eripi</span> <span class='ocrx_word' id='word_1_240' title='bbox 494 2949 628 2987; x_wconf 90' lang='lat' dir='ltr'>oculis</span> <span class='ocrx_word' id='word_1_241' title='bbox 656 2949 746 2988; x_wconf 88' lang='lat' dir='ltr'>suis</span> <span class='ocrx_word' id='word_1_242' title='bbox 775 2950 893 2998; x_wconf 86' lang='lat' dir='ltr'>passi</span> <span class='ocrx_word' id='word_1_243' title='bbox 920 2951 1008 2989; x_wconf 90' lang='lat' dir='ltr'>sint</span> <span class='ocrx_word' id='word_1_244' title='bbox 1034 2950 1246 3000; x_wconf 85' lang='lat' dir='ltr'>virginem</span> <span class='ocrx_word' id='word_1_245' title='bbox 1273 2950 1470 2990; x_wconf 89' lang='lat' dir='ltr'>omnium</span> <span class='ocrx_word' id='word_1_246' title='bbox 1496 2960 1602 2999; x_wconf 90' lang='lat' dir='ltr'>quas</span> <span class='ocrx_word' id='word_1_247' title='bbox 1627 2959 1818 2998; x_wconf 88' lang='lat' dir='ltr'>unquam</span> 
     </span>
    </p>
   </div>
  </div>
 </body>
</html>
