2034 3334
912 344 992 386 185

202 471 294 512 sim.
312 469 439 526 Apud
457 472 691 525 utrumque
707 470 820 512 enim
837 472 1003 525 poetam
1037 471 1084 511 ri
1097 469 1122 511 d
1135 482 1158 511 e
1171 471 1228 511 tu
1241 482 1273 523 r,
1305 468 1377 511 sed
1395 482 1481 524 qua
1498 467 1549 510 de
1565 480 1696 510 causa

201 549 243 588 et
283 559 308 588 a
350 559 434 601 quo
475 549 516 588 et
560 559 686 601 quam
722 545 774 587 ob
807 558 896 588 rem
928 545 1162 588 videamus.
1197 544 1401 587 Horatius
1434 543 1694 600 lepidissime

200 625 343 664 narrat
374 622 615 678 Apollinem
651 622 751 663 olim
784 622 828 663 in
861 621 1122 664 Mercurium
1154 622 1373 664 invectum
1401 622 1526 676 eique
1541 633 1693 677 graves

200 711 293 741 esse
341 698 550 740 minatum
598 710 768 753 poenas,
811 698 895 740 nisi
936 697 1067 740 boves
1109 697 1361 740 reddidisset
1398 700 1587 751 amotas3
1619 697 1694 739 sed

200 774 302 816 dum
345 774 579 816 minaretur
615 775 856 829 respexisse
887 773 1129 829 Apollinem
1164 785 1295 829 seque
1325 774 1487 815 interea
1519 776 1560 815 et
1591 773 1692 828 pha-

197 852 309 892 retra
354 849 581 905 spoliatum
614 849 986 892 animadvertisse:
1019 852 1113 891 tum
1146 849 1273 892 deum
1305 849 1443 891 lenem
1479 852 1520 892 et
1551 849 1692 904 placa-

197 925 326 968 bilem
356 926 401 967 in
434 926 570 968 risum
603 927 805 981 erupisse.
832 925 922 968 Nec
951 927 1093 968 minus
1120 925 1258 982 lepide
1276 924 1456 968 Ovidius
1473 926 1517 967 in
1535 925 1693 981 templo

198 1001 399 1045 Mercurii
438 1006 692 1045 mercatores
723 1002 890 1045 inducit
920 1003 1046 1046 deum
1078 1006 1298 1059 precantes
1331 1006 1378 1044 ut
1409 1002 1490 1045 sibi
1522 1003 1691 1044 veniam

198 1077 298 1120 dare
344 1078 446 1120 velit
490 1077 702 1120 furtorum
736 1091 845 1134 quae
876 1079 1166 1121 commiserint
1196 1079 1265 1121 vel
1297 1079 1423 1121 etiam
1461 1078 1548 1121 sint
1579 1091 1692 1120 com-

199 1155 394 1207 missuri,
438 1154 651 1210 deumque
695 1155 812 1197 addit
853 1155 1063 1198 eiusmodi
1105 1167 1249 1211 preces
1281 1155 1524 1197 audientem
1556 1155 1692 1197 risum

197 1234 340 1273 tenere
372 1244 456 1272 non
493 1244 641 1286 posse:
673 1231 813 1286 ipsum
847 1231 960 1273 enim
992 1243 1037 1274 se
1069 1231 1153 1274 illis
1185 1244 1270 1272 non
1299 1232 1443 1273 minus
1460 1243 1552 1273 esse
1568 1244 1691 1287 rapa-

199 1319 289 1348 cem
335 1306 465 1361 probe
512 1319 648 1349 nosse.
696 1306 807 1349 Vide
853 1320 970 1350 nunc
1013 1307 1117 1363 quid
1158 1308 1269 1350 inter
1310 1320 1447 1349 meam
1482 1308 1688 1349 rationem

196 1383 364 1424 intersit
406 1386 534 1438 atque
574 1383 747 1425 illorum
791 1384 866 1439 qui
906 1384 951 1425 in
983 1383 1293 1426 imitationibus
1325 1383 1691 1440 deprehendendis

197 1457 406 1500 vocabula
452 1463 734 1514 aucupantur.
780 1458 849 1500 Illi
895 1463 1065 1515 propter
1105 1460 1331 1502 ridendi
1373 1459 1553 1502 verbum
1593 1459 1692 1501 Ovi-

198 1534 317 1576 dium
364 1534 532 1577 Horatii
572 1536 758 1578 inventis
792 1549 919 1578 usum
952 1549 1044 1579 esse
1076 1540 1264 1591 censent,
1297 1537 1400 1579 mihi
1433 1537 1542 1579 illud
1571 1550 1691 1592 prae-

197 1611 343 1652 sertim
391 1611 646 1654 documento
689 1616 752 1654 est
783 1613 843 1655 sic
875 1626 973 1655 eum
1006 1626 1108 1655 suos
1140 1613 1192 1656 de
1223 1613 1435 1656 Mercurio
1469 1615 1688 1669 scripsisse

197 1687 430 1729 versiculos
477 1691 526 1729 ut
572 1688 676 1743 eius,
718 1689 791 1744 qui
834 1692 931 1731 ante
972 1689 1085 1731 idem
1123 1693 1343 1732 tractasset
1374 1694 1689 1746 argumentum,

195 1776 370 1819 prorsus
396 1763 559 1806 nullam
591 1763 762 1807 haberet
792 1766 1012 1808 rationem.

255 1897 497 1940 Sententia:
534 1896 653 1950 „Diis
683 1899 754 1954 pia
786 1898 1004 1954 sacrificia,
1037 1901 1233 1955 quamvis
1262 1901 1347 1942 sint
1372 1914 1515 1956 parva,
1539 1902 1691 1956 gratis-

197 1975 305 2016 sima
351 1972 493 2027 sunt'’,
540 1987 667 2029 quam
715 1976 902 2017 carmine
947 1975 1025 2030 III,
1069 1977 1123 2018 23
1157 1976 1344 2018 defendit
1374 1976 1592 2031 Horatius,
1625 1977 1691 2019 bis

196 2050 310 2106 apud
354 2048 554 2092 Ovidium
592 2051 820 2093 invenitur.
852 2051 961 2093 Nam
994 2052 1115 2094 Pont.
1148 2052 1224 2107 IV,
1255 2054 1294 2107 8,
1327 2054 1382 2095 39
1415 2067 1477 2108 sq.
1510 2053 1688 2109 legitur:

372 2141 474 2196 Nec,
507 2155 615 2198 quae
647 2143 698 2186 de
730 2157 861 2199 parva
892 2157 1055 2200 pauper
1086 2145 1151 2187 dis
1184 2145 1288 2187 libat
1321 2159 1463 2188 acerra

430 2217 543 2260 Tura
574 2220 718 2262 minus
749 2221 901 2275 grandi
934 2234 1064 2276 quam
1096 2221 1193 2263 data
1223 2222 1346 2264 lance
1376 2222 1529 2264 valent.

255 2318 306 2359 In
351 2318 489 2361 Fastis
531 2332 631 2362 vero
674 2320 763 2375 (IV,
806 2321 892 2362 409
930 2325 1006 2375 sq.)
1038 2333 1125 2361 non
1157 2321 1296 2363 solum
1329 2322 1476 2364 eadem
1508 2324 1690 2365 recurrit

197 2396 405 2437 sententia
438 2408 588 2438 verum
620 2397 746 2438 etiam
778 2397 941 2452 aliquot
971 2396 1192 2452 vocabula,
1228 2397 1385 2452 quibus
1417 2403 1457 2440 et
1484 2398 1690 2442 Horatius

197 2483 303 2513 usus
333 2474 408 2514 est.
439 2470 614 2527 Legitur
647 2473 784 2514 enim:

372 2563 502 2606 Farra
534 2564 637 2607 deae
669 2566 891 2620 micaeque
922 2565 1020 2607 licet
1053 2565 1243 2608 salientis
1275 2567 1479 2609 honorem

432 2640 552 2683 Detis
585 2645 625 2683 et
655 2642 699 2682 in
732 2645 896 2683 veteres
927 2644 1050 2683 turea
1078 2654 1210 2696 grana
1240 2641 1366 2684 focos.

260 2740 341 2783 Sed
375 2744 416 2782 et
449 2740 694 2796 Lygdamus
726 2740 826 2793 (Tib.
859 2740 937 2795 III,
966 2742 1006 2795 4,
1040 2742 1108 2795 10)
1141 2742 1287 2784 habet:

432 2833 558 2875 Farre
588 2834 657 2889 pio
689 2833 860 2889 placant
892 2837 932 2876 et
964 2834 1139 2877 saliente
1173 2835 1271 2878 sale.
