2034 3334
1017 383 1099 423 158

331 512 398 551 15.
442 510 541 560 Qui
582 510 667 549 vir
708 509 840 556 sies]
887 519 999 560 „non
1030 509 1077 548 si
1109 509 1196 549 vir
1226 509 1343 548 sies
1374 509 1450 549 sed
1481 509 1574 559 qui
1603 499 1839 552 vir'sies

268 587 378 635 quod
421 588 489 626 est
530 583 855 636 ἕμφατικώτερον.
893 585 938 624 Si
970 585 1214 634 quaesisset
1244 585 1418 635 quidem
1449 585 1521 635 qui
1552 585 1620 626 vir
1649 586 1750 637 sies,
1782 595 1839 627 an

266 662 419 702 debeat
458 663 679 712 praestare
721 661 793 711 qui
834 661 977 701 virum
1014 671 1062 701 se
1092 661 1156 701 sic
1186 662 1508 701 monstraturus
1538 662 1649 702 est.’'
1681 661 1838 703 Obscu·
1889 672 1892 673 ⁷

265 739 441 779 rissima
472 740 590 789 haec,
624 749 703 778 nec
734 738 926 778 multum
952 747 1032 778 nos
1058 738 1236 778 adiuvat
1262 737 1547 778 Sabbadinius
1573 738 1836 780 omittendo:

263 816 311 855 si
368 815 699 865 quaesisset
755 813 978 864 quidem
1025 814 1117 863 qui
1163 814 1250 854 vir
1295 814 1412 854 sies
1459 816 1503 854 et
1548 814 1727 855 vocibus
1772 820 1839 856 an

264 892 464 931 debeat
494 891 539 931 in
570 891 670 931 novi
702 890 855 931 scholii
888 891 1011 931 initio
1042 891 1264 940 ponendis.

325 968 394 1007 28.
442 968 565 1018 „Non
603 968 719 1007 enim
761 967 862 1016 quia
893 966 1106 1007 Chaereas
1138 968 1217 1018 est,
1251 967 1327 1007 sed
1359 966 1460 1016 quia
1490 969 1672 1019 amator,
1705 968 1758 1008 de
1788 977 1837 1008 se
1886 1010 1889 1012 ,

265 1044 383 1094 cupit
407 1043 549 1083 facere
575 1043 943 1093 quemadmodum
969 1043 1201 1093 potiatur.’'
1228 1043 1407 1093 Egregie
1429 1044 1536 1083 haec
1553 1042 1837 1084 Sabbadinius

263 1110 431 1170 plorare
461 1119 593 1160 iussis
625 1119 842 1160 codicibus
873 1119 1123 1159 emendavit
1153 1119 1355 1168 legendo:
1393 1118 1561 1169 „dicit
1592 1129 1649 1159 se
1675 1119 1837 1169 parvi

262 1196 452 1236 facere
492 1207 568 1246 pro
609 1196 670 1236 de
711 1206 769 1235 se
810 1196 967 1245 cupit
1007 1196 1208 1235 facere.
1700 1238 1707 1245 ,

324 1275 393 1314 56.
426 1273 586 1312 Alias
618 1262 708 1313 res
740 1272 877 1322 agis]
915 1303 932 1322 „
953 1272 1123 1312 ...hinc
1150 1274 1303 1312 natum
1330 1272 1446 1322 agite
1473 1271 1672 1312 amabo.”
1699 1272 1834 1322 Lege:

262 1349 363 1389 hinc
394 1350 548 1389 natum
579 1349 680 1388 hoc
712 1349 866 1398 agite
898 1349 1104 1388 amabo.
1133 1348 1376 1398 Respicitur
1403 1348 1521 1388 enim
1548 1348 1580 1399 I,
1610 1349 1650 1399 22,
1678 1358 1743 1389 VS.
1762 1349 1832 1399 50,

262 1427 311 1465 ut
340 1427 457 1465 recte
489 1424 773 1464 Sabbadinius
803 1426 965 1464 monet.

323 1502 392 1541 73.
435 1500 626 1541 Chaerea
656 1500 852 1540 Eunuchi
882 1500 1102 1540 fortunam
1133 1500 1353 1550 praedicat
1383 1501 1474 1549 qui
1515 1499 1738 1550 quidem
1779 1501 1834 1542 in

261 1578 401 1617 hanc
449 1578 612 1616 detur
653 1577 884 1616 domum.
927 1577 1025 1616 Iure
1067 1577 1136 1616 hic
1179 1577 1421 1616 Scholiasta
1461 1576 1650 1617 Terentii
1691 1578 1834 1618 artem

261 1653 513 1703 admiratur,
557 1652 629 1702 qui
666 1653 894 1692 inventum
925 1653 1028 1692 illud
1060 1654 1112 1692 de
1144 1652 1334 1692 Chaerea
1363 1663 1447 1703 pro,
1471 1653 1676 1694 Eunucho
1707 1653 1832 1694 dedu-

261 1730 394 1770 cendo
421 1730 485 1769 sic
509 1731 663 1779 sponte
689 1729 809 1769 nasci
836 1729 980 1769 faciat.
1012 1728 1175 1779 „Quid”
1203 1729 1265 1768 ait
1294 1729 1490 1779 „facilius
1516 1739 1646 1779 quam
1669 1730 1832 1771 imitari

261 1806 372 1846 velle
412 1801 524 1855 quod
564 1806 715 1845 laudes
757 1805 798 1852 (l.
841 1805 1021 1856 laudas),
1064 1815 1144 1845 nec
1186 1805 1429 1856 quisquam,
1472 1806 1556 1845 nisi
1597 1806 1670 1856 qui
1701 1807 1830 1858 cupit,

261 1881 433 1930 eligitur
487 1891 564 1930 pro
610 1881 828 1931 Eunucho,
877 1875 969 1930 qui¹
995 1881 1251 1921 Eunuchum
1299 1883 1424 1931 putat
1470 1892 1566 1921 esse
1610 1882 1831 1923 beatum.”

259 1957 401 1997 Verba
442 1957 533 2006 qui
574 1956 898 1996 Eunuchum
939 1959 1103 2007 putat
1139 1967 1265 1996 esse
1296 1957 1522 1997 beatum
1553 1958 1700 2008 inepta
1728 1959 1833 1999 sunt

259 2033 458 2083 repetitio
499 2033 730 2072 verborum
763 2033 853 2082 qui
896 2034 1052 2083 cupit
1083 2035 1212 2082 atque
1244 2033 1388 2083 inepto
1419 2033 1513 2074 loco
1544 2034 1698 2083 posita.
1730 2033 1830 2074 Eli-

259 2110 415 2158 gitur
454 2119 549 2158 pro
590 2108 854 2148 Eunucho
897 2109 1011 2148 haud
1053 2109 1179 2148 dubie
1221 2111 1470 2158 corruptum
1502 2111 1582 2149 est.
1614 2110 1832 2150 Audacter

260 2185 490 2233 (nimisque
533 2185 737 2224 audacter
775 2185 975 2231 fortasse)
1019 2185 1304 2224 Sabbadinius
1341 2185 1404 2224 sic
1436 2186 1712 2236 sententiam,
1746 2195 1831 2235 qua

260 2271 367 2309 opus
409 2262 488 2310 est,
528 2261 742 2299 restituit:
789 2260 1237 2310 „laudes‘i'numquid
1268 2261 1430 2300 mirum
1459 2260 1499 2300 si
1531 2261 1649 2311 cupit
1679 2261 1831 2302 deduci

259 2348 334 2386 pro
366 2337 571 2376 Eunucho
603 2338 674 2386 qui
706 2337 962 2377 Eunuchum
993 2339 1118 2387 putat
1149 2347 1245 2376 esse
1276 2337 1496 2377 beatum.'‘

319 2414 388 2452 83.
423 2413 612 2452 Facile
649 2415 708 2452 ut
738 2423 834 2462 pro
865 2413 1128 2452 Eunucho
1160 2413 1376 2462 probes]
1414 2412 1641 2463 „probes
1670 2415 1721 2453 ut
1750 2414 1827 2453 mi-

259 2491 434 2538 grantes
476 2499 627 2528 cernas
670 2488 799 2538 (Virg.
842 2488 948 2527 Aen.
993 2487 1063 2537 IV,
1107 2488 1222 2534 401).
1256 2489 1344 2527 Aut
1374 2489 1577 2537 probes
1607 2477 1827 2539 persua—

259 2564 403 2603 deas.
436 2564 489 2603 Et
520 2564 651 2603 simul
683 2564 864 2603 honeste
895 2574 981 2603 non
1013 2563 1123 2602 dixit
1154 2563 1265 2612 quod
1297 2566 1390 2602 erat
1420 2566 1588 2604 rectum
1614 2561 1664 2605 ut
1688 2565 1826 2605 Eunu-

260 2640 389 2678 chum
421 2640 574 2688 probes
607 2640 681 2679 sed
713 2651 809 2689 pro
840 2639 1126 2689 Eunucho,
1160 2649 1213 2678 ne
1245 2640 1362 2678 esset
1393 2640 1756 2680 contumeliosum
1781 2639 1827 2680 in

259 2716 539 2755 Chaeream.’'
586 2716 761 2755 Verbis:
810 2716 1011 2765 probes
1057 2716 1116 2754 ut
1160 2716 1478 2764 migrantes
1525 2725 1724 2755 cernas
1764 2715 1826 2755 nil

259 2792 374 2831 aliud
406 2792 728 2831 demonstratur
758 2802 889 2840 quam
921 2791 1022 2839 quid
1053 2790 1135 2829 sibi
1169 2791 1217 2829 28ι
1249 2800 1359 2840 pers.
1388 2791 1496 2830 coni.
1524 2791 1630 2830 velit
1656 2794 1825 2840 (nempe

259 2867 448 2915 possis
495 2867 731 2915 probare
778 2867 847 2906 vel
893 2867 1036 2915 potius
1083 2866 1297 2915 aliquis
1337 2866 1524 2915 possit
1558 2866 1822 2915 probare).

260 2943 374 2991 Quae
407 2943 645 2989 sequuntur
677 2942 963 2980 diversissimi
994 2943 1097 2980 sunt
1122 2941 1304 2990 generis,
1333 2951 1433 2990 ergo
1460 2943 1554 2980 aut
1580 2941 1821 2980 delendum.
