2034 3334
612 1068 831 1118 CAPUT
874 1067 1233 1118 SEPTIMUM.

239 1433 653 1476 Praestantissimum
700 1432 833 1475 fuisse
873 1435 1039 1488 poetam
1072 1432 1340 1487 Propertium
1374 1434 1415 1474 et
1446 1431 1519 1474 alii
1551 1431 1669 1474 dixe-

179 1512 281 1551 runt
321 1509 445 1551 multi
485 1511 526 1551 et
561 1521 638 1565 ego
669 1522 745 1564 pro
778 1509 895 1551 virili
925 1511 1044 1564 parte
1076 1509 1137 1551 ita
1169 1508 1457 1551 demonstrare
1491 1511 1669 1550 conatus

178 1597 274 1627 sum
310 1587 355 1627 ut
385 1597 452 1627 res
483 1587 702 1640 tamquam
734 1588 831 1627 ante
863 1584 1009 1627 oculos
1036 1585 1173 1640 posita
1199 1587 1331 1627 esset:
1359 1584 1667 1639 pulcherrimos

177 1661 290 1704 enim
333 1661 540 1717 quosdam
572 1662 665 1704 eius
699 1662 815 1704 locos
847 1661 955 1717 elegi
988 1664 1029 1704 et
1060 1662 1119 1703 ita
1149 1662 1261 1704 inter
1292 1674 1337 1704 se
1369 1661 1589 1716 composui
1622 1663 1670 1703 ut

177 1750 264 1780 uno
311 1740 539 1793 conspectu
582 1738 778 1794 cognosci
808 1741 951 1793 posset
981 1738 1073 1794 ipsa
1104 1738 1246 1780 indole
1278 1741 1514 1793 naturaque
1545 1737 1668 1779 illum

177 1815 336 1857 factum
382 1828 474 1858 esse
515 1818 704 1871 poetam3
749 1815 1010 1871 singularem
1043 1818 1185 1858 autem
1217 1816 1445 1858 accessisse
1475 1815 1668 1870 peritiam

177 1904 298 1934 veras
330 1892 462 1933 animi
493 1892 770 1947 cogitationes
797 1892 856 1934 ita
883 1891 1134 1934 enuntiandi
1160 1894 1208 1934 ut
1234 1894 1275 1934 et
1301 1891 1385 1946 alii,
1403 1891 1477 1946 qui
1496 1891 1668 1946 quidem

177 1980 265 2010 non
309 1980 484 2023 prorsus
530 1970 671 2010 essent
717 1969 880 2024 poetico
929 1980 1059 2010 sensu
1107 1968 1311 2022 destituti,
1357 1968 1543 2023 graviter
1584 1967 1670 2009 illis

179 2043 436 2086 commoveri
465 2046 649 2099 possent,
681 2042 808 2085 Nunc
835 2046 976 2086 tamen
1002 2043 1275 2099 pulchrarum
1291 2043 1510 2086 literarum
1527 2056 1670 2085 aman-

178 2118 294 2161 tibus
324 2118 611 2161 molestiarum
653 2118 751 2175 plus
785 2118 958 2174 praebet
991 2133 1119 2175 quam
1150 2119 1401 2174 voluptatis:
1437 2122 1523 2161 tam
1557 2119 1669 2161 enim

180 2197 404 2250 corruptus
445 2194 754 2250 mutilatusque
786 2194 838 2236 ad
871 2207 948 2237 nos
980 2196 1174 2250 pervenit
1205 2197 1252 2237 ut
1284 2196 1361 2236 vix
1392 2195 1544 2250 viginti
1578 2195 1670 2237 eius

177 2270 391 2326 perlegere
434 2270 633 2326 deinceps
676 2283 826 2313 versus
868 2271 1083 2326 possimus
1116 2272 1219 2326 quin
1248 2272 1294 2313 in
1326 2271 1470 2326 aliquo
1501 2271 1671 2313 haerea-

179 2358 276 2388 mus
307 2345 493 2401 scopulo,
526 2359 652 2402 quem
685 2347 843 2389 evitare
876 2346 1048 2402 quidem
1075 2359 1307 2402 possumus
1333 2360 1420 2388 non
1436 2359 1670 2390 removere.

178 2420 356 2464 Disiecti
410 2424 575 2464 tantum
631 2422 755 2465 nobis
803 2425 949 2478 poe'tae
994 2425 1155 2465 restant
1201 2422 1389 2465 membra
1436 2436 1544 2478 quae
1589 2423 1671 2478 ipsi

179 2500 402 2553 utcunque
449 2498 698 2553 colligamus
745 2510 1146 2554 componamusque.
1195 2499 1339 2554 Atque
1386 2499 1444 2540 ita
1491 2511 1536 2541 se
1581 2510 1670 2541 rem

179 2573 332 2616 habere
372 2573 466 2616 ideo
508 2574 578 2616 vel
619 2575 805 2616 maxime
849 2574 969 2616 doleo
1014 2574 1128 2629 quod
1162 2574 1265 2616 mihi
1296 2575 1668 2630 persuasissimum

185 2652 248 2692 est
293 2653 460 2693 exstare
502 2650 768 2705 medicinam,
808 2663 893 2704 qua
935 2650 969 2692 si
1012 2650 1294 2705 Aesculapius
1326 2650 1482 2706 aliquis
1514 2653 1671 2706 utatur,

183 2725 274 2780 ipse
320 2725 443 2768 nobis
489 2725 655 2768 restitui
697 2726 830 2781 possit
870 2728 1003 2781 poeta.
1045 2725 1241 2768 Editores
1274 2726 1386 2768 enim
1419 2739 1566 2769 omnes
1597 2730 1671 2769 aut

186 2803 528 2857 contempserunt
569 2804 643 2844 aut
683 2801 966 2857 neglexerunt
1006 2801 1335 2856 prudentissima
1375 2802 1516 2857 verba,
1550 2816 1672 2858 quae,

186 2878 522 2919 commemoratis
571 2877 735 2932 aliquot
779 2876 1046 2933 coniecturis,
1089 2876 1244 2932 quibus
1275 2878 1357 2919 viri
1387 2878 1499 2920 docti
1529 2878 1670 2920 locum
