2034 3334
903 369 989 411 165

493 495 612 537 Pone
643 508 711 538 me
741 495 872 551 pigris
904 494 980 536 ubi
1009 494 1130 536 nulla
1161 494 1320 549 campis
1379 519 1381 521 v

454 606 456 610 ,
492 571 634 613 Arbor
663 573 822 614 aestiva
852 574 1068 613 recreatur
1099 583 1216 624 aura,

493 646 616 698 Quod
647 647 760 689 latus
792 647 944 689 mundi
976 646 1158 689 nebulae
1188 646 1413 701 malusque

612 723 803 778 Iuppiter
835 726 1012 778 urguet,

493 799 613 841 Pone
645 799 725 841 sub
760 812 891 840 curru
921 798 1103 840 nimium
1134 798 1365 853 propinqui

494 874 605 917 Solis
635 875 680 915 in
715 878 824 916 terra
856 873 1053 916 domibus
1084 877 1246 928 negata.

199 998 311 1050 Quid
353 1013 471 1041 nunc
513 1000 635 1055 sequi
667 999 861 1054 oportet?
894 998 1078 1054 Opinor:
1116 1011 1307 1053 „semper
1338 1011 1515 1040 securus
1548 1011 1619 1040 ero
1651 1001 1692 1041 et

197 1079 310 1118 recte
339 1076 546 1118 factorum
579 1077 840 1118 conscientia
870 1076 1004 1119 fretus
1035 1076 1095 1117 nil
1129 1080 1337 1118 metuam:
1371 1076 1453 1131 ipsi
1485 1077 1597 1118 enim
1633 1076 1690 1116 dii

197 1152 457 1194 immortales
503 1152 606 1194 mihi
652 1165 773 1207 opem
821 1151 997 1194 ferent.’⁷
1044 1152 1107 1194 Ea
1156 1152 1366 1194 sententia
1410 1152 1446 1193 si
1478 1151 1692 1206 eleganter

199 1229 418 1270 enuntiata
463 1241 632 1270 carmen
680 1229 960 1282 clauderetur,
1008 1242 1092 1270 non
1138 1229 1308 1283 quidem
1352 1227 1550 1270 omnibus
1583 1231 1693 1270 esset

200 1305 389 1346 numeris
421 1303 663 1346 absolutum
697 1317 879 1358 carmen,
912 1318 1009 1346 nam
1038 1304 1196 1359 quibus
1225 1304 1328 1346 mihi
1345 1307 1560 1359 praeterea
1576 1303 1691 1345 labo-

198 1393 292 1422 rare
336 1381 451 1422 vitiis
498 1381 694 1422 videatur
739 1381 822 1422 iam
867 1381 970 1435 dix-i,
1012 1381 1086 1423 sed
1127 1384 1268 1423 tamen
1301 1381 1408 1423 bene
1440 1381 1692 1423 cohaereret.

200 1455 311 1507 Quid
344 1460 485 1498 autem
519 1457 745 1512 sequitur?

495 1560 631 1623 Dulce
662 1581 869 1623 ridentem
903 1579 1088 1636 Lalagen
1125 1581 1276 1623 amabo

613 1656 748 1701 Dulce
778 1658 1035 1713 loquentem.

199 1782 296 1837 Ipse
343 1783 410 1824 sui
455 1783 679 1824 immemor
721 1783 963 1838 argumenti
1004 1785 1126 1838 poeta
1168 1782 1236 1824 hic
1269 1786 1342 1825 est.
1377 1782 1470 1833 Qua
1502 1784 1616 1825 enim
1648 1796 1694 1826 re

198 1857 357 1899 factum
404 1861 468 1900 est
509 1861 557 1900 ut
588 1871 611 1900 e
641 1861 757 1900 tanto
790 1859 978 1914 periculo
1010 1859 1155 1900 salvus
1187 1858 1352 1901 abiret?
1384 1858 1554 1915 Qrilm
1582 1860 1694 1902 ,inte-

184 1934 362 1991 gritate,
408 1937 456 1976 ut
503 1935 673 1989 opinor,
722 1947 808 1976 non
852 1935 965 1977 enim
1008 1936 1138 1990 quia
1181 1935 1232 1978 de
1263 1934 1418 1991 Lalage
1450 1935 1692 1977 cantillabat

200 2014 324 2066 poeta
368 2011 497 2066 lupus
542 2010 662 2066 fugit,
705 2011 779 2053 sed
822 2025 1148 2066 quamquam
1191 2012 1242 2053 de
1274 2012 1363 2054 sola
1394 2011 1548 2067 Lalage
1580 2013 1692 2068 cogi-

199 2087 327 2142 tabat,
358 2100 444 2129 non
477 2088 528 2130 de
561 2100 605 2130 se
638 2087 900 2130 defendendo
933 2088 1000 2130 vel
1033 2088 1084 2130 de
1116 2089 1301 2131 vitandis
1333 2089 1543 2144 periculis.

259 2162 576 2205 Venustissima
621 2164 963 2219 suavissimaque
1010 2167 1074 2206 est
1119 2165 1319 2206 carminis
1349 2164 1510 2224 *LIX*
1540 2177 1693 2219 magna

203 2251 323 2293 pars:
377 2240 464 2280 vita
510 2241 622 2281 enim
668 2241 827 2282 rustica
874 2241 1017 2295 quieta
1062 2243 1189 2294 atque
1237 2253 1385 2282 secura
1431 2240 1693 2295 lepidissime

205 2314 456 2357 describitur
488 2307 529 2357 et
558 2317 616 2357 ita
649 2319 695 2357 ut
726 2319 890 2371 poe'tam
925 2329 1034 2371 quae
1066 2316 1177 2357 dicat
1206 2317 1348 2370 ipsum
1383 2316 1540 2358 sentire
1571 2315 1694 2358 facile

204 2403 419 2445 agnoscas.
467 2390 548 2432 Sed
591 2391 695 2446 quid
734 2391 985 2445 Tyndaride,
1026 2393 1150 2433 cuius
1181 2393 1226 2432 in
1259 2405 1307 2434 eo
1340 2392 1597 2434 mentionem
1630 2393 1694 2433 in-

203 2467 303 2515 iicit,
348 2466 503 2508 faceret
548 2468 766 2521 ignorasse
811 2467 877 2509 vel
928 2480 1079 2522 parum
1126 2480 1298 2509 curasse
1345 2471 1468 2523 poeta
1513 2468 1691 2510 videtur.

204 2542 327 2584 Illam
367 2544 480 2584 enim
521 2544 672 2584 invitat
714 2543 766 2584 ad
799 2544 908 2585 diem
941 2544 985 2584 in
1018 2556 1195 2586 amoena
1225 2543 1334 2585 valle
1364 2543 1533 2598 Sabina,
1564 2557 1690 2599 quam

204 2630 258 2660 ne
298 2618 504 2660 Arcadiae
546 2618 719 2673 quidem
762 2618 978 2660 montibus
1012 2621 1238 2674 postponat
1267 2618 1475 2673 Bacchus,
1506 2619 1693 2661 hilariter

205 2693 472 2736 sumendum.
520 2693 614 2735 Hoc
656 2694 826 2748 quidem
869 2694 1148 2748 aptissimum.
1179 2693 1264 2736 Ubi
1295 2695 1408 2737 enim
1439 2695 1598 2755 laetum
1631 2698 1694 2737 est

207 2769 506 2812 celebrandum
548 2771 792 2812 convivium
823 2770 987 2824 puellae
1018 2771 1181 2825 lepidae
1214 2774 1254 2813 et
1289 2770 1515 2826 „argutae”
1546 2771 1693 2814 abesse
1816 2771 1819 2777 '
1872 2768 1929 2789 “¹

204 2858 289 2887 non
336 2850 525 2900 possunt.
563 2845 645 2888 Sed
688 2846 898 2901 quomodo
931 2846 1177 2888 convivium
1208 2846 1325 2888 illam
1357 2847 1686 2889 exhilaraturam
