2034 3334
886 357 970 400 163

807 483 860 527 fis
891 497 1001 527 anus
1032 486 1074 526 et
1104 486 1247 526 tamen

601 559 680 602 Vis
709 559 895 603 formosa
924 561 1060 603 videri

663 635 885 692 Ludisque
915 639 957 679 et
987 635 1098 678 bibis
1130 635 1358 692 impudens

544 711 600 754 Et
631 715 760 755 cantu
791 712 973 755 tremulo
1004 715 1103 768 pota
1134 711 1387 768 Cupidinem

542 787 725 831 Lentum
758 789 959 832 sollicitas

191 898 293 940 olim
329 900 476 953 poetae
505 899 550 939 in
582 898 692 940 votis
722 897 857 940 fuisse
889 896 1163 953 significetur.
1195 896 1332 940 Nemo
1365 898 1491 952 enim,
1524 898 1686 954 opinor,

192 974 498 1017 ardentissimis
528 973 726 1029 precibus
756 974 836 1015 hoc
867 987 891 1015 a
922 972 1000 1015 deo
1032 972 1194 1028 flagitat
1224 975 1273 1014 ut
1304 973 1446 1028 puella
1474 973 1683 1028 quaedam

192 1050 465 1092 dilectissima
512 1063 650 1092 anus
695 1049 716 1091 f
722 1051 821 1091 iat:
870 1051 1019 1104 sponte
1062 1049 1176 1091 enim
1217 1049 1335 1091 venit
1370 1051 1566 1091 senectus
1597 1051 1683 1090 tam

192 1127 369 1168 amatori
411 1139 540 1182 quam
571 1125 748 1182 puellae.
780 1125 864 1168 Sed
893 1125 962 1168 vel
994 1126 1054 1167 sic
1087 1125 1340 1168 simulatum
1373 1137 1559 1167 amorem
1589 1138 1686 1181 pro-

193 1202 302 1244 dunt
343 1203 506 1244 omnia:
538 1202 758 1259 Propertio
791 1202 967 1245 excluso
998 1202 1099 1245 talia
1128 1203 1175 1244 in
1205 1204 1390 1245 mentem
1422 1202 1567 1244 venire
1598 1215 1686 1244 non

193 1281 398 1334 poterant.

252 1354 376 1396 Addo
417 1355 484 1397 his
526 1355 650 1397 etiam
682 1353 854 1397 brevem
886 1354 938 1396 de
971 1354 1158 1396 carmine
1188 1353 1222 1409 Ι,
1256 1353 1310 1395 16
1343 1353 1684 1409 disputationem.

192 1429 271 1472 Est
300 1433 440 1473 autem
479 1443 647 1473 carmen
679 1430 1030 1473 obscurissimum
1062 1433 1189 1485 atque
1221 1430 1431 1472 eiusmodi
1463 1434 1512 1472 ut
1541 1431 1685 1486 ipsum

193 1509 361 1562 poetam
408 1507 512 1562 quid
558 1507 685 1549 vellet
728 1508 948 1563 ignorasse
995 1507 1224 1549 admodum
1271 1507 1326 1549 sit
1372 1506 1599 1562 probabile.
1647 1507 1684 1549 Ε

193 1582 388 1626 versibus

783 1672 851 1703 me
884 1672 1057 1716 quoque
1088 1661 1271 1715 pectoris

546 1735 740 1778 Tentavit
769 1737 816 1778 in
847 1736 964 1778 dulci
994 1737 1170 1779 iuventa

605 1811 763 1854 Fervor
794 1814 836 1854 et
863 1812 910 1853 in
941 1812 1097 1854 celeres
1136 1811 1301 1854 iambos

490 1886 608 1930 Misit
638 1888 850 1932 furentem

194 2005 288 2047 iure
334 2003 490 2047 efficias
535 2005 720 2060 puellam
768 2018 939 2061 quoque
988 2008 1148 2060 „matre
1189 2005 1514 2061 pulchriorem'',
1557 2019 1685 2061 quam

195 2083 319 2136 poe'ta
363 2081 606 2135 alloquitur,
653 2083 798 2123 tenera
844 2082 971 2123 etiam
1021 2084 1156 2123 aetate
1202 2094 1295 2124 esse
1338 2081 1522 2136 puellam
1565 2094 1687 2137 quae,

195 2155 373 2198 Horatio
415 2169 672 2211 quacunque
708 2156 878 2198 tandem
911 2157 963 2198 de
995 2169 1124 2199 causa
1154 2157 1272 2212 irata,
1305 2157 1611 2199 contumeliosa
1641 2158 1686 2198 in

198 2244 298 2273 eum
337 2231 492 2274 scribat
534 2232 744 2286 carmina;
787 2245 887 2274 nam
920 2232 1034 2287 quod
1064 2233 1263 2274 nonnulli
1295 2233 1443 2275 dicunt
1474 2246 1687 2276 commen-

198 2310 353 2350 tatores
401 2309 743 2350 coniunctionem
791 2320 1014 2363 quoque
1059 2309 1332 2363 grammatice
1379 2309 1550 2363 quidem
1590 2322 1686 2364 pro-

198 2384 362 2425 nomini
393 2383 632 2438 adhaerere,
661 2384 735 2426 sed
767 2384 881 2439 quod
913 2384 965 2425 ad
999 2385 1251 2426 sententiam
1279 2385 1452 2427 attineat
1478 2398 1576 2426 cum
1592 2397 1688 2440 pro-

199 2460 371 2501 nomine
402 2472 500 2515 ego
534 2459 648 2514 quod
677 2460 723 2501 in
755 2459 884 2502 verbo
918 2472 1122 2514 quaero
1154 2459 1281 2502 lateat
1303 2472 1394 2502 esse
1409 2460 1687 2516 iungendum,

198 2535 283 2577 illis
331 2534 536 2577 Horatius
577 2548 631 2577 ne
672 2529 803 2577 latine
851 2535 1023 2590 quidem
1065 2535 1249 2577 scribere
1288 2536 1478 2590 potuisse
1508 2536 1687 2579 videtur.

199 2611 282 2654 Sed
328 2624 448 2666 quae,
495 2610 680 2665 obsecro,
726 2624 844 2653 nunc
889 2612 1048 2666 primae
1095 2611 1290 2666 strophae
1338 2613 1547 2654 sententia
1594 2613 1688 2655 est?

198 2686 328 2729 Recte
359 2687 514 2742 aliquis
547 2686 685 2729 dicere
715 2690 875 2742 potest:
908 2685 1132 2740 „Carmina
1157 2690 1232 2728 tua
1248 2688 1565 2742 contumeliosa,
1581 2701 1690 2743 quae

198 2764 303 2805 iam
340 2762 559 2815 fecisti,
590 2763 635 2803 in
667 2763 809 2817 ignem
841 2762 966 2803 iniice
999 2762 1066 2803 vel
1096 2762 1142 2803 in
1172 2762 1327 2817 mare'’‚
1358 2764 1432 2805 sed
1463 2767 1686 2819 postquam

202 2838 369 2880 dixisti:
408 2836 700 2892 „Quocunque
730 2837 900 2879 tandem
934 2837 1059 2878 modo
1084 2837 1248 2880 iambos
1275 2839 1525 2882 criminosos
1551 2839 1689 2882 facere
