2034 3334
913 385 999 428 139

268 514 320 557 In
367 513 514 557 eadem
561 513 696 569 elegia
742 512 814 564 (19
859 512 964 567 sqq.)
1005 512 1067 554 sic
1107 511 1292 553 amicum
1334 522 1461 566 quam
1493 506 1702 551 terribiles

209 592 296 634 sint
323 591 496 633 Amoris
529 591 642 632 vires
673 589 739 631 his
771 588 967 631 versibus
998 587 1140 630 docet:

384 699 503 743 Tunc
534 700 668 755 magis
700 699 927 741 Armenias
958 698 1103 753 cupies
1138 696 1334 739 accedere
1365 696 1496 751 tigres

444 776 499 818 Et
529 777 664 832 magis
695 775 885 818 infernae
916 774 1088 816 vincula
1119 786 1246 816 nosse
1277 775 1394 815 rotae

387 852 524 903 Quam
555 853 679 908 pueri
709 853 833 894 toties
866 864 1010 894 arcum
1043 851 1199 893 sentire
1230 849 1432 892 medullis

445 929 501 972 Et
530 929 638 970 nihil
667 929 797 971 iratae
827 940 952 984 posse
982 939 1136 983 negare
1171 929 1280 968 tuae.

209 1046 386 1101 Sufficit,
434 1048 481 1088 ut
528 1046 689 1100 opinor,
736 1043 865 1086 semel
905 1043 1076 1085 Amoris
1118 1054 1211 1084 esse
1253 1053 1503 1097 percussum
1537 1040 1690 1096 sagitta

208 1123 455 1180 praesertim
504 1122 541 1164 si
584 1120 657 1163 illa
696 1133 772 1176 per
813 1133 907 1162 ossa
939 1119 1147 1161 medullas
1179 1118 1338 1174 attigit:
1372 1117 1447 1159 ubi
1480 1116 1611 1159 semel
1643 1116 1704 1157 sio

206 1212 383 1256 scopum
413 1198 634 1254 percussit,
661 1197 797 1239 laetus
830 1195 946 1238 abire
973 1196 1081 1238 solet
1105 1195 1239 1236 Amor
1266 1197 1307 1237 et
1324 1206 1526 1237 successu
1540 1193 1698 1248 gloria-

207 1278 290 1329 tur,
325 1287 411 1316 non
441 1275 596 1316 iterum
629 1273 870 1328 iterumque
902 1271 1084 1314 eundem
1115 1271 1231 1326 petit.
1269 1269 1431 1320 Quidni
1464 1282 1563 1325 ergo
1598 1269 1706 1325 grati

210 1352 467 1407 accipiamus
497 1350 825 1406 pulcherrimam
857 1347 1028 1391 Dousae
1055 1348 1393 1391 emendationem
1425 1347 1566 1389 totis
1595 1358 1706 1402 quae

213 1427 520 1484 lepidissimum
552 1426 681 1468 efficit
712 1425 947 1468 distichon:

388 1534 524 1586 Quam
556 1536 678 1590 pueri
709 1535 808 1576 totis
839 1547 985 1576 arcum
1019 1535 1176 1576 sentire
1207 1533 1406 1576 medullis

444 1610 499 1653 Et
530 1611 637 1652 nihil
667 1608 796 1653 iratae
826 1622 951 1666 posse
982 1622 1136 1665 negare
1167 1612 1280 1652 tuae.

211 1728 298 1780 Qui
329 1730 442 1772 enim
474 1728 646 1771 semel
677 1729 740 1771 sic
770 1728 868 1770 totis
899 1727 1097 1770 medullis
1129 1725 1350 1782 Cupidinis
1378 1726 1539 1781 accepit
1570 1726 1700 1768 telum

209 1807 247 1848 is
287 1807 334 1848 in
373 1807 592 1861 posterum
633 1804 740 1846 nihil
781 1816 937 1860 negare
977 1804 1063 1845 iam
1096 1803 1264 1859 puellae
1296 1815 1399 1845 suae
1429 1803 1595 1857 poterit,
1627 1802 1701 1844 sed

209 1894 442 1938 semper,
484 1882 824 1938 quotiescunque
855 1880 1016 1936 aliquid
1048 1879 1120 1922 illa
1150 1879 1329 1935 rogabit,
1364 1879 1594 1922 concedere
1627 1879 1708 1922 erit

211 1961 395 2015 paratus.

266 2034 344 2090 IH,
387 2034 424 2088 7,
463 2033 518 2075 41
561 2046 652 2089 sqq.
702 2032 844 2087 „Nihil
891 2035 953 2075 est
998 2031 1165 2074 felicius
1211 2030 1456 2088 gratiusve''
1487 2034 1608 2086 poeta
1636 2031 1695 2073 ait

215 2124 370 2167 „quam
401 2110 532 2152 vitam
564 2122 662 2152 cum
692 2108 835 2165 puella
868 2108 1143 2151 dilectissima
1173 2120 1437 2162 consumere,

389 2217 566 2268 Qualem
598 2218 635 2259 si
667 2218 810 2260 cuncti
840 2220 1047 2273 cuperent
1079 2216 1466 2272 decuereNitam

444 2293 501 2335 Et
530 2294 667 2349 pressi
698 2294 831 2335 multo
869 2293 1058 2336 membra
1086 2294 1222 2336 iacere
1253 2306 1381 2347 mero,

388 2369 484 2411 Non
515 2369 674 2411 ferrum
706 2369 876 2412 crudele
907 2382 1049 2425 neque
1081 2372 1191 2412 esset
1222 2368 1373 2411 bellica
1404 2368 1528 2410 navis

444 2444 535 2488 Nec
572 2448 718 2488 nostra
748 2445 973 2488 Actiacum
1006 2448 1186 2488 verteret
1217 2458 1313 2487 ossa
1344 2443 1499 2486 mare.”

269 2560 385 2604 Mare
416 2561 718 2618 naufragorum
751 2575 846 2606 ossa
876 2576 903 2618 p
915 2576 936 2604 r
948 2576 972 2605 o
983 2577 1012 2604 v
1024 2563 1191 2618 olvit,
1220 2563 1265 2604 in
1297 2562 1400 2604 litus
1434 2575 1457 2605 e
1468 2563 1483 2604 i
1494 2563 1509 2603 i
1521 2575 1543 2604 c
1554 2563 1597 2604 it
1628 2561 1707 2603 ibi-

215 2650 299 2692 que
344 2638 537 2692 alluit,
582 2638 656 2681 sed
701 2638 848 2681 nullus
894 2639 964 2681 hic
1010 2641 1212 2682 verten
1225 2638 1282 2680 di
1308 2638 1437 2681 verbo
1468 2639 1589 2681 locus
1615 2642 1703 2681 est:

213 2726 443 2757 versare
490 2715 602 2756 enim
648 2727 723 2770 pro
769 2714 1000 2757 volvere
1046 2715 1130 2756 dici
1171 2717 1322 2770 potest,
1362 2717 1591 2757 vertere
1634 2718 1708 2757 aut

216 2791 389 2832 omnino
445 2803 532 2833 non
589 2793 725 2846 potest
783 2793 856 2833 aut
890 2791 1143 2846 languidum
1189 2790 1478 2847 frigidumque
1525 2791 1705 2834 videtur.

218 2865 450 2923 Egregium
497 2878 596 2908 vero
637 2869 702 2909 est
743 2866 855 2922 quod
895 2867 1086 2923 reposuit
1126 2866 1313 2924 Scaliger
1343 2881 1371 2909 v
1382 2880 1405 2910 e
1415 2881 1438 2909 r
1448 2881 1470 2910 1·
1480 2881 1504 2911 e
1514 2882 1538 2910 r
1547 2881 1570 2910 e
1583 2870 1609 2910 t.
1642 2866 1707 2911 De

1690 2247 1890 2286 C'wssffislq-sf
1925 2260 1941 2267 '¹
1974 2259 1986 2277 i
