2034 3334
971 273 1058 319 148

278 395 367 441 Ι700
383 410 444 453 sq.
479 395 604 440 Nunc
638 396 788 440 absens
819 397 951 455 perii,
985 397 1121 440 iactor
1151 410 1319 454 quoque
1350 395 1553 441 fluctibus
1582 397 1734 443 absens

469 467 528 511 Et
559 469 651 511 sine
682 481 752 511 me
785 476 827 511 te
855 471 1016 525 pontus
1047 468 1189 512 habet.

214 538 301 582 Hic
341 539 595 595 neutiquam
637 552 719 596 ego
752 537 983 582 Heinsium
1017 552 1170 595 sequar
1197 539 1286 583 cine
1313 554 1373 582 me
1402 553 1460 582 me
1489 539 1806 584 conficientem.

211 609 584 663 Quemadmodum
616 610 731 652 enim
763 623 786 652 e
817 608 1192 666 praecedentibus:

613 680 762 737 Neque
795 682 911 723 enim
942 680 993 723 de
1025 681 1141 724 vitae
1174 683 1366 738 tempore
1397 682 1627 738 quicquam

468 751 563 796 Non
595 750 728 794 simul
759 753 969 810 egissem,
990 765 1079 799 ,nec
1109 765 1225 795 mors
1255 752 1430 794 discreta
1463 751 1616 796 fuisset

209 825 410 880 apparet,
450 822 588 864 absens
620 825 709 865 est:
745 835 798 874 „a
829 826 872 865 te
903 821 1139 866 seiuncta’'.
1181 821 1265 866 Sed
1296 824 1422 866 unice
1451 836 1605 867 verum
1636 822 1810 869 videtur

210 893 322 951 quod
354 894 579 950 proposuit
609 892 874 937 Merkelius:
911 897 980 946 „et
1013 894 1103 937 sine
1133 896 1176 937 te
1208 907 1278 937 me
1309 897 1467 951 pontus
1499 892 1673 937 habet''.

273 1038 360 1084 712
387 1054 596 1169 ¹lgll‘lrnque
628 1115 825 1155 moratur
856 1112 941 1164 ibi,
977 1111 1165 1169 dumque
1201 1110 1298 1164 „hic
1329 1110 1565 1156 retinacula
1595 1110 1747 1164 solvit,

392 1182 487 1229 Hoc
518 1183 630 1226 mihi
663 1183 881 1227 discedens
913 1183 1030 1227 dedit
1061 1182 1205 1227 oscula
1234 1182 1390 1226 litore”
1423 1182 1552 1235 dicit,

397 1255 508 1309 Quae
538 1255 630 1297 dwm
661 1259 746 1297 tota
778 1254 875 1297 locis
907 1255 1201 1298 reminiscitur
1232 1257 1326 1298 acta
1355 1254 1600 1312 fretumque

391 1326 631 1383 Prospicit,
666 1327 712 1369 in
742 1325 930 1383 liquida,
964 1328 1102 1383 spatio
1133 1325 1342 1378 distante,
1375 1329 1524 1369 tuetur

390 1397 543 1441 Nescio
576 1397 679 1454 quid
709 1399 832 1455 quasi
864 1411 1017 1454 corpus
1048 1411 1158 1454 aqua

193 1469 273 1515 ‚sic
315 1469 360 1511 in
403 1469 453 1511 M
496 1472 584 1521 est,
625 1470 668 1511 in
701 1468 1006 1512 deterioribus:
1039 1470 1208 1525 dumque
1238 1472 1379 1511 notata
1408 1468 1549 1512 oeulis.
1580 1466 1808 1526 Optimum

211 1540 328 1582 factu
359 1539 532 1583 videtur
551 1554 586 1583 -e
613 1539 778 1583 duabus
804 1539 1062 1583 lectionibus
1087 1554 1220 1583 unam
1243 1539 1400 1583 facere:
1430 1539 1647 1597 „dumque
1671 1543 1810 1582 notata

215 1610 314 1652 locis
356 1624 392 1653 e.
411 1624 450 1666 q.
469 1610 533 1653 s.’'
576 1612 605 1653 i.
635 1624 671 1653 e.
716 1610 821 1653 dum
865 1624 972 1666 quae
1014 1624 1182 1667 quoque
1222 1610 1315 1653 loco
1356 1614 1479 1667 gesta
1511 1614 1652 1654 essent
1684 1611 1810 1653 remi-

209 1682 402 1724 niscitur.
436 1681 582 1724 Merae
617 1682 870 1724 temeritatis
903 1685 967 1724 est
1000 1695 1097 1724 cum
1132 1680 1311 1724 Heinsio
1345 1685 1484 1724 totum
1517 1694 1691 1725 versum
1720 1679 1808 1724 714

210 1750 371 1802 delere,
417 1766 500 1808 quo
542 1752 653 1795 facto
695 1751 924 1795 durissime
965 1753 1114 1795 statim
1152 1756 1249 1808 post
1278 1752 1380 1794 dicit
1411 1751 1584 1795 additur
1605 1751 1807 1806 prospicit

209 1827 252 1865 et
293 1823 404 1879 perit
443 1822 488 1865 id
530 1837 614 1879 quo
657 1822 727 1866 vel
771 1824 962 1866 maxime
1004 1823 1074 1866 hic
1116 1837 1222 1879 opus
1265 1827 1352 1884 est:
1386 1824 1496 1866 mira
1529 1824 1803 1875 καταστροφή

207 1892 403 1950 longiore
446 1893 708 1950 praefatione
751 1898 816 1936 est
856 1893 1166 1951 praeparanda,
1210 1907 1340 1950 quam
1383 1895 1558 1952 egregie
1597 1893 1676 1938 illa
1706 1907 1804 1938 ana-

206 1964 340 2021 phora
351 1978 362 2016 ;
399 1964 617 2021 „dumque
635 1990 690 1997 —
709 1964 898 2021 dumque
917 1990 972 1996 -
992 1965 1210 2022 dumque²⁹
1245 1965 1378 2008 decet.

270 2100 357 2144 723
390 2100 483 2144 Hoc
506 2103 650 2144 minus
674 2105 716 2143 et
740 2103 884 2144 minus
909 2106 972 2144 est
996 2102 1153 2144 mentis
1176 2115 1276 2144 suae
1285 2115 1296 2152 3
1321 2102 1492 2157 iamque
1509 2101 1771 2157 propinquae

390 2172 627 2221 Admotum
661 2176 795 2215 terrae
828 2186 864 2215 e.
883 2186 923 2228 q.
943 2187 977 2214 s.

206 2241 277 2284 Sic
317 2247 381 2285 est
412 2244 458 2284 in
489 2243 552 2285 M.
585 2242 840 2286 Emendatio
872 2244 1057 2294 incerta;
1093 2244 1152 2293 si,
1186 2241 1297 2298 quod
1330 2241 1461 2284 multi
1491 2241 1673 2292 faciunt,
1703 2253 1800 2282 me

206 2314 476 2364 omittimus,
525 2318 582 2355 est
626 2328 702 2356 suo
745 2314 826 2356 sibi
866 2313 1011 2356 dativo
1054 2313 1127 2366 (ei)
1168 2317 1294 2356 caret.
1343 2311 1600 2354 Ehwaldum
1642 2309 1800 2354 bellam

204 2398 327 2426 suam
369 2386 679 2426 coniecturam:
727 2384 833 2435 „hoc
874 2385 1018 2426 minus
1061 2388 1103 2426 et
1146 2385 1289 2426 miuus
1331 2387 1396 2426 est
1438 2375 1620 2432 ment-is,
1663 2394 1742 2424 vae
1757 2378 1798 2424 l”

206 2454 370 2496 dudum
404 2456 617 2511 respuisse
649 2469 724 2511 pro
756 2460 870 2498 certo
901 2455 1012 2497 mihi
1043 2457 1220 2497 constat.

269 2599 353 2643 749
388 2601 479 2643 Hos
510 2600 664 2656 aliquis
697 2602 835 2643 senior
866 2599 1031 2641 iunctim
1062 2599 1169 2642 freta
1198 2598 1287 2642 lata
1318 2598 1511 2642 volantes

387 2670 572 2726 Spectat.

204 2740 274 2783 Sic
317 2746 380 2783 est
421 2743 463 2782 in
507 2742 569 2783 M.
615 2741 735 2794 Quod
778 2745 998 2797 receptum
1040 2740 1272 2783 Ehwaldus
1315 2742 1379 2783 ita
1409 2741 1717 2796 interpretatur
1747 2743 1798 2782 ut

209 2811 344 2861 „freta
386 2811 559 2854 volare''
609 2811 736 2867 paulo
779 2812 982 2854 audacius
1024 2826 1048 2854 a
1088 2817 1213 2868 poeta
1255 2811 1419 2854 dictum
1463 2812 1521 2853 sit
1561 2810 1797 2853 secundum

205 2880 339 2923 illud:
378 2884 488 2932 ‚‚ire‚
523 2885 727 2940 navigare
760 2882 977 2925 cursum”.
1012 2882 1171 2925 Verum
1201 2895 1496 2938 possumusne,
1530 2881 1635 2923 dum
1666 2882 1798 2924 otiose

210 2951 431 2994 adstamus
474 2953 748 3003 sedemusve,
794 2949 981 3009 spectare
1024 2952 1211 3009 aliquem
1243 2954 1401 3006 lonqum
1431 2954 1514 2994 iter
1545 2950 1799 2994 facientem?

210 3020 284 3063 Vel
324 3036 422 3064 aves
463 3037 637 3064 cursum
680 3038 808 3065 suum
840 3023 1148 3065 transmarinum
1179 3020 1473 3079 perficientes?
1505 3021 1551 3064 Si
1582 3036 1666 3064 non
1699 3036 1792 3078 pos—
