2034 3334
991 367 1076 409 108

452 491 572 535 Rura
604 491 709 534 mihi
741 493 782 534 et
812 491 927 547 rigui
957 490 1152 547 placeant
1181 492 1228 534 in
1260 490 1446 535 vallibus
1479 460 1651 536 amnes:

453 567 656 610 Flumina
685 579 831 610 amem·
859 566 1078 623 silvasque
1109 567 1334 623 inglorius.

275 705 375 735 cum
416 691 505 734 leni
546 692 639 733 risu
680 694 723 734 et
753 691 964 735 iocantem
996 693 1059 735 sic
1090 693 1344 736 immutasse
1374 695 1417 735 et
1449 693 1629 736 vertisse
1660 696 1711 736 ut
1738 694 1784 736 in

273 769 416 824 ipsum
449 768 740 810 convenirent.
774 767 906 811 Haud
937 770 1082 824 inepta
1114 782 1163 811 ea
1195 770 1251 812 sit
1283 769 1478 825 suspitiO‚
1510 769 1585 812 sed
1602 770 1786 826 suspitio

275 847 351 899 est,
397 843 506 885 nihil
552 846 732 886 constat.
781 842 865 894 Qui
912 845 1028 886 enim
1069 845 1116 886 in
1159 847 1350 901 tempore
1389 845 1542 887 horum
1574 844 1787 902 Propertii

275 919 472 963 meminit
504 931 709 962 versuum
742 919 840 974 (111,
874 922 911 975 1,
946 920 968 961 7
1004 921 1106 976 sq.):

452 1037 584 1081 Aetas
615 1038 754 1094 prima
785 1041 909 1080 canat
940 1037 1146 1088 Veneres,
1179 1041 1373 1081 extrema
1404 1037 1634 1082 tumultus.

514 1114 636 1157 Bella
667 1127 830 1170 canam,
863 1114 1036 1170 quando
1069 1115 1226 1171 scripta
1257 1114 1401 1170 puella
1432 1118 1591 1169 meast3

276 1240 407 1283 sentit
448 1253 577 1296 quam
619 1241 675 1282 sit
706 1239 912 1282 credibile
943 1239 1051 1281 nihil
1083 1239 1202 1282 aliud
1233 1239 1423 1283 voluisse
1453 1242 1623 1296 poetam
1656 1251 1787 1296 quam

276 1317 379 1359 hoc:
413 1315 467 1358 ad
499 1329 660 1358 novum
695 1329 773 1372 ego
806 1319 1109 1372 argumentum
1138 1329 1206 1359 me
1223 1329 1461 1372 numquam
1478 1317 1788 1372 perventurum

277 1394 378 1447 scio,
424 1392 498 1435 sed
543 1393 589 1434 in
642 1391 863 1434 amoribus
909 1392 1114 1435 canendis
1162 1393 1386 1448 persistam
1437 1392 1573 1434 donec
1618 1392 1788 1448 ingrata

277 1469 444 1511 venerit
485 1471 695 1523 senectus,
737 1481 847 1524 quae
889 1472 931 1511 et
962 1480 1151 1511 amorem
1183 1467 1322 1510 aufert
1352 1471 1394 1510 et
1426 1467 1610 1510 canendi
1639 1471 1787 1511 artem.

278 1545 388 1588 Nam
437 1545 612 1587 omnino
653 1558 739 1587 non
782 1546 821 1587 is
852 1548 917 1587 est
948 1544 1197 1600 Propertius
1231 1546 1308 1600 qui
1339 1545 1445 1586 alios
1478 1547 1623 1600 poetas
1653 1545 1789 1600 respi-

278 1623 362 1665 ciat
401 1622 470 1664 vel
510 1622 717 1677 poeticam
758 1621 1003 1664 facultatem
1046 1634 1070 1664 e
1103 1621 1336 1663 multorum
1369 1621 1579 1663 librorum
1606 1620 1789 1663 lectione

281 1701 470 1754 quaerat.
519 1698 788 1754 Argumento
837 1699 894 1740 sit
933 1697 989 1751 ΙΙ,
1034 1698 1072 1751 3,
1105 1698 1172 1739 37.
1207 1697 1311 1752 Agit
1342 1697 1456 1739 enim
1487 1696 1549 1738 ibi
1579 1699 1705 1752 poe‘ta
1735 1696 1789 1739 de

281 1774 392 1817 bello
423 1773 604 1816 Troiano
643 1773 696 1816 ob
730 1787 861 1815 unam
893 1773 1096 1816 feminam
1129 1777 1232 1815 orto.
1264 1772 1371 1823 Quis
1403 1786 1488 1815 non
1521 1773 1632 1815 alius
1664 1775 1790 1828 potita

280 1850 389 1892 illud
414 1853 715 1906 argumentum
739 1852 927 1892 tractans
941 1849 1173 1892 flosculum
1191 1850 1447 1905 sumpsisset
1463 1848 1515 1890 ab
1532 1847 1787 1891 Homerico:

461 1965 503 2008 οὐ
535 1964 689 2016 νέμεσις
721 1966 863 2018 Τρῶας
893 1962 963 2007 καὶ
997 1963 1236 2015 ἐυκνήμιδας
1267 1963 1465 2017 Ἀχαιοὺς

459 2039 578 2094 τοιῇδ’
618 2039 735 2093 ἀμφὶ
767 2038 928 2092 γυναικὶ
960 2039 1082 2082 πολὺν
1113 2039 1248 2094 χρόνον
1279 2038 1414 2092 ἄλγεα
1444 2039 1654 2092 πάσχεινῖ

342 2165 442 2208 Non
483 2179 592 2221 opus
626 2178 675 2208 eo
706 2165 790 2207 fuit
821 2164 1066 2220 Propertio:
1102 2165 1193 2220 ipse
1225 2178 1383 2207 novum
1418 2164 1581 2220 aliquid
1613 2164 1790 2219 invenit,

281 2242 488 2298 lepidum,
533 2242 867 2296 inexpectatum,
914 2241 982 2283 vel
1030 2242 1172 2296 potius
1214 2242 1415 2296 proprius
1457 2253 1577 2282 amor
1617 2240 1656 2283 ei
1687 2238 1790 2282 sub—

284 2318 553 2360 ministravit.
587 2316 683 2359 Hoc
713 2317 826 2359 enim
861 2316 986 2358 dicit:

460 2425 601 2479 Nunc,
633 2425 744 2479 Pari,
775 2428 825 2466 tu
857 2425 1028 2479 sapiens
1060 2427 1102 2466 et
1134 2428 1195 2479 tu,
1226 2423 1430 2478 Menelae,
1461 2423 1595 2478 fuisti,

520 2501 580 2543 Tu
617 2502 718 2556 quia
749 2500 966 2556 poscebas,
997 2504 1045 2542 tu
1078 2501 1179 2556 quia
1210 2500 1354 2543 lentus
1385 2513 1490 2542 eras.

344 2624 407 2667 De
439 2638 582 2667 amore
617 2628 760 2667 cantat
791 2625 1042 2681 Propertius
1075 2626 1226 2668 ceteris
1259 2625 1460 2667 omnibus
1491 2625 1628 2680 poetis
1658 2624 1788 2679 scrip·

288 2699 537 2754 toribusque
584 2701 812 2756 neglectis:
857 2714 1088 2756 perennem
1118 2702 1233 2744 enim
1263 2703 1355 2757 ipse
1386 2702 1431 2743 in
1463 2704 1631 2757 pectore
1663 2699 1790 2743 habet

282 2774 453 2828 fontem,
501 2776 615 2818 unde
657 2777 856 2832 limpidas
905 2790 1072 2832 semper
1119 2778 1289 2820 hauriat
1337 2790 1474 2833 aquas
1516 2789 1603 2818 non
1635 2776 1786 2818 alienis

283 2849 446 2893 fucatas
493 2851 718 2894 coloribus.
766 2853 1010 2895 Audiamus
1053 2866 1163 2909 quae
1205 2853 1257 2896 de
1302 2866 1381 2896 sua
1424 2854 1517 2908 ipse
1548 2855 1638 2894 arte
1670 2852 1786 2894 dicat
