2034 3334
919 348 1002 390 183

188 473 403 517 Tibullum
435 473 506 529 (ΙΙ,
539 473 579 527 6,
609 474 665 514 43
699 474 806 528 sqq.)
841 473 1046 528 leguntur
1077 485 1207 528 quam
1235 471 1487 514 Ovidianam
1507 471 1684 527 elegiam

190 551 301 593 vitae
331 550 580 605 ardorisque
611 550 916 604 plenissimam.

249 626 384 670 Nemo
425 639 617 682 unquam
655 629 778 681 poeta
807 625 888 667 fuit
919 626 1025 680 quin
1057 624 1140 667 sibi
1172 625 1425 668 immortalis
1457 625 1687 677 videretur,

190 704 328 758 deque
367 715 415 745 ea
447 715 494 744 re
525 702 639 758 apud
671 714 819 744 omnes
850 705 1022 744 exstant
1052 714 1203 744 versus
1235 702 1447 745 nonnulli.
1479 701 1686 744 Horatius

189 783 330 822 autem
375 779 732 821 immortalitatem
783 792 905 822 suam
952 779 1155 834 praedicit
1196 791 1230 820 c.
1272 778 1350 832 111,
1394 779 1462 833 30,
1504 777 1686 821 Ovidius

188 854 357 898 Metam.
394 854 492 910 XV,
526 856 609 896 871
644 868 734 910 sqq.
764 854 953 910 Tamque
985 855 1029 896 hi
1059 855 1142 896 loci
1174 853 1285 896 inter
1318 867 1363 897 se
1395 854 1556 897 similes
1588 853 1686 896 Zin-
1758 851 1769 897 ἰ

186 931 327 988 gerleo
359 932 559 973 videntur
589 934 636 973 ut
670 931 780 973 hanc
810 932 1059 987 pronuntiet
1089 931 1365 973 sententiam:

370 1040 502 1095 „Hier
547 1041 712 1083 scheint
757 1042 826 1083 ein
874 1041 1054 1082 directer
1101 1039 1292 1082 Einfluss
1332 1039 1406 1082 des
1437 1039 1578 1081 Horaz
1612 1039 1690 1081 auf

305 1130 465 1160 unsern
501 1116 611 1158 Ovid
643 1117 754 1159 wohl
785 1116 891 1159 iiber
922 1117 1033 1159 allen
1068 1116 1238 1159 Zweifel
1266 1115 1449 1159 erhaben
1478 1129 1534 1158 zu
1551 1115 1684 1158 sein.''

247 1234 353 1276 Mihi
395 1234 624 1276 admodum
664 1247 732 1276 res
774 1234 904 1276 dubia
946 1234 1136 1287 videtur3
1179 1237 1266 1276 tam
1299 1234 1413 1276 enim
1448 1233 1686 1276 Ovidianus

187 1312 308 1354 locus
342 1325 471 1366 quam
503 1310 768 1353 Horatianus
800 1311 953 1366 plenus
981 1314 1045 1353 est
1072 1310 1300 1353 verborum
1328 1311 1514 1366 graviter
1531 1324 1685 1353 sonan-

188 1389 312 1444 tium,
360 1388 434 1430 sed
475 1389 520 1429 in
562 1391 714 1430 neutro
757 1400 902 1430 eorum
949 1387 1183 1443 quidquam
1216 1390 1281 1430 est
1311 1388 1535 1444 acuminis,
1570 1388 1686 1430 omni

189 1465 497 1507 sententiarum
539 1465 702 1507 lumine
733 1468 914 1520 uterque
945 1467 1071 1506 caret.
1103 1463 1245 1506 Verba
1277 1466 1420 1506 autem
1454 1464 1506 1506 de
1537 1463 1684 1506 eadem

188 1553 234 1582 re
275 1541 420 1583 eadem
468 1554 492 1582 a
540 1540 708 1582 duobus
749 1541 884 1596 poetis
927 1540 1180 1595 aequalibus
1224 1553 1317 1582 esse
1357 1539 1546 1583 adhibita
1587 1542 1685 1596 quis

188 1630 275 1659 non
305 1617 428 1659 facile
459 1617 634 1659 credat?
667 1616 750 1659 Sed
783 1616 1008 1659 verborum
1041 1629 1277 1659 consensus
1308 1618 1354 1658 in
1386 1616 1540 1659 Latina
1565 1630 1684 1673 prae-
1740 1649 1744 1676 5
1785 1645 1787 1648 -
1863 1650 1872 1653 Α»

189 1694 334 1736 sertim
379 1694 498 1748 poesi
541 1693 645 1735 mihi
686 1694 858 1749 quidem
891 1706 1114 1749 nunquam
1151 1693 1318 1736 videtur
1349 1697 1515 1737 certum
1546 1694 1685 1736 imita·
1740 1692 1749 1710 '²'

187 1770 316 1812 tionis
347 1770 564 1812 indicium.

248 1844 371 1895 Quod
416 1850 559 1888 autem
607 1846 731 1888 modo
776 1846 965 1889 dicebam
1007 1847 1257 1902 iampridem
1290 1847 1395 1890 viris
1427 1847 1562 1890 doctis
1591 1860 1683 1903 per-

189 1922 486 1964 suasissimum
517 1922 652 1965 fuisse
684 1921 885 1965 Ovidium
917 1923 1133 1965 interdum
1166 1926 1231 1966 sat
1263 1927 1406 1979 aperte
1437 1923 1489 1966 ab
1507 1923 1684 1966 Horatio

189 1999 423 2054 sumpsisse
455 1999 676 2054 quaedam,
708 2000 800 2042 eius
830 2000 893 2041 rei
924 2012 1040 2041 nunc
1072 2000 1319 2055 exemplum
1346 2000 1530 2042 afferam.
1547 2000 1684 2054 Hym-

189 2088 294 2116 num
326 2076 371 2116 in
402 2074 663 2117 Mercurium
698 2076 868 2130 scripsit
898 2074 1128 2128 Horatius;
1162 2076 1318 2131 legitur
1348 2089 1382 2118 c.
1409 2076 1442 2131 Ι,
1472 2077 1537 2118 10.
1565 2076 1684 2119 Eun-

191 2150 286 2193 dem
333 2151 460 2193 deum
507 2151 653 2193 laudat
699 2150 879 2193 Ovidius
921 2151 1045 2205 (Fast.
1088 2151 1139 2194 V.
1170 2152 1284 2206 663).
1326 2152 1456 2195 Hisce
1497 2154 1608 2195 inter
1638 2166 1683 2195 se

191 2227 444 2282 comparatis
474 2227 579 2269 locis
610 2228 670 2269 sic
703 2228 851 2269 statuit
876 2227 1147 2283 Zingerleus:

373 2335 478 2389 „Die
508 2336 820 2392 Nachahmung
850 2350 934 2378 von
966 2336 1079 2379 Seite
1111 2336 1244 2380 Ovids
1275 2339 1331 2380 ist
1361 2338 1453 2380 hier
1477 2352 1585 2394 ganz
1605 2352 1683 2381 un-

309 2411 559 2454 zweifelhaft
591 2412 680 2454 und
711 2413 857 2455 wurde
889 2413 1019 2455 schon
1054 2427 1138 2455 von
1168 2413 1350 2468 Bentley
1383 2413 1612 2457 bemerkt.’'

191 2527 358 2570 Bentlei
389 2531 529 2570 autem
561 2528 690 2571 verba
720 2529 823 2571 haec
855 2533 978 2571 sunt:
1018 2530 1247 2583 „Horatius
1278 2530 1330 2573 ab
1364 2530 1516 2574 Ovidio
1548 2534 1683 2575 mani-

193 2603 298 2645 feste
353 2603 621 2658 expressus.’'
677 2603 834 2647 Tamen
886 2606 1082 2660 equidem
1133 2631 1187 2636 —
1235 2603 1344 2654 ἵλεως
1391 2605 1433 2649 δέ
1478 2623 1544 2659 μοι
1590 2608 1683 2662 ἀνὴρ

190 2676 245 2726 εἴη
289 2704 343 2709 -—
385 2681 430 2721 in
462 2680 635 2722 alteram
668 2680 838 2723 discedo
869 2684 1043 2736 partem.
1077 2681 1242 2732 Quibus
1274 2684 1387 2726 enim
1419 2686 1683 2740 argumentis

194 2754 362 2798 Bentlei
404 2757 612 2798 sententia
654 2755 822 2799 defendi
852 2757 1022 2812 potest?
1054 2757 1125 2800 An
1159 2759 1273 2814 quod
1305 2763 1486 2816 uterque
1517 2760 1680 2804 Mercu-

193 2831 305 2873 rium
337 2831 398 2873 sic
428 2831 679 2887 alloquitur:
718 2846 875 2888 „nepos
900 2833 1148 2876 Atlantis'’?
1174 2835 1233 2877 At
1258 2839 1322 2878 est
1345 2836 1532 2880 Atlantis
1549 2851 1681 2894 nepos
