2034 3334
946 372 1002 414 63

227 510 326 555 ergo
357 500 495 555 ipsius
524 499 570 540 in
601 497 711 541 bello
743 497 858 540 civili
889 499 1030 553 partes
1057 496 1266 540 fuerunt?
1293 495 1448 539 Nonne
1475 495 1604 538 simul
1621 508 1719 538 cum

225 575 430 618 Romanis
460 576 613 631 ingens
643 574 846 616 Afrorum
878 572 1109 616 multitudo
1141 572 1320 626 cecidit;
1353 584 1497 615 nonne
1522 585 1601 615 rex
1616 571 1724 615 Iuba

225 651 427 694 acerrime
459 663 632 693 causam
666 650 971 706 Pompeianam
1003 649 1225 692 defendit?

523 775 630 827 Quis
661 789 749 818 non
779 775 930 819 Latino
961 776 1172 832 sanguine
1203 775 1404 831 pinguior

525 852 710 908 Campus
741 852 948 908 sepulcris
979 852 1112 908 impia
1149 851 1310 908 proelia

582 927 777 970 Testatur
809 927 1090 984 auditumque
1121 926 1259 971 Medis

641 1003 875 1060 Hesperiae
907 1005 1097 1047 sonitum
1128 1004 1312 1047 ruinae?

526 1128 610 1181 Qui
639 1143 797 1186 gurges
829 1133 905 1173 aut
936 1143 1046 1186 quae
1077 1129 1260 1173 flumina
1290 1129 1488 1186 lugubris

525 1205 681 1263 Ignara
711 1205 845 1249 belli?
880 1204 1004 1256 Quod
1035 1219 1153 1249 mare
1183 1205 1379 1249 Dauniae

581 1282 680 1325 Non
712 1283 1008 1326 decoloravere
1039 1283 1191 1326 caedes
1204 1283 1225 1325 ‘t’

647 1358 764 1410 Quae
795 1363 910 1403 caret
939 1372 1013 1402 ora
1043 1372 1195 1403 cruore
1226 1359 1406 1403 nostro?

290 1484 355 1528 De
399 1486 566 1542 imperii
608 1485 793 1528 Romani
835 1486 1011 1528 interitu
1052 1498 1292 1529 sermonem
1326 1499 1420 1529 esse
1450 1488 1588 1541 putes.
1622 1484 1730 1536 Quis

231 1563 346 1604 enim
379 1562 490 1605 alius
523 1574 616 1604 esse
642 1565 783 1618 potest
814 1574 1019 1605 versuum
1051 1563 1274 1618 sanguinis
1306 1563 1559 1618 cruorisque
1585 1562 1731 1618 pleno-

231 1652 329 1682 rum
361 1652 527 1694 sensus,
557 1652 689 1694 quum
723 1639 972 1694 praesertim
1002 1639 1046 1680 in
1074 1638 1161 1680 illis
1189 1639 1317 1680 etiam
1333 1638 1438 1680 haec
1453 1638 1731 1680 inveniantur

231 1715 361 1758 verba
405 1714 719 1771 Hesperiae
766 1715 1016 1757 sonitum
1063 1715 1297 1757 ruinae?
1341 1713 1455 1764 Quid
1496 1717 1592 1770 post
1621 1714 1731 1756 illud

232 1795 438 1835 cuncta
483 1795 763 1834 terrarum
812 1791 1045 1834 subacta
1086 1792 1273 1848 ineptius
1317 1793 1550 1848 excogitari
1592 1792 1732 1847 potuit

233 1882 364 1924 quam
410 1868 605 1924 strophae
646 1871 733 1910 tam
773 1867 980 1924 lugubres
1011 1871 1053 1911 et
1084 1868 1367 1911 lacrimosae?
1399 1867 1496 1923 Sed,
1532 1868 1646 1924 quod
1678 1868 1731 1910 ad

233 1945 487 2001 sanguinem
528 1944 651 1986 illum
682 1944 876 2000 pertinet,
909 1944 1085 1987 ubinam
1118 1945 1320 1988 historiae
1352 1958 1455 1987 suae
1486 1944 1615 1987 finem
1647 1944 1732 1987 fac-

235 2025 359 2064 turus
400 2024 465 2063 est
503 2020 652 2075 Pollio,
683 2020 753 2063 vel
783 2021 927 2076 potius
958 2020 1171 2063 facturum
1206 2034 1306 2064 eum
1336 2006 1463 2077 fingit
1491 2021 1731 2064 Horatius?

237 2098 349 2141 Satis
379 2099 603 2154 perspicua
633 2110 702 2141 res
733 2101 807 2140 est.
839 2097 936 2140 Tria
966 2100 1080 2141 enim
1111 2099 1157 2140 in
1188 2099 1282 2154 ipso
1314 2099 1502 2141 carmine
1527 2099 1733 2155 leguntur

238 2187 350 2230 quae
389 2178 504 2217 certa
545 2177 646 2217 sunt
678 2174 973 2230 chronologiae
1006 2174 1185 2217 indicia:
1219 2178 1422 2217 cuncta
1452 2179 1733 2218 terrarum

238 2250 496 2306 subacta,
551 2250 749 2293 Africa
801 2254 843 2294 et
899 2254 1143 2294 atrocem
1201 2252 1442 2294 animum
1492 2250 1738 2294 Catonis.

239 2326 359 2370 Haec
389 2327 532 2369 omnia
557 2326 612 2369 ad
637 2325 827 2369 Caesaris
853 2339 953 2369 cum
981 2326 1183 2382 Pompeio
1199 2328 1380 2383 eiusque
1395 2327 1558 2383 legatis,
1575 2327 1736 2382 amicis,

239 2403 366 2445 sociis
407 2402 566 2458 proelia
605 2402 827 2457 pertinent.
870 2401 984 2458 Ergo
1026 2402 1103 2445 ubi
1135 2401 1326 2446 Caesaris
1358 2415 1507 2446 omnes
1539 2403 1735 2446 adversa-

238 2479 324 2521 rios
354 2477 596 2534 profligatos
627 2478 855 2533 ipsumque
882 2478 1110 2533 imperium
1135 2477 1307 2520 firmum
1335 2482 1377 2520 et
1393 2478 1544 2520 stabile
1560 2482 1734 2521 nactum

237 2556 472 2597 narraverit
502 2553 562 2595 nil
594 2553 779 2608 amplius
812 2553 939 2595 addet
969 2553 1117 2595 Pollio.
1150 2554 1209 2596 At
1235 2554 1287 2596 de
1315 2556 1524 2610 sanguine
1539 2553 1735 2596 Romano

238 2645 263 2674 a
308 2631 512 2673 Romanis
552 2629 727 2686 profuso
768 2632 831 2671 tot
868 2629 1126 2671 lamentatur
1166 2629 1362 2672 versibus
1403 2634 1546 2686 poeta:
1580 2644 1736 2687 ergone

238 2706 429 2750 Caesaris
476 2707 655 2748 victoria
703 2708 746 2747 et
790 2705 1019 2760 imperium
1062 2706 1330 2748 tristissimae
1370 2707 1434 2748 illi
1465 2709 1526 2750 rei
1558 2708 1737 2749 modum

239 2783 512 2826 statuerunt?
566 2781 698 2824 Haud
755 2782 915 2837 opinor.
964 2780 1067 2823 Post
1118 2783 1232 2824 enim
1279 2781 1499 2826 Caesarem
1545 2784 1734 2826 occisum

240 2859 381 2902 denuo
412 2858 624 2902 fraternus
651 2857 828 2913 sanguis
852 2855 993 2912 fluxit,
1018 2856 1086 2899 vel
1111 2858 1252 2913 potius
1278 2860 1371 2902 tum
1400 2859 1572 2903 demum
1601 2858 1735 2905 fluere
