2034 3334
995 374 1021 415 9

255 500 393 542 tiones
451 501 492 541 et
533 498 894 554 Peerlkampiana,
941 498 986 540 id
1031 510 1148 540 nunc
1193 497 1341 553 paucis
1389 496 1493 539 mihi
1538 496 1754 552 explican-

255 575 356 617 dum
404 574 597 617 videtur:
642 574 780 630 palam
825 587 925 630 ergo
966 573 1198 630 proloquor
1247 576 1417 615 nostrae
1461 573 1609 615 aetatis
1641 573 1755 615 viros

254 650 399 692 doctos
432 650 539 693 mihi
585 651 880 707 iniquissimos
913 651 956 692 in
991 650 1151 706 egregii
1197 650 1280 691 viri
1322 649 1575 691 memoriam
1609 649 1761 691 videri.

256 725 363 768 Nam
409 740 665 782 quamquam
712 726 1020 769 obmutuerunt
1064 727 1148 768 iam
1195 726 1269 781 qui
1301 738 1400 768 eum
1432 724 1594 767 acerbis
1625 725 1755 767 laces-

256 815 348 845 sere
393 803 590 845 convitiis
637 816 723 845 non
770 801 1029 845 verebantur
1072 801 1381 857 barbaramque
1423 801 1516 843 eius
1547 802 1755 843 rationem

256 879 438 922 clamare
478 879 681 934 solebant,
712 879 826 921 haud
855 882 999 922 tamen
1031 878 1191 921 desunt
1226 879 1270 920 in
1304 890 1487 933 quorum
1518 877 1755 919 annotatio-

258 955 385 999 nibus
423 955 546 999 facile
587 955 855 999 acerbitatem
892 955 1108 1012 quandam
1144 958 1186 998 et
1218 954 1522 1010 malignitatem
1554 966 1756 1009 agnosca-

258 1045 365 1074 mus.
412 1031 601 1083 Quorum
650 1033 723 1075 alii
763 1045 1051 1089 quaecunque
1093 1032 1166 1074 ille
1208 1032 1364 1074 dixerit
1405 1031 1502 1074 data
1534 1032 1755 1073 occasione

255 1108 508 1164 impugnant
565 1122 704 1165 neque
767 1122 957 1165 unquam
1004 1121 1104 1151 eum
1153 1109 1378 1150 nominant
1429 1108 1515 1150 nisi
1562 1110 1611 1149 ut
1656 1120 1756 1149 cum

258 1188 500 1240 contemptu
547 1186 730 1241 quodam
777 1186 1028 1228 sententiam
1071 1186 1165 1228 eius
1214 1184 1426 1239 abiiciant,
1469 1183 1541 1225 alii
1576 1184 1754 1225 tacitum

259 1261 469 1316 quoddam
518 1275 616 1304 cum
663 1274 712 1304 eo
752 1265 908 1318 gerunt
949 1261 1107 1304 bellum
1150 1273 1286 1317 eoque
1319 1260 1443 1302 modo
1470 1260 1754 1302 intricatiores

259 1337 424 1379 Horatii
483 1337 597 1380 locos
660 1339 876 1394 explicant
931 1341 979 1380 ut
1036 1338 1178 1394 quivis
1230 1337 1430 1380 assiduus
1472 1336 1757 1392 Peerlkampii

257 1412 389 1455 lector
429 1413 480 1455 ad
527 1414 644 1456 illius
699 1414 886 1470 aliquam
928 1414 1243 1456 annotationem
1293 1426 1379 1456 non
1412 1414 1504 1456 sine
1534 1413 1756 1455 iracundia

258 1489 390 1531 alludi
433 1491 597 1533 sentiat.
638 1490 720 1534 His
757 1490 956 1534 omnibus
989 1495 1033 1534 et
1063 1492 1307 1547 aequiorem
1339 1494 1393 1547 et,
1426 1494 1475 1533 ut
1507 1490 1624 1545 solet,
1653 1503 1755 1546 pru·

259 1565 493 1609 dentiorem
533 1579 579 1610 se
625 1567 798 1623 praebet
827 1567 1044 1611 Lucianus
1079 1567 1326 1622 Muellerus,
1359 1568 1434 1623 qui
1466 1566 1605 1610 oblata
1637 1579 1755 1609 occa-

259 1641 379 1684 sione
433 1656 656 1699 nunquam
714 1643 926 1686 declarare
972 1631 1162 1700 negligit,
1210 1629 1325 1699 quod
1364 1643 1593 1686 Horatium
1639 1656 1756 1686 nunc

259 1720 376 1759 tanto
409 1718 563 1762 melius
595 1733 722 1774 quam
754 1722 879 1762 antea
910 1719 1160 1776 intelligere,
1193 1720 1439 1775 rectiusque
1467 1720 1518 1762 de
1544 1721 1638 1762 eius
1666 1722 1755 1770 arte

257 1793 445 1837 iudicare
486 1796 712 1850 possimus,
749 1796 879 1838 huius
910 1797 973 1838 rei
1002 1795 1173 1838 laudem
1204 1799 1423 1851 tamquam
1455 1796 1509 1838 ad
1539 1799 1755 1839 auctorem

259 1870 311 1912 ad
352 1870 693 1927 Peerlkampium
735 1885 828 1915 esse
860 1871 1136 1927 referendam,
1169 1873 1244 1928 qui
1273 1872 1369 1915 falsi
1400 1873 1650 1929 praeiudicii
1681 1885 1756 1915 ne-

259 1945 380 1989 bulas
426 1947 675 1990 discusserit
720 1949 971 2004 primusque
1018 1948 1230 2004 permulta
1276 1948 1456 1991 vulnera
1502 1948 1755 1991 indicaverit

260 2022 417 2078 quibus
447 2024 647 2067 sanandis
679 2037 790 2067 nova
824 2027 968 2067 essent
1000 2024 1244 2080 quaerenda
1273 2023 1470 2066 remedia.

320 2097 482 2149 Quodsi
537 2101 634 2155 quis
691 2113 759 2143 me
808 2103 949 2156 roget:
1003 2112 1186 2156 „ergone
1231 2099 1310 2142 tibi
1356 2100 1604 2142 temerariae
1649 2100 1756 2143 istae

259 2174 542 2231 Peerlkampii
568 2177 834 2220 coniecturae
862 2174 1074 2219 certarum
1092 2176 1441 2219 emendationum
1456 2177 1592 2218 instar
1610 2175 1755 2218 viden-

261 2253 332 2293 tur
344 2249 392 2293 ?”
425 2252 466 2294 ei
496 2252 558 2293 sic
586 2252 841 2308 respondere
869 2252 999 2295 velim
1031 2255 1081 2295 ut
1112 2253 1248 2308 primo
1281 2255 1458 2308 aspectu
1490 2253 1529 2294 ei
1561 2252 1756 2308 aenigma

259 2327 433 2383 aliquod
472 2339 706 2383 proponere
746 2328 902 2371 videar.
946 2327 1052 2371 Dico
1094 2329 1206 2371 enim
1240 2341 1307 2370 me
1338 2329 1377 2370 si
1408 2328 1754 2370 discentium

257 2404 302 2446 in
338 2417 464 2446 usum
495 2403 698 2446 Horatius
731 2405 835 2446 mihi
866 2405 1055 2448 edendus
1087 2408 1210 2459 esset,
1237 2418 1384 2447 omnes
1411 2407 1485 2447 aut
1499 2404 1587 2448 fere
1604 2417 1752 2448 omnes

258 2479 537 2535 Peerlkampii
577 2481 840 2523 coniecturas
888 2482 934 2523 in
982 2484 1151 2524 textum
1200 2493 1293 2523 esse
1338 2483 1637 2536 recepturum;
1686 2482 1755 2524 sin

259 2555 306 2596 in
363 2554 585 2597 doctorum
629 2555 771 2610 aliquo
818 2560 1033 2599 conventu
1069 2556 1342 2599 statuendum
1375 2559 1487 2598 esset
1524 2556 1628 2612 quid
1663 2558 1755 2613 ipse

261 2630 465 2674 Horatius
512 2632 734 2687 scripsisse
777 2633 1004 2688 videretur,
1046 2635 1122 2675 vix
1163 2633 1297 2676 ullum
1340 2633 1521 2676 traditae
1560 2633 1755 2677 lectionis

262 2708 405 2750 locum
438 2711 612 2764 tangere
642 2721 710 2751 me
740 2722 963 2765 ausurum,
995 2710 1078 2752 nisi
1105 2710 1219 2765 quod
1245 2722 1403 2766 paucos
1429 2723 1578 2754 versus
1605 2723 1756 2753 secun-

262 2784 363 2826 dum
394 2783 574 2827 Luciani
607 2785 802 2828 Muelleri
833 2785 1052 2839 rationem,
1082 2785 1127 2827 id
1158 2789 1221 2828 est
1250 2787 1537 2841 grammatica,
1569 2787 1756 2842 metrica,

1305 2835 1428 2850 f

263 2860 475 2935 euplronia
505 2860 698 2917 ducibus,
730 2863 804 2903 aut
835 2861 1107 2917 corrigendos
1143 2865 1219 2904 aut
1250 2861 1451 2905 delendos
1486 2847 1753 2905 declaffafem.
