2034 3334
20 3166 35 3188 At

32 3070 46 3107 2²·

895 394 980 437 155

183 524 329 575 nocet3
362 522 401 564 si
430 533 533 563 vero
564 520 775 563 eiusmodi
804 533 850 564 es
881 523 931 563 ut
961 520 1007 562 in
1039 532 1182 562 amore
1214 531 1388 575 quoque
1421 520 1520 561 ante
1537 518 1681 560 omnia

184 612 225 641 m
238 611 264 640 0
276 598 304 641 d
315 612 345 640 u
357 611 399 640 m
443 600 495 640 te
506 611 536 639 n
548 610 571 640 e
581 610 603 639 r
614 610 637 639 e
683 597 856 640 studeas
902 597 1002 650 (huc
1049 597 1163 639 enim
1212 598 1374 651 spectat
1414 594 1531 637 istud
1572 607 1602 636 n
1614 607 1638 636 o
1652 606 1682 636 n

183 660 409 731 praeter
454 674 591 717 solit
607 688 686 716 um
733 674 905 727 leves)
952 673 1005 716 de
1049 673 1136 715 tuis
1184 671 1402 715 amoribus
1443 675 1583 714 tacere
1615 684 1684 713 sa-

184 751 271 794 tius
302 753 380 793 est.

224 825 379 890 ,Ea-4·
414 825 782 868 Venustissimum
829 825 908 867 hoc
955 837 1125 867 carmen
1169 827 1234 866 est
1275 837 1378 896 quo
1393 824 1578 865 amicum
1610 822 1682 864 ad-

184 906 327 946 monet
373 916 428 945 ne
469 902 551 945 sibi
591 902 769 944 ancillae
810 888 996 944 amorem
1027 901 1182 956 pudori
1211 899 1384 943 habeat:
1419 900 1682 942 iocosissime

181 979 300 1021 illam
342 992 441 1022 cum
474 978 628 1034 puellis
661 991 767 1034 quas
798 978 948 1020 heroes
980 980 1178 1020 amarunt
1209 980 1437 1032 comparat,
1470 976 1682 1031 lepidissi—

184 1068 339 1111 meque
381 1056 566 1097 amicum
609 1054 801 1096 flammas
834 1067 934 1096 suas
967 1053 1308 1096 dissimulantem
1338 1052 1525 1096 ludibrio
1557 1050 1683 1093 habet

184 1131 606 1187 magnificentissima
648 1143 844 1187 quaeque
883 1130 934 1173 de
964 1130 1180 1186 puellulae
1213 1129 1330 1172 illius
1363 1129 1496 1171 nobili
1527 1141 1683 1184 genere

184 1207 451 1263 suspicando
499 1206 582 1250 Sed
630 1220 741 1263 quae
787 1207 840 1249 de
886 1219 932 1249 se
976 1207 1069 1262 ipse
1109 1206 1227 1248 addit
1265 1206 1459 1261 ineptum
1493 1204 1684 1248 efficiunt

187 1284 390 1327 carminis
419 1283 574 1327 finem:

480 1392 689 1435 Bracchia
719 1395 760 1435 et
791 1392 958 1434 vultum
992 1394 1231 1447 teretesque
1263 1404 1386 1434 suras

479 1469 651 1526 lpteger
681 1469 833 1522 laud03
865 1468 966 1525 fuge
998 1469 1211 1524 suspicari

482 1544 616 1588 Cuius
648 1549 846 1588 octavum
878 1545 1105 1601 trepidavit
1138 1547 1253 1587 aetas

541 1621 747 1664 Claudere
777 1622 975 1664 lustrum.

242 1740 437 1783 Primum
469 1741 536 1782 vir
566 1740 932 1796 quadragenarius
957 1753 1046 1781 non
1072 1742 1147 1794 est,
1175 1742 1224 1781 ut
1251 1739 1412 1794 opinor,
1442 1739 1682 1794 decrepitus

185 1829 340 1870 senex;
389 1818 464 1872 qui
510 1829 603 1860 eam
651 1817 795 1859 laudat
840 1816 1028 1872 puellam
1076 1817 1200 1858 cuius
1249 1815 1384 1870 vultu,
1416 1814 1563 1869 forma,
1595 1815 1686 1857 risu

184 1905 360 1948 prorsus
392 1906 500 1953 non
531 1895 821 1949 tangatur,
854 1905 942 1933 non
973 1891 1119 1934 laudat
1152 1891 1226 1933 sed
1259 1891 1477 1934 declamat.

242 1969 386 2012 Alia‘m
442 1969 579 2024 ipsius
635 1971 784 2023 poetae
835 1968 1057 2018 videamus
1101 1967 1414 2010 confessionem
1458 1966 1686 2031 (111719).

183 2045 386 2088 Amicum
418 2046 616 2087 iuvenem
656 2045 733 2099 qui
761 2057 863 2099 prae
894 2044 1107 2086 historicis
1140 2043 1512 2098 disquisitionibus
1545 2028 1685 2085 cetera

185 2123 330 2163 omnia
369 2121 547 2176 negligit
589 2120 907 2175 contemnitque
938 2120 990 2161 ad
1022 2119 1178 2162 hilares
1209 2120 1362 2161 invitat
1394 2119 1553 2174 epulas
1588 2118 1686 2174 Ipsa

184 2198 379 2239 invitatio
411 2197 556 2250 (1—8)
587 2197 756 2251 egregia
787 2198 852 2238 est
881 2195 1130 2251 lepidaque3
1164 2195 1330 2250 reliqua
1363 2195 1506 2236 omnia
1521 2194 1686 2236 insulsa

186 2277 301 2328 sunt,
331 2271 497 2328 frigida,
527 2284 659 2314 sensu
691 2284 821 2314 cassa.
854 2271 1032 2313 Minime
1063 2284 1163 2313 vero
1196 2271 1365 2326 placent
1398 2283 1507 2325 quae
1537 2270 1589 2312 de
1606 2283 1684 2312 suo

185 2350 278 2404 ipse
324 2360 467 2390 amore
513 2347 699 2390 declarat
745 2350 890 2403 poeta:
938 2346 1223 2402 „Telephum”
1266 2348 1325 2388 ait
1370 2346 1544 2400 „Rhode
1575 2349 1688 2388 amat

185 2425 388 2480 petitque,

363 2531 433 2575 Me
463 2532 606 2575 lentus
638 2532 844 2586 Glycerae
875 2534 1006 2574 torret
1036 2545 1153 2574 amor
1183 2530 1342 2574 meae'’.

187 2649 241 2691 In
272 2662 318 2692 se
350 2662 450 2705 ergo
484 2649 644 2691 dictum
677 2649 820 2691 credat
851 2648 1180 2704 Propertianum
1212 2648 1320 2690 illud

366 2757 449 2812 Ah,
479 2760 632 2812 pereat,
663 2757 807 2799 lentus
841 2758 878 2799 si
910 2758 1008 2812 quis
1040 2770 1181 2799 amare
1211 2760 1361 2812 potest.

248 2872 433 2916 Omnino
479 2876 682 2917 venustas
723 2873 885 2930 puellas
916 2876 990 2915 aut
1020 2886 1107 2915 non
1140 2886 1311 2916 curasse
1342 2874 1512 2917 videtur
1545 2873 1682 2916 Hora-
