2034 3334
1028 355 1113 398 164

306 482 480 528 desine”
511 482 658 526 nullus
688 483 774 525 iam
807 482 913 524 mari
944 481 1089 537 ignive
1118 480 1240 523 locus
1266 483 1341 523 est.
1367 479 1423 523 Et
1450 481 1518 524 vel
1545 482 1607 525 sic
1633 494 1806 539 pones

305 561 365 604 ita
407 559 701 616 accipiendum
734 561 798 601 est
829 562 877 600 ut
907 557 1236 614 imperativi
1269 558 1356 600 vim
1387 557 1550 609 habeat,
1583 557 1699 614 quod
1730 558 1807 601 vix

307 635 522 679 credibile.
554 634 599 678 Si
629 647 745 690 vero,
777 633 892 690 quod
924 633 1027 676 dicit
1057 632 1295 689 Porphyrio
1326 634 1512 689 (iniuria,
1538 637 1588 676 ut
1614 633 1804 677 Luciano

308 712 464 755 Miiller
510 711 695 766 videtur)
743 710 889 753 eadem
931 709 1035 752 haec
1077 713 1141 752 est
1171 709 1315 766 puella
1344 713 1472 766 atque
1501 709 1724 766 Tyndaris,
1754 709 1808 753 de

308 802 394 845 qua
422 789 468 830 in
500 788 698 843 sequenti
729 786 916 829 carmine
948 786 1100 842 agitur,
1126 797 1275 828 revera
1300 798 1452 829 versus
1477 785 1587 829 fecit.
1614 784 1680 829 De
1693 785 1808 841 Tyn-

308 865 452 909 daride
482 866 596 908 enim
627 865 810 921 legimus
842 863 913 918 (18
945 863 1077 919 sqq.):
1145 875 1158 886 ·

1022 970 1107 1014 fide
1136 970 1236 1014 Teia

665 1048 794 1092 Dices
824 1047 1066 1091 laborantes
1097 1049 1143 1090 in
1175 1061 1262 1091 uno

724 1125 967 1182 Penelopen
999 1124 1266 1181 vitreamque
1297 1124 1460 1168 Circen.

367 1244 539 1302 Ergone
569 1245 632 1286 sic
657 1243 835 1286 fortasse
861 1243 1000 1299 prima
1025 1243 1104 1285 erit
1129 1242 1384 1299 explicanda
1400 1242 1594 1299 stropha:
1617 1241 1807 1300 „iambis,

310 1334 418 1378 quos
465 1333 543 1377 ego
588 1321 634 1362 in
680 1324 722 1362 te
769 1318 953 1362 scribere
1001 1319 1129 1373 soleo,
1175 1319 1236 1361 ita
1283 1319 1455 1361 demum
1499 1318 1630 1362 finem
1672 1318 1808 1362 facere

307 1399 478 1454 poteris,
510 1399 546 1440 si
577 1401 652 1440 tua
682 1397 736 1439 ad
766 1397 863 1440 illos
894 1409 1108 1452 responsa,
1141 1409 1252 1452 quae
1282 1398 1368 1439 iam
1399 1396 1587 1440 scribere
1618 1397 1809 1454 coepisti,

308 1476 354 1517 in
402 1486 519 1517 mare
562 1473 628 1516 vel
668 1474 714 1515 in
754 1474 898 1530 ignem
945 1471 1239 1515 conieceris'’?
1271 1471 1366 1515 Hoc
1398 1472 1545 1515 saltem
1578 1476 1692 1516 recte
1723 1472 1810 1516 dici

308 1554 468 1608 potest:
508 1550 686 1606 „iambis
720 1549 893 1592 modum
926 1562 1085 1606 ponere
1115 1549 1299 1592 flammis
1333 1549 1401 1592 vel
1429 1548 1576 1592 mari.”
1603 1549 1686 1593 Sed
1704 1563 1808 1607 quo-

309 1639 483 1683 cunque
528 1630 569 1669 te
617 1627 805 1680 verteris,
847 1638 1069 1681 nunquam
1112 1624 1287 1668 habebis
1319 1638 1489 1668 carmen
1522 1627 1649 1669 cuius
1681 1639 1807 1683 argu-

310 1707 503 1746 mentum
535 1716 590 1746 ex
615 1703 707 1759 ipsa
738 1705 886 1758 poetae
918 1702 1005 1744 vita
1037 1705 1257 1757 sumptum
1287 1702 1496 1744 videatur.

370 1778 496 1830 Quod
541 1783 684 1822 autem
731 1780 857 1822 toties
903 1779 986 1820 iam
1036 1778 1128 1820 dixi
1170 1778 1395 1821 simulasse
1436 1782 1602 1835 poetam
1642 1791 1808 1822 amores

310 1870 412 1899 suos
455 1856 507 1899 de
549 1855 706 1912 quibus
747 1868 899 1898 versus
931 1855 1096 1910 faceret,
1128 1855 1206 1898 hoc
1237 1868 1286 1898 eo
1320 1855 1386 1899 vel
1417 1857 1606 1899 maxime
1634 1855 1684 1899 fit
1713 1869 1808 1913 per-

310 1934 507 1989 spicuum
556 1932 672 1988 quod
717 1932 965 1988 saepissime
1006 1931 1260 1987 puellarum,
1303 1945 1411 1988 quas
1443 1945 1488 1975 se
1519 1945 1662 1976 amare
1693 1932 1808 1990 dicit,

311 2010 570 2052 mentionem
610 2009 747 2051 iniicit
777 2009 821 2050 in
854 2007 1116 2050 carminibus
1148 2009 1388 2064 argumenti
1421 2009 1722 2052 diversissimi:
1755 2008 1808 2052 de

311 2086 363 2128 iis
394 2098 493 2142 ergo
534 2085 726 2141 loquitur
761 2098 847 2127 non
879 2088 928 2127 ut
959 2097 1084 2127 veros
1116 2085 1249 2127 animi
1281 2089 1504 2141 expromat
1534 2098 1702 2142 sensus,
1732 2084 1809 2128 sed

312 2161 427 2216 quod
459 2174 606 2203 earum
636 2162 811 2203 nomina
841 2153 975 2203 metro
1009 2164 1111 2203 sunt
1145 2161 1376 2216 aptissima,
1408 2173 1595 2218 erg-oque
1610 2160 1807 2205 versibus

311 2237 474 2292 aliquot
505 2237 556 2280 de
586 2237 672 2279 illis
703 2236 1008 2279 interserendis
1033 2236 1156 2279 facile
1182 2237 1296 2279 iusta
1322 2237 1432 2280 effici
1460 2237 1807 2294 strophafflomt

315 2312 426 2366 „Qui
473 2313 644 2356 sceleris
689 2326 826 2369 purus
872 2312 1010 2355 vixit”
1059 2313 1117 2355 ait
1158 2314 1346 2355 carmine
1388 2312 1521 2355 nobili
1556 2311 1596 2368 1,
1626 2312 1808 2367 221>„illi

311 2391 440 2431 armis
481 2390 665 2445 telisque
706 2403 813 2445 opus
845 2402 934 2432 non
967 2392 1053 2443 est3
1086 2390 1178 2446 ipse
1208 2390 1289 2432 hoc
1322 2403 1418 2432 sum
1452 2374 1673 2446 expertiri
1694 2391 1808 2433 iner-

313 2479 422 2508 mem
455 2468 569 2509 enim
601 2480 668 2509 me
698 2467 809 2523 fugit
837 2467 903 2519 leo
936 2467 1224 2509 saevissimus.
1258 2466 1435 2509 Factum
1467 2467 1547 2509 hoc
1578 2470 1643 2509 est
1669 2479 1806 2522 quum

311 2542 355 2583 in
399 2542 504 2584 silva
546 2542 703 2585 Sabina
733 2542 957 2585 ambulans
990 2543 1114 2585 solito
1145 2543 1315 2599 longius
1347 2557 1372 2585 a
1403 2543 1527 2584 domo
1559 2541 1805 2585 aberrabam

312 2621 352 2659 et
385 2631 564 2673 mecum,
596 2619 757 2661 nullius
786 2620 890 2661 mihi
916 2619 1095 2675 periculi
1112 2620 1323 2674 conscius,
1339 2618 1524 2675 Lalagen
1541 2617 1805 2661 cantabam?

312 2693 531 2737 Hactenus
574 2697 714 2737 omnia
762 2699 874 2738 recte
920 2696 1169 2751 procedunt,
1215 2696 1290 2738 sed
1333 2709 1386 2738 ne
1417 2695 1639 2738 credamus
1673 2694 1805 2737 ullam

314 2783 504 2824 unquam
562 2770 743 2827 Lalagen
795 2774 941 2826 poetae
989 2771 1183 2814 dilectam
1228 2771 1372 2814 fuisse·
1409 2772 1501 2827 ipse
1548 2771 1684 2814 efficit
1734 2770 1805 2813 Sic

314 2846 426 2887 enim
465 2847 621 2901 pergit:
