2034 3334
934 355 989 397 27

208 481 500 537 querelae,
540 482 674 523 immo
716 481 879 524 rixae
920 481 1040 524 nasci
1066 483 1242 537 possent
1275 479 1452 522 minime
1483 479 1715 522 convenire

207 559 345 614 epulis
385 570 482 600 cum
526 557 727 601 Messalla
770 557 966 612 Corvino,
998 557 1104 612 viro,
1137 558 1208 600 cui
1240 557 1382 599 iudice
1414 555 1617 599 Cicerone
1647 556 1716 608 (ad

206 634 389 677 Brutum
435 633 468 688 I,
521 633 587 688 15,
632 622 674 689 1')
715 633 1046 676 constantia
1087 636 1130 676 et
1159 632 1449 689 probitate
1482 632 1542 675 nil
1577 632 1718 675 simile

208 710 352 754 esset?
387 709 500 761 Quid
531 710 744 752 eiusmodi
777 711 870 751 viro
904 723 1003 752 cum
1034 709 1262 752 insanis
1295 708 1609 763 amoribus,
1641 709 1718 764 qui

214 788 284 841 „in
333 787 475 830 studio
517 787 784 842 eloquentiae
826 787 1030 843 evigilare
1073 785 1290 829 soleret'’?
1333 786 1404 828 An
1435 785 1542 828 forte
1573 786 1716 827 virum

210 863 439 906 cultissimi
486 863 648 919 ingenii
682 863 907 905 convivam
942 875 1078 919 quum
1111 861 1255 917 habes,
1282 866 1452 905 tantum
1478 861 1557 904 tibi
1588 861 1717 904 taedii

212 940 506 983 devorandum
538 939 630 982 fore
660 943 895 996 exspectas,
927 943 976 982 ut
1007 939 1060 982 ad
1093 940 1242 982 vinum
1276 939 1505 982 facilem
1538 938 1717 982 afferens

211 1029 461 1060 somnum
510 1016 565 1059 sit
611 1015 977 1071 confugiendum?
1023 1015 1205 1072 Egregie
1248 1028 1294 1059 se
1325 1014 1484 1058 habent
1515 1015 1714 1071 strophae

210 1093 334 1136 tertia
383 1096 632 1149 quartaque,
684 1092 1048 1149 dignissimaeque
1094 1096 1196 1135 sunt
1243 1095 1367 1149 poeta
1413 1092 1550 1134 amico
1595 1093 1717 1148 gravi

212 1173 341 1226 atque
385 1170 520 1225 docto,
561 1169 744 1226 perfecto
775 1170 944 1224 oratori,
977 1170 1140 1212 homini
1170 1173 1495 1226 praeceptorum
1530 1169 1717 1225 philoso-

211 1247 434 1302 phicorum
482 1246 619 1302 pleno,
667 1247 814 1302 epulas
860 1250 1049 1303 parante,
1099 1246 1173 1289 sed
1220 1259 1317 1289 cum
1362 1245 1716 1302 praecedentibus

213 1323 390 1366 mirifice
430 1327 606 1380 certant,
649 1323 807 1379 quibus
848 1324 920 1366 ille
952 1336 998 1366 se
1031 1324 1196 1366 nescire
1228 1322 1440 1380 significat
1473 1323 1715 1365 cuiusmodi

212 1402 362 1444 vinum
410 1402 672 1457 prompserit,
717 1401 832 1457 quod
873 1401 986 1443 idem
1030 1405 1095 1444 est
1137 1405 1267 1457 atque
1298 1414 1385 1443 non
1417 1413 1568 1443 curare
1600 1400 1717 1456 quod

212 1478 304 1519 vini
341 1490 480 1533 genus
520 1477 626 1520 tales
658 1477 806 1533 epulas
837 1477 993 1520 deceat.
1027 1477 1291 1520 Sententiam
1325 1477 1597 1532 stropharum
1631 1476 1716 1532 pri-

213 1566 307 1596 mae
337 1553 637 1609 secundaeque
669 1553 778 1596 bene
809 1554 1027 1610 perspexit
1061 1553 1397 1609 Peerlkampius,
1431 1553 1504 1596 sed
1536 1553 1716 1609 legendo

512 1645 782 1703 Quocunque
813 1647 970 1690 lectum
1005 1648 1180 1690 nomine
1216 1646 1418 1689 Liberum

242 1720 290 1749 ro

213 1720 241 1763 p
511 1765 779 1822 Quocunque
811 1766 967 1809 lectum
1002 1767 1176 1809 nomine
1207 1765 1440 1809 Massicum

214 1859 347 1902 unius
380 1859 552 1914 quidem
583 1872 735 1902 versus
770 1860 920 1902 vitium
954 1859 1075 1914 tollit,
1101 1860 1179 1902 toti
1207 1860 1386 1901 carmini
1404 1872 1490 1902 non
1508 1859 1715 1901 medetur.

217 1933 282 1977 De
313 1935 463 1977 ultima
494 1935 586 1977 eius
618 1935 793 1991 stropha
825 1948 927 1977 mox
959 1936 1039 1978 erit
1071 1935 1317 1978 videndum.

277 2007 413 2060 Quem
459 2010 610 2054 Musae
656 2011 852 2068 diligunt,
899 2014 1078 2054 naturae
1123 2015 1298 2067 aspectu
1344 2011 1418 2054 ille
1460 2011 1715 2055 delectatur:

218 2088 331 2127 amat
361 2085 489 2128 silvas
517 2090 781 2143 montesque,
808 2090 922 2130 amat
948 2091 1066 2143 prata
1095 2088 1290 2142 virentia,
1307 2088 1510 2143 loquaces
1527 2086 1715 2140 rivulos3
1788 2076 1875 2085 ”

218 2159 362 2203 avium
411 2165 538 2204 cantu
585 2162 807 2218 delenitur,
853 2164 994 2206 varios
1042 2163 1199 2207 florum
1246 2163 1410 2207 colores
1457 2163 1712 2216 admiratur,

219 2249 360 2292 neque
386 2237 562 2280 auribus
590 2238 729 2282 solum
768 2239 994 2296 oculisque
1023 2240 1182 2296 gaudia
1213 2241 1386 2296 pariunt
1417 2238 1490 2282 illa
1521 2239 1717 2295 volupta-

218 2305 392 2368 temque
434 2313 509 2356 sed
551 2318 735 2357 mentem
774 2329 947 2372 quoque
977 2315 1277 2372 pulcherrimis
1308 2316 1489 2372 implent
1520 2317 1717 2372 imagini-

219 2387 300 2446 bus
342 2389 767 2446 cogitationibusque.
810 2391 984 2434 Poetam
1029 2392 1130 2434 facit
1162 2393 1332 2434 amoeni
1363 2393 1475 2434 ruris
1507 2395 1718 2448 aspectus,

219 2466 346 2522 quale
401 2464 510 2507 illud
567 2469 656 2507 erat
711 2479 797 2521 quo
852 2466 983 2510 Tibur
1041 2467 1303 2523 cingebatur.
1351 2467 1570 2511 Lubenter
1617 2481 1717 2524 ergo

218 2541 396 2584 Horatio
443 2541 572 2583 fidem
613 2540 819 2585 habemus
853 2544 1045 2585 narranti
1078 2556 1138 2599 se,
1172 2543 1287 2599 quod
1320 2547 1444 2599 poeta
1475 2543 1617 2587 factus
1649 2545 1721 2599 sit,

217 2618 364 2661 Tiburi
394 2621 614 2673 acceptum
645 2617 813 2673 referre,
844 2619 918 2662 sed
949 2620 994 2661 in
1027 2619 1222 2662 versibus
1255 2619 1345 2674 (IV,
1378 2621 1416 2675 3,
1451 2621 1505 2663 10
1523 2625 1656 2678 sqq.):

486 2702 569 2745 Sed
602 2715 712 2758 quae
741 2701 873 2745 Tibur
903 2716 1040 2758 aquae
1069 2703 1206 2747 fertile
1238 2705 1485 2760 praefluunt

425 2778 480 2821 Et
511 2779 673 2835 spissae
705 2791 930 2821 nemorum
962 2792 1109 2823 comae

486 2853 669 2911 Fingent
699 2853 850 2897 Aeolio
882 2856 1069 2898 carmine
1101 2855 1300 2900 nobilem.
