2034 3334
962 227 1049 272 122

267 349 355 395 502
389 349 647 408 Cecropidae
678 349 896 408 Cephalus
925 352 1095 410 peragit
1124 353 1338 398 mandata.

206 422 458 481 Legendum
490 436 591 466 cum
620 421 800 466 Heinsio
838 422 1110 479 Cecropidum,
1142 425 1181 468 si
1211 425 1445 484 quidquam
1474 427 1520 471 in
1546 429 1692 472 nostra
1713 428 1806 473 arte

206 505 396 546 certum,
429 496 598 538 certum
629 493 679 537 fit
710 492 864 538 collato
895 508 960 539 vs.
993 493 1083 539 492
1100 509 1163 553 sq.

386 565 531 609 Attica
562 566 720 627 puppis
748 565 869 610 adest

387 636 503 691 Quae
536 635 777 694 Cephalum
803 636 1047 695 patriaeque
1077 637 1211 682 simul
1242 638 1444 684 mandata
1473 613 1651 685 ferebat.

267 783 355 827 532
389 783 587 827 Letiferis
617 782 744 827 calidi
771 785 989 842 spirarunt
1019 784 1195 828 aestibus
1225 787 1375 831 austri.

210 855 348 899 Donec
378 870 448 899 me
481 855 675 900 docuerit
705 855 864 914 aliquis
889 856 994 914 quid
1020 858 1077 900 sit
1103 857 1277 900 aestibus
1301 857 1473 914 spirare,
1501 873 1603 902 cum
1625 857 1804 903 Heinsio

203 926 350 985 legam
371 926 561 984 flatibus.

267 1062 355 1108 554
382 1078 477 1122 sqq.

386 1134 557 1179 Viscera
587 1138 807 1179 torrentur
837 1136 998 1193 primo,
1031 1134 1316 1194 flammaeque
1346 1135 1521 1180 latentis

386 1206 601 1250 Indicium
631 1207 761 1250 rubor
792 1210 858 1250 est
888 1210 932 1251 et
963 1206 1118 1252 ductus
1149 1206 1366 1251 anhelitus
1397 1207 1504 1262 ique.

204 1275 276 1320 Sic
318 1276 406 1330 (vel
436 1277 541 1332 iqui)
572 1281 638 1321 est
667 1279 713 1320 in
746 1277 868 1321 codd.
911 1277 1023 1332 Quid
1054 1280 1112 1321 sit
1142 1278 1362 1321 anhelitum
1393 1279 1536 1322 ducere
1566 1278 1658 1333 ique
1687 1277 1803 1323 dicat

209 1349 284 1404 qui
315 1349 452 1392 novit,
485 1347 689 1407 Ignorare
719 1362 764 1392 se
793 1348 1029 1392 Ehwaldus
1060 1349 1221 1393 fatetur
1251 1349 1378 1392 edens

387 1418 602 1463 Indicium
634 1420 766 1463 rubor
795 1423 861 1463 est
892 1423 936 1464 et
967 1420 1122 1464 ductus
1154 1419 1384 1478 anhelitus,
1416 1421 1519 1479 igne

389 1491 551 1548 Aspera
580 1490 733 1549 lingua
764 1495 920 1535 tumet.

206 1561 290 1604 Sed
321 1576 458 1618 neque
489 1563 631 1605 ductus
660 1562 878 1614 anhelitus,
911 1564 948 1605 si
973 1562 1146 1606 nullum
1172 1562 1334 1606 accedit
1358 1562 1635 1615 adverbium,
1663 1563 1804 1607 morbi

206 1636 271 1675 est
309 1632 540 1685 indicium,
583 1637 627 1676 et
668 1633 809 1688 linqua
839 1633 932 1688 iyne
962 1638 1115 1676 tumens
1146 1638 1211 1677 est
1241 1633 1394 1691 lingua
1423 1632 1586 1677 bubula
1615 1647 1725 1691 quae
1753 1633 1801 1677 in

205 1704 352 1759 patina
382 1708 562 1747 assatur.
590 1702 752 1746 Verum
778 1703 889 1747 vidit
915 1704 1144 1748 Heinsius:
1174 1704 1358 1756 „ductus
1383 1703 1600 1748 anhelitus
1626 1705 1799 1762 aegre''.

266 1847 354 1894 574
381 1864 470 1906 sqq.
1043 1849 1321 1907 Fugiuntque
1353 1854 1526 1908 penates

386 1920 574 1977 Quisque
605 1934 722 1972 suos,
755 1934 832 1963 sua
862 1922 1016 1977 cuique
1047 1921 1202 1964 domus
1234 1922 1402 1965 funesta
1431 1922 1618 1974 videtur,

384 1990 441 2033 Et
471 1993 573 2047 quia
604 2005 730 2034 causa
762 1990 893 2042 latet,
931 1991 1051 2035 locus
1084 1995 1148 2035 est
1177 1993 1223 2034 in
1254 1994 1432 2036 crimine
1464 2001 1637 2050 parvus.

202 2062 272 2105 Sic
298 2065 363 2105 est
388 2064 433 2105 in
462 2062 702 2114 codicibus,
731 2061 962 2106 lectionem
990 2063 1099 2106 loeus
1115 2079 1337 2118 —parvus
1363 2064 1551 2107 defendit
1565 2062 1809 2114 Ehwaldus·

201 2133 411 2176 monendo
442 2132 696 2191 Thucydide
722 2137 894 2176 auctore
925 2147 1073 2177 revera
1099 2136 1322 2192 angustias
1347 2134 1453 2186 loci,
1481 2149 1565 2192 quo
1590 2135 1803 2178 contracti

200 2207 320 2247 erant
351 2205 481 2255 cives,
513 2203 784 2260 pestilentiae
810 2204 941 2248 fuisse
968 2218 1153 2249 causam.
1187 2205 1317 2258 Quasi
1343 2220 1444 2249 vero
1471 2205 1522 2249 de
1548 2204 1800 2264 Thucydide

201 2274 269 2317 hic
312 2277 473 2332 cogitet
510 2274 691 2317 Ovidius
723 2278 767 2318 et
797 2275 926 2318 homo
957 2290 1040 2319 nou
1071 2276 1274 2319 barbarus
1307 2280 1458 2333 putare
1487 2277 1680 2333 potuerit
1709 2291 1800 2319 στε-

201 2346 398 2398 νοχωρίαν
429 2345 561 2388 latine
594 2360 684 2388 esse
716 2346 842 2388 locum
864 2361 1054 2401 parvum.
1089 2346 1172 2390 Sed
1202 2347 1284 2390 hoc
1314 2349 1626 2405 gravissimum
1658 2346 1796 2404 quod,

201 2417 238 2457 si
285 2430 416 2457 veram
463 2415 652 2472 aliquam
700 2430 874 2459 causam
916 2417 987 2460 hic
1030 2415 1211 2461 Ovidius
1251 2417 1491 2469 attulisset,
1534 2432 1664 2461 suum
1704 2419 1798 2475 ipse

200 2486 492 2541 perturbasset
524 2486 765 2531 consilium.
798 2487 930 2531 Notat
955 2488 1152 2532 homines
1179 2490 1277 2545 qui,
1306 2490 1418 2532 sicut
1443 2503 1611 2546 semper
1635 2493 1680 2532 et
1703 2488 1796 2541 hic,

201 2560 355 2612 putent
394 2556 589 2600 locorum
632 2559 948 2601 mutationibus
989 2560 1120 2602 vitari
1155 2573 1277 2616 posse
1310 2560 1515 2604 miserias.
1550 2559 1661 2613 Quid
1692 2572 1796 2617 ergo

200 2629 488 2682 praestantius
521 2642 648 2684 quam
684 2627 818 2671 altera
849 2628 976 2672 lectio
1314 2673 1318 2678 ,
1779 2618 1789 2622 “

383 2697 437 2739 Et
469 2700 569 2754 qnia
601 2712 728 2742 causa
759 2699 890 2750 latet,
922 2699 1043 2742 locus
1074 2703 1139 2743 est
1169 2702 1215 2743 in
1247 2702 1424 2743 crimine
1455 2704 1598 2743 notus.

201 2766 339 2819 Quam
381 2770 555 2825 egregie
597 2769 668 2812 hic
710 2770 810 2811 latet
848 2774 892 2813 et
932 2775 1048 2812 notus
1088 2772 1203 2814 inter
1243 2785 1288 2814 se
1331 2774 1616 2828 opponuntur.
1656 2769 1795 2823 Quam

199 2836 376 2893 pulchre
409 2841 527 2881 totus
560 2853 707 2882 versus
733 2842 919 2883 concinit
952 2855 1052 2884 cum
1084 2841 1446 2898 praecedentibus.

262 2978 349 3022 580
378 2994 437 3035 sq.
483 2980 572 3023 Hos
615 2994 763 3023 versus
805 2982 1010 3049 Heinsius
1052 2987 1095 3026 et
1136 2982 1397 3026 Schraderus
1428 2983 1791 3038 proscripserunt,
