2034 3334
971 247 1056 292 146

274 366 362 411 507
425 367 559 425 Saepe
590 367 664 412 dat
693 369 914 427 ingentem
947 368 1081 413 fluctu
1106 370 1248 425 qravis
1278 371 1364 414 icta
1395 370 1626 429 fragorem.

210 437 282 481 Sic
322 442 388 482 est
427 440 471 481 in
513 439 564 482 M
607 440 698 483 sine
738 454 876 483 sensu.
920 439 1143 497 Recipitur
1185 441 1238 484 ab
1279 440 1516 485 editoribus
1547 455 1649 486 vera
1680 440 1808 495 lectio

210 508 320 551 latus
355 523 379 552 θ
413 509 766 562 ,‚deterioribus’'‚
799 525 883 567 quo
915 515 1029 554 certe
1061 525 1144 556 non
1177 525 1202 554 a
1232 513 1379 556 critico
1411 511 1554 569 aliquo
1586 516 1652 556 est
1683 510 1808 555 illut·

209 579 482 637 sedrecepta
513 595 535 624 e
566 579 707 624 codice
741 580 879 624 multo
912 581 1089 625 meliore
1120 596 1251 639 quam
1283 583 1332 626 M
1365 588 1443 627 est.

271 681 358 725 543
373 697 435 739 sq.
885 683 1082 727 Subeunt
1112 683 1179 727 illi
1210 684 1422 742 fraterque
1455 687 1682 742 paterque,

462 753 579 797 Huic
595 769 693 797 cum
713 755 964 812 pignoribus
980 755 1135 798 domus
1152 759 1193 798 et
1209 756 1463 812 quodcumque
1479 754 1679 799 relictum
1695 759 1772 798 est.

208 825 292 868 Hic
333 839 414 882 ego
455 825 612 869 codicis
653 826 703 868 M
741 825 969 869 lectionem
1002 826 1270 869 retinendam
1303 839 1472 870 censeo:
1505 828 1611 883 quod
1640 825 1804 883 cuique:

206 898 360 953 cuique
406 897 524 940 subit
565 895 677 953 quod
718 896 907 953 reliquit.
951 896 1044 940 Hoc
1075 897 1184 940 mihi
1216 897 1345 940 huius
1377 897 1460 941 loci
1493 911 1582 941 esse
1617 896 1804 942 videtur.

205 965 364 1011 Contra
394 968 431 1010 si
462 968 719 1024 quodcunque
747 967 959 1025 legimus,
992 967 1104 1010 illud
1138 968 1449 1025 „quodcunque
1480 967 1683 1011 relictum
1710 967 1804 1012 est’'

204 1038 474 1095 iungendum
522 1042 587 1082 θεῖ
628 1052 728 1082 011111
772 1053 900 1090 „cum
942 1039 1196 1096 pignoribus
1239 1039 1438 1090 domus’',
1487 1039 1600 1096 quod
1646 1052 1800 1096 parum

205 1114 381 1166 gratum
422 1113 510 1152 est:
556 1109 738 1161 „domus
780 1124 879 1153 cum
922 1111 1173 1167 pignoribus
1215 1114 1259 1153 et
1290 1110 1572 1167 quodcunque
1602 1109 1803 1153 relictum

206 1181 314 1224 est''.
348 1181 404 1224 Et
435 1181 552 1224 deest
582 1181 654 1224 hic
686 1180 755 1224 vel
785 1181 843 1222 ibi
878 1181 945 1224 vel
968 1186 1197 1236 praeterea.
1230 1181 1379 1238 Neque
1409 1195 1479 1224 me
1510 1185 1659 1224 movet
1689 1179 1804 1238 quod

205 1253 265 1295 ait
296 1250 529 1295 Ehwaldus
561 1253 621 1294 sic
652 1253 832 1294 tertium
864 1252 1110 1294 membrum
1136 1251 1304 1295 adnecti
1332 1251 1682 1308 praecedentibus
1708 1265 1803 1294 0011-

205 1324 422 1366 iunctione
454 1327 513 1365 et:
547 1336 647 1365 nam
674 1322 758 1365 duo
785 1322 1078 1379 praecedentia
1104 1323 1298 1365 membra
1324 1316 1638 1378 quoda'mmodo
1664 1335 1802 1365 unum

204 1393 414 1437 efficiunt:
434 1395 510 1449 qui
526 1393 577 1436 de
595 1395 722 1436 certis
739 1393 986 1436 hominibus
1003 1395 1196 1450 cogitant
1212 1396 1486 1449 opponuntur
1501 1393 1652 1436 ceteris
1668 1393 1805 1436 omni-

207 1465 297 1506 bus.
316 1463 445 1506 Haud
462 1463 747 1520 spernendum
764 1463 1085 1506 firmamentum
1102 1462 1275 1506 lectioni
1292 1477 1317 1506 a
1333 1477 1402 1506 me
1420 1463 1613 1506 defensae
1628 1462 1802 1519 praebet

205 1534 354 1578 Livius
381 1534 501 1586 XXI,
531 1534 603 1585 21,
624 1533 674 1577 6:
704 1534 881 1586 „domos
908 1538 1072 1578 vestras
1099 1538 1142 1577 et
1169 1548 1270 1590 quae
1294 1534 1435 1590 cuique
1459 1534 1523 1576 ibi
1539 1547 1636 1577 cara
1652 1531 1798 1577 sunt”.

264 1634 353 1678 608
370 1650 431 1692 sq.
464 1635 598 1678 Ianua
628 1650 698 1677 nec
728 1650 850 1678 verso
883 1635 1085 1679 stridores
1117 1634 1287 1679 cardine
1315 1635 1473 1678 reddit:
1528 1645 1530 1647 ·

460 1705 594 1749 Nulla
626 1705 753 1749 domo
785 1710 890 1749 tota.

202 1774 272 1819 Sic
307 1776 443 1819 edidit
482 1776 673 1820 Kornius
715 1779 874 1833 partim
917 1791 969 1820 ex
1013 1777 1063 1820 M
1105 1779 1179 1833 qui
1216 1777 1363 1828 reddit,
1394 1778 1553 1834 partim
1583 1791 1635 1820 ex
1669 1793 1689 1820 ε
1721 1779 1797 1834 qui

201 1862 270 1889 nec
311 1847 453 1890 habet.
498 1847 581 1891 Sed
622 1847 704 1890 1100
735 1849 828 1890 eius
859 1853 924 1890 est
956 1850 1031 1904 qui
1061 1847 1254 1905 legentes
1285 1847 1494 1891 ludribrio
1525 1847 1678 1900 habet,
1711 1862 1797 1892 11011

200 1922 349 1974 poetae
383 1932 565 1975 gravem
595 1932 685 1962 rem
720 1920 912 1975 graviter
943 1921 1178 1962 tractantis.
1222 1919 1357 1962 Paulo
1389 1918 1542 1962 melior
1571 1923 1637 1962 est
1667 1918 1799 1963 alteru

199 1988 326 2032 lectio
358 2003 465 2045 quae
497 1988 582 2032 alio
614 1989 740 2032 modo
769 1991 926 2046 partim
956 2004 978 2032 e
1006 1989 1254 2032 melioribus
1279 1991 1438 2045 partim
1464 2004 1486 2032 θ
1513 1989 1797 2033 deterioribus

199 2061 492 2115 componitur:
537 2075 586 2101 ne
620 2093 660 2102 ..
680 2092 689 2102 .
723 2061 880 2102 reddat.
924 2059 1007 2102 Sed
1040 2061 1119 2103 hoc
1152 2073 1318 2116 quoque
1351 2063 1703 2111 λεπτολογοῦντος
1734 2061 1798 2104 vi-

200 2129 343 2171 detur:
382 2144 434 2173 ne
464 2132 592 2173 ianua
623 2130 814 2181 strideat,
849 2129 967 2173 nulla
997 2131 1059 2173 ibi
1088 2132 1216 2173 ianua
1246 2134 1324 2173 θεῖ.
1357 2130 1569 2187 Equidem
1601 2132 1662 2174 sic
1693 2128 1793 2174 Ovi·

204 2199 325 2242 dium
358 2202 575 2257 scripsisse
608 2203 780 2257 opinor:

444 2271 596 2323 Ianua,
631 2287 732 2327 quae
764 2286 886 2315 verso
919 2271 1120 2314 stridores
1153 2271 1320 2314 cardine
1350 2273 1506 2322 reddat,

446 2342 577 2385 Nulla
608 2342 735 2386 domo
766 2346 869 2385 tota.

263 2431 351 2474 630
443 2432 523 2475 Iris
553 2434 666 2476 abit:
700 2447 836 2489 neque
867 2434 984 2476 enim
1016 2432 1197 2476 ulterius
1230 2432 1408 2475 tolerare
1441 2433 1595 2487 soporis

225 2537 235 2549 ,
444 2502 539 2545 Vim
576 2508 756 2558 poterat.
1665 2560 1667 2563 ι

201 2571 297 2613 Iure
328 2572 559 2615 Ehwaldus
585 2575 749 2630 sprevit
775 2573 1002 2616 lectionem
1027 2587 1209 2626 vaporem
1235 2573 1325 2625 vim,
1344 2573 1455 2616 unde
1472 2573 1546 2615 alii
1564 2572 1791 2616 effecerunt

200 2642 361 2694 vaporis
392 2643 482 2685 vim.
515 2643 598 2686 Sed
629 2658 714 2687 uon
746 2643 886 2686 solum
920 2645 1195 2687 verissimum
1227 2648 1291 2686 est
1323 2643 1437 2699 quod
1469 2645 1531 2686 ait
1557 2642 1787 2687 Ehwaldus

198 2711 313 2752 istud
347 2727 528 2766 vaporem
560 2719 712 2756 natum
744 2728 834 2757 esse
867 2728 888 2756 θ
920 2713 974 2765 11,
1009 2713 1094 2756 301
1115 2726 1200 2770 sq.:

440 2783 617 2826 Dixerat
647 2785 750 2827 haec
782 2783 934 2833 tellus,
968 2797 1104 2839 neque
1135 2785 1252 2826 enim
1283 2782 1463 2826 tolerare
1495 2797 1698 2839 vaporem

440 2852 633 2896 Ulterius
664 2856 807 2910 potuit

198 2934 351 2961 verum
392 2924 522 2963 etiam
567 2928 709 2965 nostro
749 2923 841 2965 loco
884 2925 1023 2965 omnis
1066 2923 1226 2977 vaporis
1266 2924 1428 2965 mentio
1465 2927 1555 2964 erat
1589 2922 1787 2974 vitanda,
1845 2969 1852 2974 ,

198 2993 298 3045 quia
325 2990 433 3032 libro
462 2991 514 3041 ΙΙ,
544 2993 654 3047 quod
683 2992 935 3048 plerumque
959 2993 1032 3043 fit,
1061 3006 1143 3035 vox
1172 2992 1360 3048 „vapor”
1378 2991 1590 3048 significat
1605 2992 1788 3034 calorem.
