2034 3334
973 351 1060 394 104

453 478 663 523 Cantaber
692 490 788 522 sera
821 477 1011 521 domitus
1044 479 1196 521 catena

270 611 358 641 non
390 596 633 653 explicandi
664 595 806 638 solum
839 607 971 637 causa
1000 593 1151 637 afferre
1176 593 1253 637 sed
1284 593 1413 636 etiam
1439 591 1652 635 affirmare
1678 589 1784 633 Pro-

271 673 406 731 pertio
437 672 511 715 illa
542 671 731 727 exempli
760 671 899 713 instar
928 669 1065 712 fuisse
1094 671 1378 724 eamextremss
1402 667 1548 724 siquid
1564 666 1703 722 video,
1717 667 1783 710 est

273 749 543 809 parrersitas.

331 825 367 880 I,
399 825 438 879 6,
472 825 539 867 11.
574 823 742 880 „Rogas
773 835 855 877 me,
885 820 1047 877 Tulle,’'
1074 821 1327 877 Propertius
1354 820 1414 863 ait
1444 818 1624 876 „quidni
1639 820 1784 862 tecum

273 902 355 944 iter
385 900 523 943 facere
547 900 676 943 velim
689 899 710 941 ⁴?
735 898 888 941 Puella
914 910 1009 941 mea
1036 897 1090 940 de
1115 909 1212 940 mea
1241 896 1503 953 profectione
1518 899 1604 939 tam
1621 895 1784 938 lamen-

274 980 390 1021 tatur
420 980 471 1020 ut
501 976 620 1019 istud
651 975 880 1018 consilium
913 974 1039 1030 plane
1069 974 1155 1016 iam
1186 973 1426 1016 abiecerim.

452 1084 535 1128 His
566 1097 645 1141 ego
677 1097 766 1127 non
797 1084 948 1126 horam
979 1095 1157 1139 possum
1191 1082 1346 1125 durare
1377 1080 1576 1138 querelis.

274 1193 468 1237 Hoccine
500 1192 554 1236 ab
590 1191 829 1235 Horatiano

453 1301 576 1344 Idem
607 1301 757 1344 eadem
788 1303 971 1357 possunt
1002 1300 1150 1343 horam
1183 1300 1339 1343 durare
1370 1299 1590 1356 probando

276 1411 461 1467 sumpsit
506 1410 788 1466 Propertius?
834 1410 974 1452 Aiunt
1016 1409 1098 1451 viri
1140 1409 1264 1452 docti.
1309 1408 1478 1465 Ergone
1521 1407 1574 1451 ab
1604 1407 1785 1451 Horatio

277 1486 527 1542 Propertius
569 1486 716 1528 didicit
756 1498 882 1540 „cum
924 1486 1169 1528 accusativo
1201 1485 1404 1541 temporis
1437 1485 1630 1528 construi
1660 1496 1788 1540 posse

278 1562 462 1605 durandi
505 1561 727 1616 verbum'',
770 1565 820 1604 ut
850 1561 1050 1617 discipuli
1079 1562 1126 1603 in
1155 1561 1258 1603 ludo
1289 1561 1477 1603 literario
1508 1560 1786 1616 loquuntur?

337 1636 538 1693 Denique
581 1637 774 1680 conferas
821 1637 1052 1693 pulchrum
1093 1649 1116 1679 e
1155 1636 1334 1692 pulchro
1367 1634 1786 1688 Quinthssnnio

275 1712 385 1755 libro
431 1712 574 1755 locum
622 1713 678 1768 (1)·
727 1712 840 1767 266),
886 1711 962 1754 Ubi
1008 1711 1452 1766 Lucanus-Mueller
1491 1711 1787 1754 adversarium

274 1789 464 1844 graviter
504 1788 787 1843 reprehendit,
832 1789 909 1843 qui
939 1790 1101 1843 patrem
1133 1788 1275 1843 poesis
1307 1786 1483 1830 Latinae
1516 1787 1625 1830 duos
1657 1787 1786 1831 hosce

277 1876 431 1907 versus
460 1863 684 1906 facientem

458 1971 696 2015 Constitere
728 1984 876 2015 amnes
907 1984 1130 2028 perennes,
1163 1971 1336 2015 arbores
1368 1975 1497 2016 vento
1530 1976 1685 2018 vacant

279 2035 343 2075 et:

459 2090 671 2147 Constitit,
705 2091 846 2147 credo,
879 2090 1150 2146 Scamander,
1182 2091 1357 2135 arbores
1388 2095 1516 2134 vento
1551 2095 1709 2149 vagant

278 2201 413 2241 semet
458 2199 601 2254 ipsum
644 2199 920 2255 descripsisse
962 2200 1225 2242 insimularit
1270 2213 1321 2242 eo
1368 2203 1621 2256 argumento
1670 2201 1788 2257 quod

280 2273 508 2329 utrobique
537 2274 735 2330 legantur
765 2274 974 2317 vocabula
1007 2275 1240 2318 arbores
1272 2279 1463 2319 vento:
1497 2277 1632 2320 multo
1649 2278 1787 2334 magis

279 2349 607 2404 reprehensione
663 2351 841 2406 dignum
890 2350 1014 2392 illum
1061 2352 1270 2395 concedes
1318 2354 1394 2408 qui
1440 2366 1490 2395 ea
1535 2354 1787 2396 imitationis

278 2424 537 2467 Horatianae
583 2426 778 2481 exempla
825 2439 848 2468 e
894 2426 1117 2482 Propertio
1150 2428 1351 2483 attulerit,
1385 2441 1496 2484 quae
1527 2429 1654 2472 modo
1685 2442 1782 2472 exa·

279 2501 451 2542 minavi.
494 2499 613 2543 Libri
650 2505 806 2557 autem,
838 2501 915 2544 ubi
946 2503 1030 2544 loci
1061 2503 1127 2545 illi
1158 2502 1406 2557 παράλληλοι
1437 2508 1541 2548 sunt
1570 2505 1789 2561 propositi,

279 2576 512 2618 secundam
560 2580 726 2619 tantum
775 2578 1006 2621 editionem
1047 2580 1259 2635 inspicere
1302 2581 1436 2636 potui,
1467 2582 1787 2625 recentissimae

279 2652 304 2692 i.
323 2664 356 2693 e.
389 2654 538 2694 tertiae
570 2654 691 2708 copia
722 2655 829 2696 mihi
859 2667 945 2696 non
977 2655 1072 2697 fuit.
1099 2655 1151 2697 In
1179 2656 1254 2698 illa
1282 2657 1319 2699 si
1346 2670 1459 2699 nova
1477 2657 1787 2700 eiusdemmodi

280 2727 474 2782 exempla
508 2733 781 2772 accesserunt
813 2731 886 2772 illa
918 2744 1175 2787 cognoscere
1206 2733 1378 2775 animus
1411 2746 1496 2775 non
1531 2736 1605 2776 est.
