2034 3334
962 395 1044 435 221

282 519 557 559 Phormio.
600 518 813 570 πρόσωπον
855 519 1087 572 προτατικόν
1128 521 1248 571 Davi,
1288 521 1355 560 cui
1387 521 1495 561 Geta
1525 523 1671 562 narret
1700 533 1783 571 quo

222 595 317 634 dolo
349 595 497 634 herilis
528 594 642 634 filius
674 606 778 635 usus
809 597 868 635 sit
898 597 947 635 ut
973 597 1150 636 absente
1174 598 1295 646 patre
1323 598 1515 636 amatam
1542 598 1623 637 sibi
1648 596 1783 637 filiam

222 680 403 710 uxorem
444 671 630 720 duceret,
675 681 700 710 a
731 671 928 710 Terentio
962 673 1028 710 est
1059 672 1267 711 additum.
1300 683 1340 711 v.
1375 673 1544 712 Scholia
1575 674 1627 712 ad
1658 683 1722 712 vs.
1760 674 1780 712 1

219 744 403 784 fabulae.

281 821 311 871 Ι,
348 822 386 871 2,
416 822 486 861 41.
516 822 678 861 Schol.:
711 823 1019 872 „Apollodorus
1046 825 1266 862 tonsorem
1294 824 1436 873 ipsum
1463 824 1664 862 nuntium
1681 824 1785 862 facit

221 897 293 946 qui
325 898 440 936 dicat
471 908 517 936 se
549 909 684 947 nuper
714 899 881 947 puellae
915 910 1085 938 comam
1118 900 1169 938 ob
1202 900 1368 938 luctum
1400 900 1644 949 abstulisse,
1673 900 1783 948 quod

220 972 308 1012 scio
345 975 541 1013 mutasse
573 974 821 1013 Terentium
853 985 907 1014 ne
939 975 1131 1014 externis
1162 976 1354 1015 moribus
1386 977 1674 1025 spectatorem
1705 976 1781 1014 Ro-

220 1059 401 1088 manum
429 1050 705 1089 offenderet.'’

280 1126 350 1176 IV,
401 1127 439 1176 3,
489 1127 569 1166 42.-
607 1127 849 1176 Argentum
896 1129 1175 1167 emuncturus
1222 1129 1398 1167 senibus
1443 1128 1700 1177 Demiphoni
1742 1130 1785 1167 et

220 1201 438 1241 Chremeti
456 1202 564 1241 Geta
580 1213 627 1241 se
645 1213 743 1241 cum
760 1203 1018 1242 Phormione
1036 1204 1295 1243 collocutum
1312 1206 1460 1243 narrat
1476 1205 1527 1243 de
1543 1204 1785 1252 recipienda

220 1279 403 1326 cognata
444 1288 575 1326 quam
616 1278 688 1317 ille
719 1278 955 1327 Antiphoni
987 1290 1167 1318 uxorem
1205 1280 1448 1319 obtruserit.
1486 1280 1569 1328 „At
1600 1280 1784 1318 nimium

220 1355 459 1401 quantum’'
493 1364 646 1392 servus
678 1354 739 1392 ait
775 1355 967 1403 „argenti
998 1355 1245 1403 postulabat
1276 1355 1359 1394 ille.
1393 1355 1492 1392 Dixi
1525 1365 1646 1403 ergo:
1681 1365 1782 1393 nun-

220 1439 351 1477 quam
383 1439 519 1468 senex
550 1440 676 1468 meus
707 1431 880 1469 tantum
912 1431 1051 1469 dabit:

903 1517 1061 1555 quaeso
1093 1507 1193 1555 quid
1223 1508 1261 1546 si
1291 1507 1427 1547 filiam

414 1582 547 1620 Suam
578 1582 752 1621 unicam
783 1582 976 1621 locaret?
1006 1582 1128 1631 parvi
1160 1583 1309 1621 retulit

411 1658 506 1696 Non
537 1658 802 1707 suscepisse:
836 1658 1013 1697 inventa
1045 1659 1112 1696 est
1143 1668 1251 1706 quae
1285 1659 1429 1697 dotem
1463 1659 1632 1706 petat!”

220 1733 344 1782 Apud
374 1733 682 1782 Apollodorum
713 1734 860 1772 autem
892 1744 1041 1772 senem
1074 1733 1216 1782 ipsum
1248 1734 1409 1772 dicere:
1447 1734 1572 1783 „quid
1604 1734 1784 1772 interest

220 1819 291 1848 me
327 1819 413 1848 non
444 1809 686 1857 suscepisse
717 1808 865 1858 filiam,
900 1809 937 1847 si
968 1809 1095 1847 modo
1128 1809 1204 1848 dos
1235 1809 1405 1847 dabitur
1436 1809 1629 1847 alienae”
1658 1809 1781 1847 Scho-

219 1885 348 1923 liasta
395 1885 529 1923 docet.
577 1885 723 1933 Neque
769 1886 914 1933 posset
962 1885 1100 1923 dicere
1146 1885 1229 1922 nisi
1270 1886 1388 1923 totus
1429 1885 1548 1923 locus
1581 1884 1704 1923 aliter
1736 1895 1782 1923 se

221 1960 331 2008 apud
362 1960 668 2008 Apollodorum
699 1970 831 2008 quam
863 1960 973 2008 apud
1006 1959 1255 1998 Terentium
1286 1960 1475 1998 haberet.

279 2114 404 2153 Haud
446 2122 582 2161 pauca
613 2122 713 2160 ergo
745 2122 858 2151 nova
889 2111 1115 2150 Terentius
1146 2111 1237 2160 ipse
1269 2112 1360 2150 suis
1391 2113 1573 2151 inseruit
1603 2113 1780 2161 fabulis;

221 2199 371 2228 earum
417 2189 680 2238 paucissima
725 2188 846 2236 parvi
887 2189 990 2226 sunt
1030 2187 1253 2236 momenti,
1292 2188 1415 2236 plura
1445 2189 1606 2238 gravia,
1641 2190 1783 2237 aliqua

223 2275 322 2304 vero
354 2265 625 2313 gravissima.
661 2263 869 2302 Omnibus
896 2264 1043 2302 autem
1069 2263 1154 2301 illis
1181 2262 1304 2301 novis
1332 2263 1598 2302 ornamentis
1614 2264 1782 2303 fabulae

221 2340 411 2379 redditae
448 2342 550 2379 sunt
580 2340 818 2388 lepidiores,
851 2339 1050 2386 vitaeque
1083 2338 1266 2376 accessit
1296 2339 1574 2388 permultum,
1608 2340 1782 2388 solaque

222 2425 330 2463 quae
376 2415 482 2454 nihil
529 2414 826 2453 huiuscemodi
871 2414 1001 2453 habet
1046 2413 1343 2452 Heautontim.
1387 2414 1542 2452 ceteris
1583 2415 1782 2454 omnibus

222 2492 289 2529 est
343 2491 582 2539 languidior
638 2490 884 2537 exiliorque.
938 2489 1120 2527 Novas
1167 2490 1352 2527 autem
1398 2499 1671 2537 personas
1718 2491 1782 2536 (de

222 2570 466 2615 προτατικοῑς
494 2567 573 2605 hoc
601 2576 686 2604 non
712 2565 842 2610 valet)
870 2574 1089 2612 novasque
1111 2574 1263 2602 scenas
1280 2563 1567 2603 introducenti
1584 2565 1782 2605 Terentio

222 2643 432 2690 quantum
479 2643 701 2690 praeterea
746 2640 875 2678 fuerit
921 2639 1241 2678 immutandum
1288 2639 1332 2678 in
1373 2639 1542 2678 fabulae
1575 2642 1780 2690 composi-

222 2717 338 2756 tione
370 2727 582 2766 exponere
614 2717 724 2755 nolo.
758 2715 978 2754 Eiusmodi
1010 2715 1125 2753 enim
1152 2714 1464 2763 disputationes
1491 2725 1576 2755 non
1602 2719 1783 2765 possunt

222 2804 307 2832 non
340 2804 435 2832 esse
466 2794 580 2832 lectu
612 2791 899 2839 difficillimae,
928 2791 972 2828 in
998 2790 1292 2838 labyrinthum
1319 2791 1526 2829 inducunt
1551 2791 1779 2841 lectorem;

223 2870 351 2917 atque
382 2869 461 2907 hoc
492 2868 583 2906 loco
615 2866 817 2905 utilitatis
848 2865 1005 2904 habere
1036 2865 1142 2903 nihil
1172 2866 1365 2915 possunt,
1399 2876 1497 2904 cum
1529 2877 1598 2904 res
1629 2869 1781 2915 sponte

224 2946 438 2993 appareat.
492 2943 637 2980 Unum
684 2941 764 2979 hoc
810 2941 902 2979 dico
947 2950 1161 2988 nusquam
1209 2951 1410 2988 apparere
1458 2942 1778 2992 commissuras,
