<?xml version="1.0" encoding="UTF-8"?>
<!DOCTYPE html PUBLIC "-//W3C//DTD XHTML 1.0 Transitional//EN"
    "http://www.w3.org/TR/xhtml1/DTD/xhtml1-transitional.dtd">
<html xmlns="http://www.w3.org/1999/xhtml" xml:lang="en" lang="en">
 <head>
  <title>
</title>
<meta http-equiv="Content-Type" content="text/html;charset=utf-8" />
  <meta name='ocr-system' content='tesseract 3.04.00' />
  <meta name='ocr-capabilities' content='ocr_page ocr_carea ocr_par ocr_line ocrx_word'/>
</head>
<body>
  <div class='ocr_page' id='page_1' title='image "./dehoratiopota00hartuoft_0146.png"; bbox 0 0 2034 3334; ppageno 0'>
   <div class='ocr_carea' id='block_1_1' title="bbox 1055 384 1140 427">
    <p class='ocr_par' dir='ltr' id='par_1_1' title="bbox 1055 384 1140 427">
     <span class='ocr_line' id='line_1_1' title="bbox 1055 384 1140 427; baseline 0 -1"><span class='ocrx_word' id='word_1_1' title='bbox 1055 384 1140 427; x_wconf 87' lang='lat'><strong>138</strong></span> 
     </span>
    </p>
   </div>
   <div class='ocr_carea' id='block_1_2' title="bbox 524 508 1669 643">
    <p class='ocr_par' dir='ltr' id='par_1_2' title="bbox 524 508 1669 643">
     <span class='ocr_line' id='line_1_2' title="bbox 524 508 1669 566; baseline -0.001 -14"><span class='ocrx_word' id='word_1_2' title='bbox 524 509 608 561; x_wconf 84' lang='lat' dir='ltr'><strong>Qui</strong></span> <span class='ocrx_word' id='word_1_3' title='bbox 638 522 725 552; x_wconf 92' lang='lat' dir='ltr'><strong>non</strong></span> <span class='ocrx_word' id='word_1_4' title='bbox 756 511 854 552; x_wconf 89' lang='lat' dir='ltr'><strong>ante</strong></span> <span class='ocrx_word' id='word_1_5' title='bbox 883 511 1015 565; x_wconf 90' lang='lat' dir='ltr'><strong>patet,</strong></span> <span class='ocrx_word' id='word_1_6' title='bbox 1040 508 1175 553; x_wconf 89' lang='lat' dir='ltr'><strong>donec</strong></span> <span class='ocrx_word' id='word_1_7' title='bbox 1205 521 1360 552; x_wconf 86' lang='lat' dir='ltr'><strong>manus</strong></span> <span class='ocrx_word' id='word_1_8' title='bbox 1391 509 1530 566; x_wconf 85' lang='lat' dir='ltr'><strong>attigit</strong></span> <span class='ocrx_word' id='word_1_9' title='bbox 1562 521 1669 552; x_wconf 78' lang='lat' dir='ltr'><strong>ossa,</strong></span> 
     </span>
     <span class='ocr_line' id='line_1_3' title="bbox 582 585 1593 643; baseline -0.001 -14"><span class='ocrx_word' id='word_1_10' title='bbox 582 585 787 643; x_wconf 82' lang='lat' dir='ltr'><strong>Quisquis</strong></span> <span class='ocrx_word' id='word_1_11' title='bbox 820 598 879 642; x_wconf 87' lang='lat' dir='ltr'><strong>es,</strong></span> <span class='ocrx_word' id='word_1_12' title='bbox 911 586 1104 629; x_wconf 87' lang='lat' dir='ltr'><strong>assiduas</strong></span> <span class='ocrx_word' id='word_1_13' title='bbox 1135 599 1160 628; x_wconf 92' lang='lat' dir='ltr'><strong>a</strong></span> <span class='ocrx_word' id='word_1_14' title='bbox 1191 585 1292 642; x_wconf 87' lang='lat' dir='ltr'><strong>fuge</strong></span> <span class='ocrx_word' id='word_1_15' title='bbox 1323 585 1593 629; x_wconf 87' lang='lat' dir='ltr'><strong>blanditias.&#39;’</strong></span> 
     </span>
    </p>
   </div>
   <div class='ocr_carea' id='block_1_3' title="bbox 345 736 1846 1644">
    <p class='ocr_par' dir='ltr' id='par_1_3' title="bbox 345 736 1846 1644">
     <span class='ocr_line' id='line_1_4' title="bbox 406 736 1844 794; baseline 0 -14"><span class='ocrx_word' id='word_1_16' title='bbox 406 737 640 781; x_wconf 80' lang='lat' dir='ltr'><strong>Cuiusnam</strong></span> <span class='ocrx_word' id='word_1_17' title='bbox 683 751 851 793; x_wconf 87' lang='lat' dir='ltr'><strong>manus,</strong></span> <span class='ocrx_word' id='word_1_18' title='bbox 880 737 1086 780; x_wconf 77' lang='lat' dir='ltr'><strong>obsecro?</strong></span> <span class='ocrx_word' id='word_1_19' title='bbox 1118 737 1379 780; x_wconf 83' lang='lat' dir='ltr'><strong>Amorisne?</strong></span> <span class='ocrx_word' id='word_1_20' title='bbox 1406 736 1490 780; x_wconf 85' lang='lat' dir='ltr'><strong>Sed</strong></span> <span class='ocrx_word' id='word_1_21' title='bbox 1522 737 1621 794; x_wconf 89' lang='lat' dir='ltr'><strong>quis</strong></span> <span class='ocrx_word' id='word_1_22' title='bbox 1650 750 1844 794; x_wconf 87' lang='lat' dir='ltr'><strong>unquam</strong></span> 
     </span>
     <span class='ocr_line' id='line_1_5' title="bbox 348 814 1844 871; baseline 0.001 -14"><span class='ocrx_word' id='word_1_23' title='bbox 348 814 602 871; x_wconf 83' lang='lat' dir='ltr'><strong>Cupidinem</strong></span> <span class='ocrx_word' id='word_1_24' title='bbox 662 815 828 857; x_wconf 87' lang='lat' dir='ltr'><strong>audivit</strong></span> <span class='ocrx_word' id='word_1_25' title='bbox 884 814 1146 857; x_wconf 87' lang='lat' dir='ltr'><strong>manibus</strong></span> <span class='ocrx_word' id='word_1_26' title='bbox 1205 814 1367 868; x_wconf 72' lang='lat' dir='ltr'><strong>viscera</strong></span> <span class='ocrx_word' id='word_1_27' title='bbox 1413 814 1636 857; x_wconf 89' lang='lat' dir='ltr'><strong>hominum</strong></span> <span class='ocrx_word' id='word_1_28' title='bbox 1681 814 1844 858; x_wconf 80' lang='lat' dir='ltr'><strong>laniare</strong></span> 
     </span>
     <span class='ocr_line' id='line_1_6' title="bbox 346 889 1844 948; baseline 0.001 -15"><span class='ocrx_word' id='word_1_29' title='bbox 346 891 480 933; x_wconf 89' lang='lat' dir='ltr'><strong>donec</strong></span> <span class='ocrx_word' id='word_1_30' title='bbox 531 890 585 933; x_wconf 91' lang='lat' dir='ltr'><strong>ad</strong></span> <span class='ocrx_word' id='word_1_31' title='bbox 630 891 723 946; x_wconf 91' lang='lat' dir='ltr'><strong>ipsa</strong></span> <span class='ocrx_word' id='word_1_32' title='bbox 765 903 861 934; x_wconf 90' lang='lat' dir='ltr'><strong>ossa</strong></span> <span class='ocrx_word' id='word_1_33' title='bbox 907 891 1029 947; x_wconf 83' lang='lat' dir='ltr'><strong>digiti</strong></span> <span class='ocrx_word' id='word_1_34' title='bbox 1076 891 1169 933; x_wconf 92' lang='lat' dir='ltr'><strong>eius</strong></span> <span class='ocrx_word' id='word_1_35' title='bbox 1215 890 1500 946; x_wconf 79' lang='lat' dir='ltr'><strong>perveniant?</strong></span> <span class='ocrx_word' id='word_1_36' title='bbox 1545 889 1629 934; x_wconf 85' lang='lat' dir='ltr'><strong>Sed</strong></span> <span class='ocrx_word' id='word_1_37' title='bbox 1676 891 1844 948; x_wconf 63' lang='lat' dir='ltr'><strong>sagittis</strong></span> 
     </span>
     <span class='ocr_line' id='line_1_7' title="bbox 348 967 1842 1023; baseline 0.001 -13"><span class='ocrx_word' id='word_1_38' title='bbox 348 968 439 1010; x_wconf 86' lang='lat' dir='ltr'><strong>suis</strong></span> <span class='ocrx_word' id='word_1_39' title='bbox 479 967 679 1010; x_wconf 80' lang='lat' dir='ltr'><strong>mortales</strong></span> <span class='ocrx_word' id='word_1_40' title='bbox 724 967 828 1023; x_wconf 91' lang='lat' dir='ltr'><strong>petit</strong></span> <span class='ocrx_word' id='word_1_41' title='bbox 867 980 1010 1023; x_wconf 88' lang='lat' dir='ltr'><strong>neque</strong></span> <span class='ocrx_word' id='word_1_42' title='bbox 1055 970 1283 1010; x_wconf 87' lang='lat' dir='ltr'><strong>contentus</strong></span> <span class='ocrx_word' id='word_1_43' title='bbox 1315 970 1380 1010; x_wconf 87' lang='lat' dir='ltr'><strong>est</strong></span> <span class='ocrx_word' id='word_1_44' title='bbox 1409 968 1662 1023; x_wconf 80' lang='lat' dir='ltr'><strong>priusquam</strong></span> <span class='ocrx_word' id='word_1_45' title='bbox 1693 979 1842 1011; x_wconf 85' lang='lat' dir='ltr'><strong>earum</strong></span> 
     </span>
     <span class='ocr_line' id='line_1_8' title="bbox 346 1041 1842 1099; baseline 0.001 -13"><span class='ocrx_word' id='word_1_46' title='bbox 346 1057 434 1096; x_wconf 78' lang='lat' dir='ltr'><strong>una</strong></span> <span class='ocrx_word' id='word_1_47' title='bbox 475 1057 561 1086; x_wconf 91' lang='lat' dir='ltr'><strong>non</strong></span> <span class='ocrx_word' id='word_1_48' title='bbox 603 1044 839 1087; x_wconf 83' lang='lat' dir='ltr'><strong>visceribus</strong></span> <span class='ocrx_word' id='word_1_49' title='bbox 882 1044 1022 1087; x_wconf 90' lang='lat' dir='ltr'><strong>solum</strong></span> <span class='ocrx_word' id='word_1_50' title='bbox 1065 1043 1139 1087; x_wconf 93' lang='lat' dir='ltr'><strong>sed</strong></span> <span class='ocrx_word' id='word_1_51' title='bbox 1170 1046 1212 1087; x_wconf 86' lang='lat' dir='ltr'><strong>et</strong></span> <span class='ocrx_word' id='word_1_52' title='bbox 1243 1042 1671 1099; x_wconf 45' lang='lat' dir='ltr'><strong>ossibus-inhaereat.</strong></span> <span class='ocrx_word' id='word_1_53' title='bbox 1704 1041 1842 1095; x_wconf 82' lang='lat' dir='ltr'><strong>Quam</strong></span> 
     </span>
     <span class='ocr_line' id='line_1_9' title="bbox 346 1120 1844 1178; baseline 0 -15"><span class='ocrx_word' id='word_1_54' title='bbox 346 1121 522 1177; x_wconf 90' lang='lat' dir='ltr'><strong>pulchra</strong></span> <span class='ocrx_word' id='word_1_55' title='bbox 563 1133 663 1177; x_wconf 88' lang='lat' dir='ltr'><strong>ergo</strong></span> <span class='ocrx_word' id='word_1_56' title='bbox 711 1124 775 1164; x_wconf 89' lang='lat' dir='ltr'><strong>est</strong></span> <span class='ocrx_word' id='word_1_57' title='bbox 820 1120 954 1164; x_wconf 89' lang='lat' dir='ltr'><strong>Modii</strong></span> <span class='ocrx_word' id='word_1_58' title='bbox 1001 1122 1246 1164; x_wconf 88' lang='lat' dir='ltr'><strong>coniectura</strong></span> <span class='ocrx_word' id='word_1_59' title='bbox 1293 1120 1496 1178; x_wconf 91' lang='lat' dir='ltr'><strong>malus,</strong></span> <span class='ocrx_word' id='word_1_60' title='bbox 1546 1133 1632 1178; x_wconf 90' lang='lat' dir='ltr'><strong>qua</strong></span> <span class='ocrx_word' id='word_1_61' title='bbox 1675 1123 1844 1178; x_wconf 88' lang='lat' dir='ltr'><strong>recepta</strong></span> 
     </span>
     <span class='ocr_line' id='line_1_10' title="bbox 348 1195 1846 1255; baseline -0.001 -14"><span class='ocrx_word' id='word_1_62' title='bbox 348 1198 516 1255; x_wconf 83' lang='lat' dir='ltr'><strong>egregia</strong></span> <span class='ocrx_word' id='word_1_63' title='bbox 558 1198 749 1241; x_wconf 89' lang='lat' dir='ltr'><strong>nascitur</strong></span> <span class='ocrx_word' id='word_1_64' title='bbox 795 1198 1005 1241; x_wconf 90' lang='lat' dir='ltr'><strong>sententia</strong></span> <span class='ocrx_word' id='word_1_65' title='bbox 1052 1199 1154 1252; x_wconf 92' lang='lat' dir='ltr'><strong>(non</strong></span> <span class='ocrx_word' id='word_1_66' title='bbox 1199 1198 1312 1240; x_wconf 89' lang='lat' dir='ltr'><strong>enim</strong></span> <span class='ocrx_word' id='word_1_67' title='bbox 1358 1200 1574 1254; x_wconf 90' lang='lat' dir='ltr'><strong>praeterea</strong></span> <span class='ocrx_word' id='word_1_68' title='bbox 1603 1195 1846 1241; x_wconf 83' lang='lat' dir='ltr'><strong>Burmanni</strong></span> 
     </span>
     <span class='ocr_line' id='line_1_11' title="bbox 347 1273 1844 1331; baseline 0 -14"><span class='ocrx_word' id='word_1_69' title='bbox 347 1275 548 1318; x_wconf 89' lang='lat' dir='ltr'><strong>atterit</strong></span> <span class='ocrx_word' id='word_1_70' title='bbox 609 1288 718 1331; x_wconf 87' lang='lat' dir='ltr'><strong>opus</strong></span> <span class='ocrx_word' id='word_1_71' title='bbox 779 1287 872 1318; x_wconf 88' lang='lat' dir='ltr'><strong>esse</strong></span> <span class='ocrx_word' id='word_1_72' title='bbox 929 1275 1105 1331; x_wconf 88' lang='lat' dir='ltr'><strong>opinor).</strong></span> <span class='ocrx_word' id='word_1_73' title='bbox 1162 1273 1356 1317; x_wconf 83' lang='lat' dir='ltr'><strong>Venusto</strong></span> <span class='ocrx_word' id='word_1_74' title='bbox 1414 1274 1530 1317; x_wconf 92' lang='lat' dir='ltr'><strong>enim</strong></span> <span class='ocrx_word' id='word_1_75' title='bbox 1584 1273 1844 1318; x_wconf 81' lang='lat' dir='ltr'><strong>adiectivum</strong></span> 
     </span>
     <span class='ocr_line' id='line_1_12' title="bbox 347 1349 1843 1408; baseline 0 -14"><span class='ocrx_word' id='word_1_76' title='bbox 347 1352 526 1394; x_wconf 89' lang='lat' dir='ltr'><strong>malus</strong></span> <span class='ocrx_word' id='word_1_77' title='bbox 580 1352 875 1408; x_wconf 88' lang='lat' dir='ltr'><strong>interponitur,</strong></span> <span class='ocrx_word' id='word_1_78' title='bbox 932 1364 1062 1407; x_wconf 89' lang='lat' dir='ltr'><strong>quam</strong></span> <span class='ocrx_word' id='word_1_79' title='bbox 1121 1353 1378 1394; x_wconf 87' lang='lat' dir='ltr'><strong>structuram</strong></span> <span class='ocrx_word' id='word_1_80' title='bbox 1436 1350 1650 1407; x_wconf 78' lang='lat' dir='ltr'><strong>eleganter</strong></span> <span class='ocrx_word' id='word_1_81' title='bbox 1690 1349 1843 1394; x_wconf 83' lang='lat' dir='ltr'><strong>Latine</strong></span> 
     </span>
     <span class='ocr_line' id='line_1_13' title="bbox 348 1426 1843 1484; baseline 0 -14"><span class='ocrx_word' id='word_1_82' title='bbox 348 1427 634 1471; x_wconf 86' lang='lat' dir='ltr'><strong>scribentibus</strong></span> <span class='ocrx_word' id='word_1_83' title='bbox 674 1429 720 1470; x_wconf 90' lang='lat' dir='ltr'><strong>in</strong></span> <span class='ocrx_word' id='word_1_84' title='bbox 751 1428 914 1471; x_wconf 90' lang='lat' dir='ltr'><strong>deliciis</strong></span> <span class='ocrx_word' id='word_1_85' title='bbox 945 1440 1039 1470; x_wconf 88' lang='lat' dir='ltr'><strong>esse</strong></span> <span class='ocrx_word' id='word_1_86' title='bbox 1069 1427 1218 1470; x_wconf 87' lang='lat' dir='ltr'><strong>multis</strong></span> <span class='ocrx_word' id='word_1_87' title='bbox 1248 1426 1421 1483; x_wconf 88' lang='lat' dir='ltr'><strong>probari</strong></span> <span class='ocrx_word' id='word_1_88' title='bbox 1451 1426 1660 1484; x_wconf 79' lang='lat' dir='ltr'><strong>exemplis</strong></span> <span class='ocrx_word' id='word_1_89' title='bbox 1692 1430 1843 1484; x_wconf 81' lang='lat' dir='ltr'><strong>potest.</strong></span> 
     </span>
     <span class='ocr_line' id='line_1_14' title="bbox 346 1505 1846 1562; baseline 0.001 -15"><span class='ocrx_word' id='word_1_90' title='bbox 346 1505 495 1548; x_wconf 86' lang='lat' dir='ltr'><strong>Unum</strong></span> <span class='ocrx_word' id='word_1_91' title='bbox 525 1518 771 1562; x_wconf 90' lang='lat' dir='ltr'><strong>proponam,</strong></span> <span class='ocrx_word' id='word_1_92' title='bbox 807 1505 934 1562; x_wconf 92' lang='lat' dir='ltr'><strong>quod,</strong></span> <span class='ocrx_word' id='word_1_93' title='bbox 959 1505 1058 1548; x_wconf 89' lang='lat' dir='ltr'><strong>licet</strong></span> <span class='ocrx_word' id='word_1_94' title='bbox 1073 1506 1118 1547; x_wconf 92' lang='lat' dir='ltr'><strong>in</strong></span> <span class='ocrx_word' id='word_1_95' title='bbox 1136 1505 1255 1549; x_wconf 90' lang='lat' dir='ltr'><strong>nulla</strong></span> <span class='ocrx_word' id='word_1_96' title='bbox 1272 1505 1458 1548; x_wconf 88' lang='lat' dir='ltr'><strong>editione</strong></span> <span class='ocrx_word' id='word_1_97' title='bbox 1473 1505 1652 1562; x_wconf 86' lang='lat' dir='ltr'><strong>legatur,</strong></span> <span class='ocrx_word' id='word_1_98' title='bbox 1674 1505 1846 1562; x_wconf 83' lang='lat' dir='ltr'><strong>egregie</strong></span> 
     </span>
     <span class='ocr_line' id='line_1_15' title="bbox 345 1581 1846 1644; baseline 0.001 -20"><span class='ocrx_word' id='word_1_99' title='bbox 345 1594 435 1624; x_wconf 92' lang='lat' dir='ltr'><strong>rem</strong></span> <span class='ocrx_word' id='word_1_100' title='bbox 481 1581 677 1624; x_wconf 86' lang='lat' dir='ltr'><strong>illustrat.</strong></span> <span class='ocrx_word' id='word_1_101' title='bbox 718 1581 849 1638; x_wconf 89' lang='lat' dir='ltr'><strong>Apud</strong></span> <span class='ocrx_word' id='word_1_102' title='bbox 897 1581 1139 1644; x_wconf 77' lang='lat' dir='ltr'><strong>Phaedrum</strong></span> <span class='ocrx_word' id='word_1_103' title='bbox 1185 1581 1242 1637; x_wconf 94' lang='lat' dir='ltr'><strong>II,</strong></span> <span class='ocrx_word' id='word_1_104' title='bbox 1291 1582 1319 1623; x_wconf 88' lang='lat'>4</span> <span class='ocrx_word' id='word_1_105' title='bbox 1361 1581 1550 1638; x_wconf 85' lang='lat' dir='ltr'><strong>aquilam</strong></span> <span class='ocrx_word' id='word_1_106' title='bbox 1583 1581 1637 1625; x_wconf 89' lang='lat' dir='ltr'><strong>de</strong></span> <span class='ocrx_word' id='word_1_107' title='bbox 1665 1581 1846 1625; x_wconf 82' lang='lat' dir='ltr'><strong>instanti</strong></span> 
     </span>
    </p>
   </div>
   <div class='ocr_carea' id='block_1_4' title="bbox 898 1637 1295 1650">
    <p class='ocr_par' dir='ltr' id='par_1_4' title="bbox 898 1637 1295 1650">
     <span class='ocr_line' id='line_1_16' title="bbox 898 1637 1295 1650; baseline 0 -6"><span class='ocrx_word' id='word_1_108' title='bbox 898 1638 947 1644; x_wconf 47' lang='grc' dir='ltr'><strong><em>...ψ-</em></strong></span> <span class='ocrx_word' id='word_1_109' title='bbox 955 1638 958 1639; x_wconf 37' lang='lat' dir='ltr'><em>r</em></span> <span class='ocrx_word' id='word_1_110' title='bbox 965 1637 1099 1644; x_wconf 35' lang='lat' dir='ltr'><strong>s-w—-A</strong></span> <span class='ocrx_word' id='word_1_111' title='bbox 1128 1638 1295 1650; x_wconf 30' lang='lat' dir='ltr'><strong>&gt;»X—*</strong></span> 
     </span>
    </p>
   </div>
   <div class='ocr_carea' id='block_1_5' title="bbox 348 1658 1010 1714">
    <p class='ocr_par' dir='ltr' id='par_1_5' title="bbox 348 1658 1010 1714">
     <span class='ocr_line' id='line_1_17' title="bbox 348 1658 1010 1714; baseline -0.003 -12"><span class='ocrx_word' id='word_1_112' title='bbox 348 1658 537 1714; x_wconf 88' lang='lat' dir='ltr'><strong>periculo</strong></span> <span class='ocrx_word' id='word_1_113' title='bbox 568 1659 629 1702; x_wconf 90' lang='lat' dir='ltr'><strong>sic</strong></span> <span class='ocrx_word' id='word_1_114' title='bbox 660 1658 859 1702; x_wconf 85' lang='lat' dir='ltr'><strong>admonet</strong></span> <span class='ocrx_word' id='word_1_115' title='bbox 889 1658 1010 1702; x_wconf 89' lang='lat' dir='ltr'><strong>felis:</strong></span> 
     </span>
    </p>
   </div>
   <div class='ocr_carea' id='block_1_6' title="bbox 1637 1326 1763 1334">
    <p class='ocr_par' dir='ltr' id='par_1_6' title="bbox 1637 1326 1763 1334">
     <span class='ocr_line' id='line_1_18' title="bbox 1637 1326 1763 1334; baseline 0 2000"><span class='ocrx_word' id='word_1_116' title='bbox 1637 1326 1763 1334; x_wconf 95' lang='lat' dir='ltr'><strong> </strong></span> 
     </span>
    </p>
   </div>
   <div class='ocr_carea' id='block_1_7' title="bbox 583 1800 1649 2086">
    <p class='ocr_par' dir='ltr' id='par_1_7' title="bbox 583 1800 1649 2086">
     <span class='ocr_line' id='line_1_19' title="bbox 1155 1800 1488 1856; baseline 0 -13"><span class='ocrx_word' id='word_1_117' title='bbox 1155 1800 1385 1856; x_wconf 86' lang='lat' dir='ltr'><strong>Pernicies,</strong></span> <span class='ocrx_word' id='word_1_118' title='bbox 1417 1801 1488 1856; x_wconf 90' lang='lat' dir='ltr'><strong>ait,</strong></span> 
     </span>
     <span class='ocr_line' id='line_1_20' title="bbox 583 1876 1480 1933; baseline 0.001 -14"><span class='ocrx_word' id='word_1_119' title='bbox 583 1876 677 1919; x_wconf 81' lang='lat' dir='ltr'><strong>Tibi</strong></span> <span class='ocrx_word' id='word_1_120' title='bbox 708 1879 895 1933; x_wconf 88' lang='lat' dir='ltr'><strong>paratur,</strong></span> <span class='ocrx_word' id='word_1_121' title='bbox 924 1877 1068 1920; x_wconf 87' lang='lat' dir='ltr'><strong>forsan</strong></span> <span class='ocrx_word' id='word_1_122' title='bbox 1101 1880 1142 1920; x_wconf 86' lang='lat' dir='ltr'><strong>et</strong></span> <span class='ocrx_word' id='word_1_123' title='bbox 1174 1878 1328 1920; x_wconf 86' lang='lat' dir='ltr'><strong>misero</strong></span> <span class='ocrx_word' id='word_1_124' title='bbox 1361 1877 1480 1920; x_wconf 91' lang='lat' dir='ltr'><strong>mihi.</strong></span> 
     </span>
     <span class='ocr_line' id='line_1_21' title="bbox 585 1952 1578 2010; baseline 0.001 -15"><span class='ocrx_word' id='word_1_125' title='bbox 585 1952 695 1995; x_wconf 89' lang='lat' dir='ltr'><strong>Nam</strong></span> <span class='ocrx_word' id='word_1_126' title='bbox 727 1953 871 1997; x_wconf 88' lang='lat' dir='ltr'><strong>fodere</strong></span> <span class='ocrx_word' id='word_1_127' title='bbox 901 1956 1056 1996; x_wconf 88' lang='lat' dir='ltr'><strong>terram</strong></span> <span class='ocrx_word' id='word_1_128' title='bbox 1090 1953 1206 2010; x_wconf 93' lang='lat' dir='ltr'><strong>quod</strong></span> <span class='ocrx_word' id='word_1_129' title='bbox 1238 1953 1359 1996; x_wconf 87' lang='lat' dir='ltr'><strong>vides</strong></span> <span class='ocrx_word' id='word_1_130' title='bbox 1388 1952 1578 2009; x_wconf 89' lang='lat' dir='ltr'><strong>quotidie</strong></span> 
     </span>
     <span class='ocr_line' id='line_1_22' title="bbox 585 2029 1649 2086; baseline 0 -14"><span class='ocrx_word' id='word_1_131' title='bbox 585 2029 751 2086; x_wconf 91' lang='lat' dir='ltr'><strong>Aprum</strong></span> <span class='ocrx_word' id='word_1_132' title='bbox 781 2030 1048 2086; x_wconf 87' lang='lat' dir='ltr'><strong>insidiosum,</strong></span> <span class='ocrx_word' id='word_1_133' title='bbox 1081 2042 1289 2086; x_wconf 87' lang='lat' dir='ltr'><strong>quercum</strong></span> <span class='ocrx_word' id='word_1_134' title='bbox 1323 2030 1417 2073; x_wconf 85' lang='lat' dir='ltr'><strong>vult</strong></span> <span class='ocrx_word' id='word_1_135' title='bbox 1448 2032 1649 2074; x_wconf 84' lang='lat' dir='ltr'><strong>evertere.</strong></span> 
     </span>
    </p>
   </div>
   <div class='ocr_carea' id='block_1_8' title="bbox 409 2186 1848 2244">
    <p class='ocr_par' dir='ltr' id='par_1_8' title="bbox 409 2186 1848 2244">
     <span class='ocr_line' id='line_1_23' title="bbox 409 2186 1848 2244; baseline 0.001 -14"><span class='ocrx_word' id='word_1_136' title='bbox 409 2186 509 2230; x_wconf 91' lang='lat' dir='ltr'><strong>Iure</strong></span> <span class='ocrx_word' id='word_1_137' title='bbox 540 2188 601 2230; x_wconf 91' lang='lat' dir='ltr'><strong>sic</strong></span> <span class='ocrx_word' id='word_1_138' title='bbox 626 2188 746 2231; x_wconf 91' lang='lat' dir='ltr'><strong>locus</strong></span> <span class='ocrx_word' id='word_1_139' title='bbox 773 2188 843 2231; x_wconf 90' lang='lat' dir='ltr'><strong>hic</strong></span> <span class='ocrx_word' id='word_1_140' title='bbox 874 2187 926 2231; x_wconf 92' lang='lat' dir='ltr'><strong>ab</strong></span> <span class='ocrx_word' id='word_1_141' title='bbox 965 2187 1199 2231; x_wconf 89' lang='lat' dir='ltr'><strong>editoribus</strong></span> <span class='ocrx_word' id='word_1_142' title='bbox 1231 2187 1471 2244; x_wconf 85' lang='lat' dir='ltr'><strong>exhibetur,</strong></span> <span class='ocrx_word' id='word_1_143' title='bbox 1501 2202 1602 2232; x_wconf 91' lang='lat' dir='ltr'><strong>nam</strong></span> <span class='ocrx_word' id='word_1_144' title='bbox 1633 2188 1848 2232; x_wconf 87' lang='lat' dir='ltr'><strong>coniectu-</strong></span> 
     </span>
    </p>
   </div>
   <div class='ocr_carea' id='block_1_9' title="bbox 3 2242 1847 2384">
    <p class='ocr_par' dir='ltr' id='par_1_9' title="bbox 3 2242 1847 2384">
     <span class='ocr_line' id='line_1_24' title="bbox 264 2242 1847 2321; baseline 0.002 -15.581"><span class='ocrx_word' id='word_1_145' title='bbox 264 2242 306 2264; x_wconf 38' lang='grc' dir='ltr'>ὼ</span> <span class='ocrx_word' id='word_1_146' title='bbox 324 2252 439 2305; x_wconf 51' lang='lat' dir='ltr'><strong>‘ram</strong></span> <span class='ocrx_word' id='word_1_147' title='bbox 456 2263 746 2307; x_wconf 88' lang='lat' dir='ltr'><strong>Bentleianam</strong></span> <span class='ocrx_word' id='word_1_148' title='bbox 775 2265 1116 2320; x_wconf 90' lang='lat' dir='ltr'><strong>insidiosus,</strong></span> <span class='ocrx_word' id='word_1_149' title='bbox 1143 2265 1259 2321; x_wconf 92' lang='lat' dir='ltr'><strong>quod</strong></span> <span class='ocrx_word' id='word_1_150' title='bbox 1275 2268 1399 2308; x_wconf 82' lang='lat' dir='ltr'><strong>acute</strong></span> <span class='ocrx_word' id='word_1_151' title='bbox 1415 2265 1658 2308; x_wconf 80' lang='lat' dir='ltr'><strong>observavit</strong></span> <span class='ocrx_word' id='word_1_152' title='bbox 1672 2263 1847 2321; x_wconf 84' lang='lat' dir='ltr'><strong>Harius,</strong></span> 
     </span>
     <span class='ocr_line' id='line_1_25' title="bbox 3 2345 214 2384; baseline 0.024 -5"><span class='ocrx_word' id='word_1_153' title='bbox 3 2365 34 2379; x_wconf 65' lang='grc' dir='ltr'><strong>ι.</strong></span> <span class='ocrx_word' id='word_1_154' title='bbox 62 2365 65 2370; x_wconf 80' lang='lat'><strong>,</strong></span> <span class='ocrx_word' id='word_1_155' title='bbox 118 2345 183 2381; x_wconf 67' lang='grc' dir='ltr'><strong>1τέ</strong></span> <span class='ocrx_word' id='word_1_156' title='bbox 209 2380 214 2384; x_wconf 91' lang='grc'><strong><em>,</em></strong></span> 
     </span>
    </p>
   </div>
   <div class='ocr_carea' id='block_1_10' title="bbox 349 2340 1848 2932">
    <p class='ocr_par' dir='ltr' id='par_1_10' title="bbox 349 2340 1848 2932">
     <span class='ocr_line' id='line_1_26' title="bbox 349 2340 1842 2396; baseline 0.002 -15"><span class='ocrx_word' id='word_1_157' title='bbox 349 2342 535 2382; x_wconf 90' lang='lat' dir='ltr'><strong>metrum</strong></span> <span class='ocrx_word' id='word_1_158' title='bbox 567 2341 730 2396; x_wconf 86' lang='lat' dir='ltr'><strong>respuit</strong></span> <span class='ocrx_word' id='word_1_159' title='bbox 762 2340 801 2382; x_wconf 92' lang='lat' dir='ltr'><strong>h.</strong></span> <span class='ocrx_word' id='word_1_160' title='bbox 819 2353 852 2384; x_wconf 93' lang='lat' dir='ltr'><strong>e.</strong></span> <span class='ocrx_word' id='word_1_161' title='bbox 886 2344 1020 2384; x_wconf 90' lang='lat' dir='ltr'><strong>metro</strong></span> <span class='ocrx_word' id='word_1_162' title='bbox 1051 2343 1223 2383; x_wconf 91' lang='lat' dir='ltr'><strong>coactus</strong></span> <span class='ocrx_word' id='word_1_163' title='bbox 1254 2340 1476 2384; x_wconf 83' lang='lat' dir='ltr'><strong>Phaedrus</strong></span> <span class='ocrx_word' id='word_1_164' title='bbox 1503 2341 1557 2383; x_wconf 91' lang='lat' dir='ltr'><strong>ad</strong></span> <span class='ocrx_word' id='word_1_165' title='bbox 1584 2344 1842 2384; x_wconf 85' lang='lat' dir='ltr'><strong>structuram</strong></span> 
     </span>
     <span class='ocr_line' id='line_1_27' title="bbox 350 2415 1847 2473; baseline 0.002 -16"><span class='ocrx_word' id='word_1_166' title='bbox 350 2428 499 2470; x_wconf 90' lang='lat' dir='ltr'><strong>parum</strong></span> <span class='ocrx_word' id='word_1_167' title='bbox 533 2415 766 2472; x_wconf 86' lang='lat' dir='ltr'><strong>elegantem</strong></span> <span class='ocrx_word' id='word_1_168' title='bbox 799 2416 1002 2473; x_wconf 85' lang='lat' dir='ltr'><strong>confugit.</strong></span> <span class='ocrx_word' id='word_1_169' title='bbox 1028 2416 1140 2459; x_wconf 88' lang='lat' dir='ltr'><strong>Nam</strong></span> <span class='ocrx_word' id='word_1_170' title='bbox 1168 2418 1205 2460; x_wconf 88' lang='lat' dir='ltr'><strong>si</strong></span> <span class='ocrx_word' id='word_1_171' title='bbox 1222 2430 1347 2473; x_wconf 89' lang='lat' dir='ltr'><strong>prosa</strong></span> <span class='ocrx_word' id='word_1_172' title='bbox 1364 2418 1553 2460; x_wconf 88' lang='lat' dir='ltr'><strong>oratione</strong></span> <span class='ocrx_word' id='word_1_173' title='bbox 1568 2417 1661 2460; x_wconf 91' lang='lat' dir='ltr'><strong>eius</strong></span> <span class='ocrx_word' id='word_1_174' title='bbox 1677 2415 1847 2460; x_wconf 83' lang='lat' dir='ltr'><strong>fabulae</strong></span> 
     </span>
     <span class='ocr_line' id='line_1_28' title="bbox 357 2493 1848 2550; baseline 0.002 -17"><span class='ocrx_word' id='word_1_175' title='bbox 357 2494 499 2533; x_wconf 88' lang='lat' dir='ltr'><strong>essent</strong></span> <span class='ocrx_word' id='word_1_176' title='bbox 523 2493 713 2547; x_wconf 87' lang='lat' dir='ltr'><strong>scriptae,</strong></span> <span class='ocrx_word' id='word_1_177' title='bbox 740 2494 913 2535; x_wconf 93' lang='lat' dir='ltr'><strong>omnino</strong></span> <span class='ocrx_word' id='word_1_178' title='bbox 940 2493 1134 2536; x_wconf 87' lang='lat' dir='ltr'><strong>Bentleio</strong></span> <span class='ocrx_word' id='word_1_179' title='bbox 1152 2493 1531 2550; x_wconf 86' lang='lat' dir='ltr'><strong>obtemperandum</strong></span> <span class='ocrx_word' id='word_1_180' title='bbox 1548 2496 1660 2547; x_wconf 77' lang='lat' dir='ltr'><strong>erat3</strong></span> <span class='ocrx_word' id='word_1_181' title='bbox 1678 2493 1848 2549; x_wconf 82' lang='lat' dir='ltr'><strong>elegan-</strong></span> 
     </span>
     <span class='ocr_line' id='line_1_29' title="bbox 350 2567 1846 2626; baseline 0.003 -18"><span class='ocrx_word' id='word_1_182' title='bbox 350 2567 514 2610; x_wconf 86' lang='lat' dir='ltr'><strong>tissime</strong></span> <span class='ocrx_word' id='word_1_183' title='bbox 554 2569 665 2610; x_wconf 89' lang='lat' dir='ltr'><strong>enim</strong></span> <span class='ocrx_word' id='word_1_184' title='bbox 699 2571 932 2625; x_wconf 88' lang='lat' dir='ltr'><strong>composita</strong></span> <span class='ocrx_word' id='word_1_185' title='bbox 963 2573 1075 2612; x_wconf 90' lang='lat' dir='ltr'><strong>esset</strong></span> <span class='ocrx_word' id='word_1_186' title='bbox 1108 2571 1343 2613; x_wconf 89' lang='lat' dir='ltr'><strong>sententia:</strong></span> <span class='ocrx_word' id='word_1_187' title='bbox 1377 2570 1545 2626; x_wconf 88' lang='lat' dir='ltr'><strong>Aprum</strong></span> <span class='ocrx_word' id='word_1_188' title='bbox 1578 2569 1694 2626; x_wconf 91' lang='lat' dir='ltr'><strong>quod</strong></span> <span class='ocrx_word' id='word_1_189' title='bbox 1724 2569 1846 2613; x_wconf 86' lang='lat' dir='ltr'><strong>vides</strong></span> 
     </span>
     <span class='ocr_line' id='line_1_30' title="bbox 351 2643 1845 2703; baseline 0.004 -19"><span class='ocrx_word' id='word_1_190' title='bbox 351 2643 541 2697; x_wconf 88' lang='lat' dir='ltr'><strong>quotidie</strong></span> <span class='ocrx_word' id='word_1_191' title='bbox 586 2647 742 2687; x_wconf 87' lang='lat' dir='ltr'><strong>terram</strong></span> <span class='ocrx_word' id='word_1_192' title='bbox 787 2645 943 2701; x_wconf 90' lang='lat' dir='ltr'><strong>fodere,</strong></span> <span class='ocrx_word' id='word_1_193' title='bbox 990 2646 1225 2690; x_wconf 88' lang='lat' dir='ltr'><strong>insidiosus</strong></span> <span class='ocrx_word' id='word_1_194' title='bbox 1271 2659 1477 2703; x_wconf 91' lang='lat' dir='ltr'><strong>quercum</strong></span> <span class='ocrx_word' id='word_1_195' title='bbox 1520 2649 1708 2689; x_wconf 87' lang='lat' dir='ltr'><strong>evertere</strong></span> <span class='ocrx_word' id='word_1_196' title='bbox 1737 2645 1845 2690; x_wconf 86' lang='lat' dir='ltr'><strong>vult.</strong></span> 
     </span>
     <span class='ocr_line' id='line_1_31' title="bbox 352 2710 1845 2779; baseline 0.004 -19"><span class='ocrx_word' id='word_1_197' title='bbox 352 2718 488 2768; x_wconf 82' lang='lat' dir='ltr'><strong>Quam</strong></span> <span class='ocrx_word' id='word_1_198' title='bbox 523 2723 618 2775; x_wconf 91' lang='lat' dir='ltr'><strong>apte</strong></span> <span class='ocrx_word' id='word_1_199' title='bbox 648 2710 775 2776; x_wconf 87' lang='lat' dir='ltr'><strong>porro&#39;</strong></span> <span class='ocrx_word' id='word_1_200' title='bbox 802 2722 953 2764; x_wconf 91' lang='lat' dir='ltr'><strong>Amori</strong></span> <span class='ocrx_word' id='word_1_201' title='bbox 986 2723 1200 2779; x_wconf 89' lang='lat' dir='ltr'><strong>epitheton</strong></span> <span class='ocrx_word' id='word_1_202' title='bbox 1232 2737 1274 2766; x_wconf 93' lang='lat' dir='ltr'><strong>m</strong></span> <span class='ocrx_word' id='word_1_203' title='bbox 1289 2724 1416 2766; x_wconf 91' lang='lat' dir='ltr'><strong>alus</strong></span> <span class='ocrx_word' id='word_1_204' title='bbox 1447 2722 1695 2779; x_wconf 87' lang='lat' dir='ltr'><strong>praebetur;</strong></span> <span class='ocrx_word' id='word_1_205' title='bbox 1716 2735 1845 2779; x_wconf 87' lang='lat' dir='ltr'><strong>quam</strong></span> 
     </span>
     <span class='ocr_line' id='line_1_32' title="bbox 351 2795 1846 2855; baseline 0.004 -19"><span class='ocrx_word' id='word_1_206' title='bbox 351 2795 539 2849; x_wconf 89' lang='lat' dir='ltr'><strong>lepidum</strong></span> <span class='ocrx_word' id='word_1_207' title='bbox 583 2796 767 2851; x_wconf 88' lang='lat' dir='ltr'><strong>denique</strong></span> <span class='ocrx_word' id='word_1_208' title='bbox 807 2797 940 2840; x_wconf 88' lang='lat' dir='ltr'><strong>Modii</strong></span> <span class='ocrx_word' id='word_1_209' title='bbox 981 2800 1223 2842; x_wconf 87' lang='lat' dir='ltr'><strong>coniectura</strong></span> <span class='ocrx_word' id='word_1_210' title='bbox 1255 2801 1544 2842; x_wconf 85' lang='lat' dir='ltr'><strong>nanciscimur</strong></span> <span class='ocrx_word' id='word_1_211' title='bbox 1576 2799 1738 2841; x_wconf 88' lang='lat' dir='ltr'><strong>dictum</strong></span> <span class='ocrx_word' id='word_1_212' title='bbox 1768 2811 1846 2855; x_wconf 90' lang='lat' dir='ltr'><strong>pro</strong></span> 
     </span>
     <span class='ocr_line' id='line_1_33' title="bbox 353 2871 1624 2932; baseline 0.003 -20"><span class='ocrx_word' id='word_1_213' title='bbox 353 2871 495 2926; x_wconf 87' lang='lat' dir='ltr'><strong>inepta</strong></span> <span class='ocrx_word' id='word_1_214' title='bbox 527 2884 742 2927; x_wconf 86' lang='lat' dir='ltr'><strong>sensuque</strong></span> <span class='ocrx_word' id='word_1_215' title='bbox 773 2886 894 2916; x_wconf 87' lang='lat' dir='ltr'><strong>cassa</strong></span> <span class='ocrx_word' id='word_1_216' title='bbox 924 2875 1126 2918; x_wconf 90' lang='lat' dir='ltr'><strong>lectione:</strong></span> <span class='ocrx_word' id='word_1_217' title='bbox 1160 2889 1317 2919; x_wconf 90' lang='lat' dir='ltr'><strong>manus</strong></span> <span class='ocrx_word' id='word_1_218' title='bbox 1348 2876 1487 2932; x_wconf 86' lang='lat' dir='ltr'><strong>attigit</strong></span> <span class='ocrx_word' id='word_1_219' title='bbox 1518 2889 1624 2919; x_wconf 88' lang='lat' dir='ltr'><strong>ossa.</strong></span> 
     </span>
    </p>
   </div>
  </div>
 </body>
</html>
