2034 3334
283 1139 386 1178 Hec.

1036 398 1118 438 116

523 527 593 577 IV,
629 527 667 577 2,
702 527 758 567 52
790 525 1180 566 silicernium:
1213 534 1240 564 a
1271 523 1483 564 cernendo
1514 522 1707 563 silentes.

522 603 571 653 V,
606 604 645 653 3,
680 604 706 642 4
794 602 935 642 maria
964 600 1152 651 Neptuni
1183 599 1237 640 ab
1263 599 1374 639 irato
1399 598 1563 639 Demea
1587 597 1856 647 invocantur,

850 678 920 718 vel
952 677 1063 726 quod
1095 676 1177 716 diis
1203 685 1371 725 quoque
1397 674 1598 715 irascitur
1627 673 1703 722 qui
1732 671 1779 713 in
1803 670 1858 712 fis

851 749 1157 802 commoratur,
1185 751 1255 792 vel
1281 751 1383 800 quia
1399 751 1502 791 deos
1517 759 1605 791 non
1620 758 1718 791 esse
1732 749 1860 800 putat

832 830 958 881 >haec
990 829 1138 870 omnia
1168 827 1385 878 Neptunia
1414 827 1529 877 dicit,
1567 827 1617 867 ut
1646 825 1717 867 est
1746 823 1860 876 apud

849 905 1103 956 Virgilium:

909 982 1067 1022 Omnia
1097 981 1168 1021 vel
1199 980 1394 1020 medium
1424 977 1533 1019 fiant
1562 987 1699 1019 mare.

605 1061 644 1111 8,
680 1060 735 1099 29
791 1058 1046 1098 verbum:
1080 1067 1107 1097 a
1137 1056 1335 1097 veritate.

594 1138 629 1187 1,
665 1136 690 1175 8
793 1134 1090 1175 Mulciber:
1124 1143 1151 1173 a
1182 1131 1438 1172 mutilando.
1619 1113 1654 1194 x
1725 1179 1730 1182 ι

591 1214 629 1263 2,
665 1213 690 1252 2
792 1210 1148 1262 percontari:
1183 1219 1210 1249 a
1240 1209 1380 1249 conto.
1645 1197 1662 1216 ⁶

544 1289 575 1339 I,
614 1290 650 1339 1,
684 1289 738 1328 41
798 1287 1023 1337 oppido:
1071 1296 1098 1326 a
1144 1285 1257 1325 dicto
1304 1283 1590 1324 rusticorum:
1642 1281 1738 1332 „vel
1777 1279 1861 1321 toti

850 1363 1003 1413 oppido
1033 1362 1194 1402 messis
1225 1370 1326 1400 mea
1356 1359 1558 1399 sufficit.”

522 1442 597 1492 111,
632 1443 672 1491 4,
708 1442 760 1480 27
795 1451 918 1480 caro:
942 1451 972 1480 a
997 1439 1172 1480 cadendi
1196 1437 1316 1478 verbo
1342 1437 1401 1476 vel
1427 1447 1455 1477 a
1480 1434 1652 1476 carendi
1666 1434 1858 1482 (anima).

522 1518 597 1568 ΙΙΙ,
632 1519 671 1567 5,
705 1518 732 1557 9
796 1513 1498 1556 consobrinuszsororinus.

524 1594 599 1644 ΙΙΙ,
634 1595 673 1644 5,
708 1594 763 1633 53
796 1594 1102 1642 protervus
1144 1592 1188 1631 et
1229 1601 1256 1630 a
1296 1589 1570 1629 substantivo
1601 1589 1726 1628 tauro
1757 1587 1803 1627 et
1833 1595 1860 1626 a

850 1669 981 1709 verbo
1012 1668 1269 1719 proterendi.

523 1748 595 1799 IV,
634 1749 669 1798 1,
704 1748 758 1787 41
798 1747 981 1786 virum
1048 1745 1300 1784 firmum:
1368 1742 1546 1783 firmum
1611 1740 1657 1781 in
1694 1739 1858 1781 ‘officio

852 1823 1004 1864 coitus.

522 1902 592 1953 IV,
627 1903 666 1952 4,
705 1902 757 1940 19
794 1909 1137 1950 praegnans:
1182 1898 1283 1938 ante
1323 1898 1506 1946 gnatum
1546 1895 1617 1935 vel
1657 1894 1759 1934 ante
1788 1903 1857 1944 ge-

850 1977 1074 2017 netricem.

522 2057 571 2106 V,
610 2057 645 2105 1,
681 2057 706 2095 3
795 2055 865 2094 im
877 2065 904 2104 p
917 2064 940 2093 e
951 2055 971 2093 t
982 2065 1003 2093 r
1014 2064 1040 2093 a
1051 2064 1072 2092 r
1083 2063 1106 2092 e
1124 2052 1218 2092 ideo
1235 2051 1287 2091 de
1303 2050 1432 2090 rebus
1449 2048 1692 2089 difficilibus
1701 2047 1859 2088 dicitur

847 2130 948 2179 quia
984 2128 1151 2180 proprie
1179 2128 1232 2168 ad
1255 2126 1417 2167 coitum
1434 2125 1644 2175 pertinen
1661 2124 1716 2164 ad
1732 2123 1858 2164 illum

849 2209 997 2247 autem
1038 2204 1254 2256 perveniri
1286 2214 1372 2243 non
1403 2203 1546 2253 potest
1577 2201 1663 2242 nisi
1693 2197 1857 2252 nuptiis

849 2282 1165 2331 contrahendis,
1194 2291 1304 2330 quae
1326 2290 1396 2319 res
1412 2277 1751 2318 multum-habet
1765 2286 1860 2318 mo-

846 2358 999 2399 lestiae
1040 2359 1213 2408 propter
1252 2356 1371 2405 leges
1412 2353 1706 2403 formulasque
1746 2362 1856 2402 quae

849 2437 953 2475 sunt
983 2433 1276 2474 observandae
1294 2432 1373 2478 (Η).

521 1060 570 1111 V,

546 1168 556 1188 7

546 1245 555 1263 7

524 1137 543 1176 Ι

523 1214 543 1253 Ι

522 1290 542 1328 Ι

283 2516 455 2554 Phorm.
519 2515 571 2563 ΙΙ,
610 2515 645 2563 1,
681 2514 733 2552 57
794 2512 1075 2551 columen:
1119 2509 1320 2548 columna
1361 2507 1472 2546 unde
1516 2507 1560 2545 et
1601 2503 1855 2545 columellae

847 2588 963 2627 servi
994 2587 1181 2626 maiores
1213 2583 1343 2623 domi.

506 2663 1071 2715 IV,4‚28sc1.hariolus:
1106 2671 1131 2700 a
1161 2661 1302 2700 fando.

789 2740 1098 2788 haruspex:
1131 2737 1184 2776 ab
1216 2737 1334 2775 hara.

520 2818 568 2866 V,
607 2819 642 2866 1,
682 2818 732 2855 19
791 2816 1052 2855 effutire:
1086 2825 1112 2854 a
1142 2823 1246 2853 vase
1277 2793 1556 2892 futiliſs-b

520 2893 569 2941 V,
605 2894 643 2941 8,
679 2893 733 2931 95
792 2901 1006 2940 pugnos
1062 2891 1116 2929 in
1167 2890 1423 2928 ventrem
1467 2886 1683 2934 ingere:
1731 2893 1849 2924 ven-

847 2969 989 3005 trem
1020 2976 1096 3014 pro
1123 2964 1216 3014 ipso
1247 2963 1449 3013 parasito.
