2034 3334
958 361 1038 400 151

213 486 386 536 sectam,
435 486 742 535 Chrysidisque
788 485 1086 534 hereditatem,
1130 495 1239 533 quae
1281 482 1476 534 Glycerio
1507 485 1680 523 mortua
1710 484 1780 522 vel

213 563 404 611 profecta
444 562 535 602 iure
577 563 713 612 ipsius
753 562 823 611 sit,
858 572 883 601 a
914 561 1078 610 Myside
1111 561 1286 610 eiusque
1319 561 1538 600 conservis
1573 560 1781 600 comedi.”

273 713 321 763 V,
357 714 395 763 2,
425 715 464 753 6.
495 713 690 753 Omnia
721 714 995 762 apparata
1027 695 1295 752 iam'sunt
1321 712 1528 759 intus]:
1561 711 1688 761 „quia
1719 711 1778 750 in-

213 789 326 828 fecta
351 790 454 828 sunt
485 789 536 827 de
567 789 773 837 paratis.”
802 788 921 827 Haec
947 788 1047 836 quid
1063 788 1146 826 sibi
1162 788 1344 827 volunt?
1361 789 1430 827 An
1445 788 1577 827 forte:
1600 787 1783 837 „legitur

214 865 486 914 apparata
518 865 561 903 et
592 874 677 903 non
707 865 910 913 parata
939 863 1040 912 quia
1071 863 1204 902 etiam
1236 863 1395 903 infecta
1426 864 1528 902 sunt
1560 863 1604 902 in
1635 873 1780 902 rerum

213 941 462 989 paratarum
494 940 702 979 numero”
737 940 842 985 (1.,6.
874 939 1112 988 parandi
1142 939 1323 978 verbum
1355 939 1415 978 nil
1443 939 1527 977 nisi
1554 939 1782 978 consilium

213 1015 440 1066 significat,
475 1016 786 1065 apparandi
818 1016 879 1055 rei
910 1015 1245 1064 perfectionem).

276 1084 352 1130 19.'
376 1091 508 1131 Plane
539 1092 627 1131 iam
658 1092 881 1141 perspecto
912 1091 1022 1130 Davi
1049 1090 1167 1130 dolo:
1201 1090 1397 1140 „Dromo,
1426 1090 1612 1130 Drom0”
1642 1091 1780 1129 excla-

214 1168 308 1206 mat
348 1178 495 1207 senex.
539 1169 807 1207 Annotatur:
856 1167 945 1217 „ira
987 1168 1030 1206 et
1071 1167 1214 1206 dolore
1251 1166 1358 1205 nihil
1390 1166 1522 1205 dixit:
1555 1166 1640 1204 nisi
1672 1166 1782 1214 quod

212 1242 417 1282 lorarium
466 1244 696 1292 repetendo
744 1243 917 1292 saepius
958 1243 1128 1282 vocat.”
1171 1242 1252 1281 Pro
1294 1242 1602 1291 repetendo
1634 1241 1783 1289 utique

214 1318 447 1367 legendum
490 1319 556 1358 est
598 1319 846 1367 repente.
889 1317 958 1356 Nil
1000 1317 1116 1356 enim
1153 1317 1206 1356 ad
1237 1317 1393 1356 ultima
1423 1316 1532 1356 Davi
1562 1317 1694 1356 verba
1724 1327 1784 1355 re-

215 1394 402 1443 spondet
434 1404 581 1444 senex,
615 1394 691 1432 sed
722 1394 864 1432 subito
895 1393 1101 1432 lorarium
1128 1393 1279 1432 adesse
1310 1392 1440 1431 iubet.

183 1521 185 1523 .
274 1469 536 1508 Narraverat
578 1470 725 1508 autem
767 1469 914 1508 Davus
950 1469 1002 1508 de
1034 1467 1219 1508 Critonis
1250 1468 1401 1507 Andrii
1432 1468 1632 1518 adventu,
1666 1478 1783 1517 roga-

215 1545 372 1593 tusque
419 1555 444 1584 a
490 1555 592 1584 sene
641 1545 741 1593 quid
789 1545 862 1584 ille
908 1544 989 1583 sibi
1036 1543 1167 1583 vellet
1212 1544 1368 1592 quidve
1415 1544 1575 1583 diceret
1614 1554 1783 1593 respon-

215 1620 338 1659 derat
369 1622 446 1666 (vs.
485 1621 575 1666 18):

509 1695 757 1744 Glycerium
789 1706 836 1734 se
868 1695 977 1734 scire
1010 1695 1150 1734 civem
1183 1705 1277 1734 esse
1308 1695 1514 1749 Atticam.

214 1771 480 1810 Annotatur:
518 1772 651 1821 „bene
683 1773 727 1810 et
758 1772 1006 1810 constanter
1037 1772 1090 1810 ad
1122 1782 1173 1810 ea
1203 1781 1312 1819 quae
1343 1771 1513 1810 locutus
1541 1772 1608 1810 est
1634 1771 1781 1810 scire

216 1857 263 1885 se
319 1846 471 1885 dixit.'’
530 1846 583 1885 Et
638 1846 813 1885 veritati
870 1847 914 1885 et
959 1847 1270 1895 grammaticae
1317 1847 1621 1886 convenienter
1667 1846 1782 1885 istud

217 1921 280 1960 ad
312 1921 485 1971 delebis,
521 1923 564 1960 et
595 1904 694 1971 post
725 1932 782 1960 se
816 1922 980 1961 inseres
1012 1922 1233 1961 dixisse
1263 1922 1333 1961 vel
1365 1921 1587 1961 dixisse
1619 1933 1751 1961 eum.

276 2071 325 2121 V,
360 2072 399 2122 3,
435 2072 474 2110 4.
508 2072 651 2110 Iratus
682 2072 804 2120 pater
835 2071 1111 2120 Pamphilum
1143 2073 1288 2121 rogat:

567 2148 652 2187 Ain
685 2148 894 2186 tandem?
926 2147 1034 2187 civis
1067 2148 1313 2197 Glycerium
1345 2150 1446 2188 est?

219 2224 488 2263 Annotatur:
523 2223 614 2262 ain
644 2223 894 2269 tandem]
932 2223 1066 2272 „mire
1093 2224 1217 2272 quasi
1244 2217 1335 2272 ipse
1362 2224 1477 2263 dicat
1502 2225 1613 2272 quod
1639 2224 1785 2263 Davus

221 2300 433 2339 dixerat.”
482 2299 544 2338 Ne
592 2299 688 2347 quis
730 2301 854 2349 erret,
897 2300 1149 2348 pronomine
1191 2299 1312 2349 ipse
1343 2300 1620 2350 Pamphilum
1651 2300 1785 2349 desig-

218 2375 312 2414 nari
342 2385 510 2414 moneo.
1656 2373 1660 2376 ’

278 2525 327 2574 V,
363 2525 401 2574 4,
437 2526 506 2564 43.
557 2524 845 2575 Chremetem,
894 2525 967 2573 qui
1013 2525 1140 2564 modo
1186 2524 1321 2564 filiam
1364 2526 1541 2575 invenit,
1584 2526 1647 2565 sic
1688 2526 1786 2565 allo-

220 2600 365 2649 quitur
397 2600 538 2639 Simo:
1000 2646 1002 2649 .

668 2675 829 2714 Omnes
860 2685 939 2714 nos
970 2676 1156 2724 gaudere
1187 2676 1279 2725 hoc,
1315 2675 1521 2725 Chremes

518 2749 576 2788 Te
609 2750 732 2789 credo
767 2750 950 2789 credere.
1090 2735 1093 2739 ’
1465 2731 1467 2733 ¹

221 2825 488 2864 Annotatur:
545 2825 813 2874 „gaudere
859 2825 1019 2864 nostris
1067 2827 1145 2875 est,
1193 2827 1243 2864 ut
1288 2836 1418 2875 supra
1464 2827 1796 2876 annotavimuss

225 2900 377 2940 alienis
418 2910 520 2939 vero
552 2901 849 2949 gratulari.
883 2901 985 2940 Plus
1018 2911 1116 2950 ergo
1149 2902 1216 2940 est
1247 2902 1489 2950 gaudere
1522 2912 1652 2951 quam
1684 2902 1785 2941 lae-
