2034 3334
964 349 1046 387 133

219 473 315 512 Vis
359 473 712 513 vindicaturi
753 473 875 513 nihili
907 475 986 513 est.
1021 474 1156 522 Lego:
1194 483 1272 522 „ne
1295 472 1481 511 amittat
1511 471 1616 520 vim,
1649 469 1783 510 vindi·
1851 476 1861 482 *

220 550 395 589 caturus
426 549 464 588 si
495 549 731 589 rescierit.”

282 626 348 664 16.
382 625 513 664 Nam
544 626 685 674 quod
717 626 959 665 antehac
990 625 1154 671 fecit]
1188 634 1288 674 „pro
1316 624 1579 672 antehac,
1610 633 1782 662 consue-

218 701 366 740 tudine
412 701 554 750 magis
600 711 732 749 qnam
778 701 943 740 ratione
981 701 1177 740 dicitur.”
1211 701 1345 749 Lege:
1379 710 1474 748 pro
1507 699 1784 738 antehaec

218 787 254 815 6.
283 787 321 825 q.
350 787 384 816 S.
427 777 520 816 Hoc
549 777 665 816 enim
696 777 792 816 vult
822 777 1094 826 magistellus
1127 776 1199 824 qui
1230 776 1555 815 annotationem
1587 774 1782 823 scripsit:

221 853 505 902 „praepositio
552 854 681 892 ante
728 853 1025 892 accusativum
1072 852 1223 901 habet3
1269 851 1497 891 dicendum
1545 861 1644 900 ergo
1691 851 1784 890 erat

218 929 347 967 ante
379 928 557 967 haec.”

278 1004 347 1043 23.
395 1005 460 1044 Ad
507 1004 615 1043 Davi
664 1005 828 1043 dictum
868 1004 992 1060 illud·
1014 1004 1316 1044 notissimum:
1364 1002 1535 1052 „Davus
1567 1012 1666 1041 sum
1697 1011 1784 1040 non

218 1080 431 1129 Oedipus”
480 1080 745 1129 adscriptum
791 1081 880 1119 est:
934 1081 1114 1130 „Facete
1161 1090 1208 1119 se
1250 1080 1426 1128 negavit
1468 1079 1690 1128 Oedipum,
1733 1079 1783 1117 ut

217 1165 368 1195 senem
400 1156 590 1205 Sphinga
621 1166 716 1195 esse
749 1155 984 1206 confirmet,
1019 1166 1104 1195 non
1137 1155 1389 1204 Oedipum.”
1417 1155 1622 1203 Lepidam
1655 1164 1781 1194 anno-

215 1232 428 1271 tationem
453 1232 750 1281 pessumdedit
775 1233 848 1281 qui
875 1233 991 1271 istud
1017 1242 1123 1271 non
1155 1232 1422 1280 Oedipum
1449 1231 1500 1271 de
1517 1241 1595 1270 suo
1613 1224 1793 1270 adiecit

217 1308 335 1347 Haec
361 1309 477 1347 enim
504 1308 586 1347 fuit
614 1309 878 1348 Scholiasta-e
896 1308 1134 1348 sententia:
1157 1318 1230 1357 „se
1250 1307 1458 1356 Oedipum
1476 1317 1571 1346 esse
1588 1306 1782 1355 negando

216 1384 497 1423 maledictum
539 1385 583 1424 in
623 1385 847 1424 dominum
889 1385 990 1424 iacit
1033 1386 1076 1424 et
1107 1383 1156 1423 σὺ
1188 1380 1259 1434 μὲν
1289 1382 1421 1435 Σφίγξ
1453 1378 1498 1432 εἴ,
1529 1381 1602 1435 ἐγὼ
1635 1378 1672 1420 δ’
1709 1379 1784 1421 οὔκ

194 1459 293 1519 ,εἰμι
329 1459 520 1507 Οἰδίπους
553 1461 656 1500 ait.”
689 1461 917 1500 Praeterea
942 1471 1018 1509 pro
1046 1460 1350 1499 confirmet
1376 1459 1521 1498 nescio
1548 1469 1604 1498 an
1630 1458 1782 1497 affir-

216 1537 328 1576 met
367 1537 426 1576 sit
466 1537 708 1586 legendum.
749 1536 855 1586 Quid
888 1537 1004 1575 enim
1036 1535 1241 1575 usitatius
1273 1545 1404 1584 quam
1435 1535 1521 1573 ista
1551 1533 1782 1573 verborum

216 1613 459 1662 negandi
491 1613 535 1652 et
566 1612 901 1652 affirmandi
932 1613 1044 1652 inter
1075 1622 1122 1651 se
1154 1611 1396 1661 oppositio?

275 1790 411 1829 Actus
442 1789 462 1828 Ι
493 1799 648 1829 scenae
680 1791 706 1829 3
738 1790 844 1829 haec
874 1788 1168 1838 praemittitur
1199 1788 1464 1827 observatio:
1502 1788 1610 1836 „Hic
1640 1788 1783 1826 brevis

217 1868 261 1905 et
292 1866 456 1905 comica
487 1866 735 1905 deliberatio
767 1868 834 1905 est
864 1876 1024 1914 magna
1055 1865 1378 1914 exspectatione
1404 1854 1610 1914 populum
1636 1875 1781 1903 rerum

217 1942 541 1981 imminentium
583 1943 865 1991 commotura,
908 1943 1029 1980 metu
1066 1943 1110 1980 et
1142 1951 1243 1980 cura
1275 1941 1515 1980 aestuantis
1546 1940 1655 1979 Davi
1687 1950 1780 1979 con-

217 2017 475 2057 sideratione
516 2018 776 2066 proposita.''
819 2017 881 2056 Ne
923 2017 1018 2065 quis
1060 2017 1167 2056 haec
1197 2018 1396 2065 corrupta
1427 2027 1522 2055 esse
1554 2017 1688 2065 putet,
1723 2016 1784 2054 ita

217 2093 464 2143 accipienda
499 2103 654 2132 moneo
690 2093 821 2132 verba
856 2094 1006 2131 metu
1050 2115 1103 2120 —-
1146 2092 1463 2141 proposita:
1503 2102 1602 2130 cum
1639 2092 1782 2140 populi

217 2170 352 2209 oculis
382 2158 601 2218 proposita
632 2169 691 2207 sit
722 2168 1006 2208 consideratio
1038 2168 1078 2214 (i.
1099 2179 1133 2207 e.
1168 2167 1431 2213 deliberatio)
1458 2167 1567 2206 Davi
1593 2168 1714 2206 metu
1742 2169 1785 2206 et

218 2255 320 2284 cura
351 2244 605 2284 aestuantis.

277 2419 309 2468 I,
344 2419 383 2468 4,
418 2420 457 2458 5.
493 2418 627 2467 Quia
659 2417 978 2466 compotrix
1011 2417 1134 2455 eius
1167 2418 1281 2462 est]
1321 2417 1390 2466 „in
1421 2416 1546 2456 vultu
1577 2417 1788 2455 remansit

220 2494 399 2533 oratio.”
438 2494 618 2542 Egregia
649 2493 882 2541 annotatio,
917 2502 1026 2540 quae
1059 2493 1182 2531 docet
1214 2492 1438 2541 Mysidem,
1471 2492 1572 2531 licet
1603 2492 1784 2531 verbum

221 2579 307 2608 non
348 2569 488 2618 addat,
531 2570 679 2607 tamen
719 2568 843 2607 vultu
882 2569 1092 2617 gestuque
1123 2567 1365 2617 significare
1396 2568 1518 2616 plura
1550 2578 1596 2606 se
1628 2567 1785 2606 habere

223 2655 332 2694 quae
364 2645 490 2684 dicat.

283 2821 314 2870 Ι,
349 2822 388 2870 5,
421 2821 457 2859 1·.
485 2819 697 2859 Hocine
729 2820 839 2865 est]
873 2820 979 2869 „hoc
1005 2821 1072 2859 est
1089 2819 1268 2858 dilatare
1286 2819 1538 2868 orationem,
1557 2829 1611 2858 ne
1629 2818 1789 2858 diceret

225 2897 336 2945 quod
377 2897 520 2937 fecit.'’
565 2896 788 2936 Sententia
828 2895 980 2935 scholii
1021 2895 1279 2935 obscurioris
1320 2895 1427 2935 haec
1468 2905 1563 2934 esse
1595 2895 1790 2934 videtur:
