2034 3334
1014 380 1098 420 124

309 508 420 562 (nam
463 510 504 549 et
543 506 606 548 illi
647 506 849 560 aderant),
893 505 1136 547 ministrum
1168 503 1353 560 fugasse,
1385 504 1468 560 ipsi
1499 506 1647 560 poetae
1679 503 1813 548 duras

310 584 564 640 imposuisse
606 582 879 625 conditiones.
916 581 1092 638 Legitur
1121 581 1195 623 illa
1226 582 1411 623 narratio
1445 580 1498 636 V,
1529 581 1556 623 8
1588 583 1631 624 et
1660 581 1812 638 incipit

311 675 335 703 a
368 674 428 703 vs.
461 660 530 715 27,
573 673 669 702 nam
715 671 826 715 quae
868 658 1130 715 praecedunt
1161 664 1258 700 cum
1291 657 1366 700 illa
1395 671 1481 700 non
1514 658 1740 701 cohaerent
1771 660 1814 701 et

311 737 437 793 paulo
470 740 572 779 sunt
604 736 865 779 obscuriora.

371 813 522 869 Neque
559 813 698 855 solum
732 825 899 868 semper
930 815 971 855 et
1004 811 1166 867 ubique
1198 814 1364 868 poetam
1397 811 1642 868 speculatur
1671 814 1814 855 custo—

312 890 461 945 ditque
508 888 702 944 Cynthia,
747 889 831 940 sed,
874 889 988 944 quod
1033 888 1167 931 multo
1199 889 1374 944 gravius
1405 887 1477 931 ille
1509 887 1635 943 dolet,
1665 901 1813 932 aurem

312 965 484 1022 praebet
530 966 769 1020 calumniis,
815 967 997 1021 eiusque
1039 965 1280 1021 calumniis,
1324 966 1399 1021 qui
1429 965 1475 1007 in
1507 968 1656 1021 poetae
1685 965 1816 1022 spreti

312 1043 514 1099 pulsique
560 1043 701 1085 locum
746 1044 839 1099 ipse
881 1042 1110 1085 succedere
1153 1042 1333 1085 studeat.
1375 1041 1487 1085 Talis
1518 1042 1589 1086 ille
1621 1041 1815 1086 Panthus

313 1119 406 1174 fuit,
438 1121 512 1175 qui
544 1120 678 1162 literis
710 1120 763 1162 ad
795 1133 886 1162 eam
921 1120 1029 1162 datis
1062 1120 1311 1175 turpissima
1339 1132 1536 1175 quaeque
1562 1120 1608 1162 in
1637 1118 1817 1176 Proper·

314 1197 422 1239 tium
453 1195 590 1239 finxit.
624 1196 749 1239 Illum
786 1209 886 1252 ergo
918 1196 1103 1259 refutare
1135 1199 1176 1239 et
1208 1197 1463 1239 convincere
1489 1199 1668 1239 conatur
1693 1199 1817 1253 poeta

314 1273 574 1330 lepidissima
605 1274 740 1329 elegia
770 1273 850 1327 III,
885 1260 1113 1327 14.”⁷'„Non
1147 1285 1291 1316 amore
1322 1273 1388 1316 tui
1419 1272 1599 1329 captus''
1630 1274 1691 1316 ait
1719 1273 1818 1328 „ille

316 1350 368 1392 de
398 1363 467 1392 me
499 1351 715 1402 mentitur,
746 1363 832 1392 non
866 1354 907 1393 te
939 1351 1066 1406 cupit,
1099 1350 1173 1394 sed
1205 1351 1377 1394 inanem
1406 1350 1459 1393 de
1484 1354 1527 1393 te
1551 1350 1818 1407 gloriamtse

315 1439 340 1468 a
370 1429 411 1469 te
440 1427 620 1482 petitum
652 1427 737 1468 iam
770 1439 886 1468 nunc
920 1427 1070 1480 iactat3
1106 1427 1222 1483 quod
1255 1427 1291 1469 si
1324 1426 1455 1470 semel
1490 1430 1532 1470 te
1555 1426 1618 1469 illi
1635 1427 1818 1484 dederis,

317 1503 458 1545 statim
505 1506 547 1545 te
595 1503 780 1546 deseret:
824 1503 950 1546 fictus
982 1505 1096 1546 enim
1128 1503 1202 1546 ille
1232 1506 1396 1546 amator
1427 1502 1637 1546 uxorem’'
1669 1505 1818 1557 (ama-

318 1580 460 1622 sium
502 1580 539 1622 si
579 1580 662 1622 ista
703 1581 902 1622 uxoris
945 1593 1048 1623 voce
1090 1579 1324 1636 significari
1364 1593 1533 1622 mecum
1576 1579 1820 1636 credideris,

318 1669 430 1699 nova
476 1658 700 1699 accesserit
751 1657 910 1714 elegiae
957 1662 998 1700 et
1044 1671 1130 1700 non
1178 1659 1322 1714 inepta
1368 1657 1590 1712 acerbitas)
1643 1657 1817 1713 „habet;

318 1731 491 1776 Medeae
532 1736 573 1776 te
616 1738 759 1776 manet
801 1747 906 1789 sors,
937 1747 1037 1791 prae
1072 1733 1232 1777 Creusa
1263 1735 1346 1777 ista
1377 1738 1425 1777 tu
1457 1735 1743 1778 contemneris
1777 1738 1819 1778 et

318 1808 431 1852 foras
462 1810 594 1852 eiecta
623 1810 831 1865 plorabis;
871 1811 937 1853 sin
969 1823 1138 1854 mecum
1170 1812 1216 1853 in
1247 1795 1427 1867 gratiam
1458 1810 1632 1866 redibis,
1732 1794 1737 1797 ,

496 1919 585 1962 Nos
616 1933 876 1975 quocunque
906 1920 1011 1976 loco,
1043 1933 1122 1963 nos
1154 1920 1272 1962 omni
1302 1923 1492 1975 tempore
1525 1922 1671 1962 tecum

556 1995 655 2038 Sive
687 2009 811 2052 aegra
841 1997 1010 2052 pariter,
1041 1997 1132 2039 sive
1164 1996 1332 2039 valente
1359 1993 1552 2038 sumus.''

320 2113 393 2156 Nil
423 2113 505 2156 sibi
535 2115 581 2156 in
608 2115 811 2157 miserum
840 2119 1070 2158 amatorem
1098 2129 1184 2157 non
1212 2115 1339 2157 licere
1355 2114 1533 2157 credens
1549 2113 1822 2170 impudenter

322 2203 419 2233 eum
453 2191 607 2247 decipit
637 2195 678 2233 et
707 2191 963 2245 frustratum
996 2205 1050 2235 ne
1076 2192 1313 2247 periurium
1343 2191 1516 2247 quidem
1543 2191 1676 2244 timet,
1700 2190 1822 2233 novit

322 2268 436 2309 enim
467 2268 742 2323 promittenti,
773 2267 1013 2322 affirmanti,
1040 2269 1202 2310 iuranti
1232 2267 1314 2311 sibi
1338 2267 1461 2309 illum
1481 2267 1679 2322 quamvis
1696 2278 1822 2323 saepe

324 2343 510 2386 derisum
543 2357 629 2386 non
661 2344 832 2386 credere
864 2358 949 2386 non
981 2357 1116 2400 posse.
1150 2344 1249 2400 Ipse
1279 2344 1360 2386 hoc
1391 2346 1571 2386 testatur
1595 2343 1663 2386 his
1690 2342 1821 2386 versi-

324 2419 432 2462 culis
465 2419 500 2475 Ι,
536 2421 603 2474 15,
636 2421 691 2462 33
730 2433 845 2476 sqq.:

502 2529 609 2571 Nam
644 2530 748 2571 mihi
780 2543 834 2572 ne
866 2530 971 2573 viles
1002 2531 1073 2573 isti
1106 2531 1334 2574 videantur
1365 2530 1499 2585 ocelli,

562 2606 644 2648 Per
677 2619 785 2662 quos
817 2619 941 2662 saepe
972 2607 1074 2648 mihi
1108 2607 1267 2650 credita
1298 2606 1538 2663 perfidiast!

503 2680 594 2723 Hos
627 2686 673 2724 tu
705 2683 889 2737 iurabas,
921 2683 1064 2739 siquid
1098 2684 1274 2726 mentita
1299 2683 1468 2738 fuisses,

564 2757 620 2799 Ut
650 2758 727 2799 tibi
760 2760 990 2814 suppositis
1009 2759 1266 2822 *exciderent
1298 2759 1508 2801 manibus.

997 2823 1017 2850 ι

387 2873 508 2923 Quod
555 2878 697 2916 autem
741 2888 886 2918 omnes
928 2876 1085 2919 habent
1128 2877 1417 2932 mulierculae,
1458 2890 1512 2919 ne
1542 2876 1615 2918 illo
1648 2875 1820 2932 quidem
