2034 3334
977 237 1035 282 38

213 361 318 405 olim
362 376 446 405 uno
488 361 707 418 alteroque
748 359 955 404 afferendo
987 359 1079 403 loco
1110 361 1197 403 iam
1228 359 1437 404 indicavit
1467 359 1728 404 Ribbeckius
1756 358 1805 403 in

208 431 496 489 pulcherrimo
538 431 646 474 libro
688 431 739 474 de
770 430 964 474 Romana
998 430 1239 488 tragoedia,
1273 445 1410 489 nuper
1438 445 1539 474 vero
1570 427 1804 473 Ehwaldus

207 504 524 547 accuratissime
567 502 895 557 doctissimeque
937 500 1176 544 illustravit
1216 503 1392 559 egregio
1433 501 1511 545 illo
1555 501 1606 544 ad
1648 498 1804 544 ΧΝΜΙΙΙ

208 573 397 616 Heroida
436 573 741 615 commentario
763 571 807 625 ¹).
857 571 914 614 Et
953 573 1049 628 quis
1092 573 1265 615 omnino
1307 571 1359 615 de
1400 572 1479 616 hac
1521 586 1565 615 re
1608 571 1804 614 dubitare

207 646 340 701 possit
380 658 479 687 cum
521 644 602 686 sibi
635 657 741 699 quae
774 643 825 685 de
858 641 1002 685 Ovidii
1033 642 1186 686 Medea
1216 647 1318 686 sunt
1349 643 1506 686 tradita
1535 644 1578 686 in
1612 645 1804 687 mentem

206 712 404 758 revocet?
447 714 552 767 Quis
593 728 676 757 non
718 718 898 769 spectare
939 714 1020 756 sibi
1054 714 1243 757 Procnen
1277 713 1674 771 Philomelamque,
1707 713 1804 770 quis

207 800 290 828 non
322 787 525 828 nuntium
557 787 773 842 tragicum
806 785 857 828 de
888 790 1026 828 morte
1057 784 1270 843 Meleagri
1296 785 1609 829 avunculorum
1637 799 1807 827 nav-rw

209 862 283 900 tem
315 857 459 899 audire
490 854 690 900 videtur?

452 927 594 984 thue
626 930 716 970 erat
746 928 977 983 impatiens
1010 927 1120 978 irae,
1155 925 1301 984 Sigeia
1334 930 1458 970 torvo

452 998 597 1041 Litora
629 999 816 1055 respexit
847 996 1110 1053 classemque
1141 999 1186 1040 in
1218 997 1345 1041 litore
1376 996 1524 1050 vultu,

449 1068 761 1125 Intendensque
792 1082 944 1111 manus
976 1082 1011 1111 e.
1031 1082 1070 1124 q.
1089 1082 1122 1111 s.

207 1139 380 1191 Talem,
423 1143 473 1182 ut
508 1141 669 1197 opinor,
704 1141 877 1182 Aiacem
909 1140 1200 1195 spectantibus
1231 1139 1486 1183 exhibuerat
1515 1140 1732 1183 Pacuvius
1760 1139 1806 1182 in

208 1213 414 1253 Armorum
444 1211 616 1253 Iudicio.
649 1210 705 1254 Et
737 1210 847 1267 quod
879 1210 930 1253 de
962 1209 1118 1268 Ulysse
1150 1212 1209 1253 sic
1240 1215 1384 1254 narrat
1413 1209 1615 1254 Ovidius:

1091 1281 1288 1324 Laertius
1320 1281 1443 1324 heros

451 1353 603 1395 Astitit
634 1356 762 1408 atque
794 1351 940 1394 oculos
972 1351 1152 1408 paulum
1185 1351 1340 1395 tellure
1374 1357 1561 1396 moratos

445 1421 635 1466 Sustulit
667 1422 719 1465 ad
751 1436 943 1479 proceres
975 1427 1303 1479 exspectatoque
1334 1422 1512 1466 resolvit

452 1492 536 1536 Ora
566 1507 666 1536 sono

208 1579 291 1608 non
323 1564 553 1608 Homerica
583 1563 660 1607 illa

449 1634 646 1676 ’στάσκεν
674 1634 774 1675 ὑπαὶ
804 1633 845 1676 δὲ
874 1634 1039 1676 ’daem
1068 1634 1182 1676 κατὰ
1208 1634 1351 1688 χθονὸς
1378 1634 1557 1686 ὄμματα
1585 1632 1725 1685 πήξας

208 1710 274 1749 et:
456 1706 554 1747 ἀλλ’
587 1701 655 1746 ὅτε
690 1704 734 1752 δὴ
768 1704 870 1747 νότοι
904 1721 950 1746 τε
985 1706 1182 1755 μεγάλην
1219 1706 1261 1747 ἐκ
1295 1706 1461 1754 στήθεος
1494 1702 1542 1748 ἵει

207 1781 373 1820 vertere
418 1775 603 1826 videtur,
646 1774 719 1818 sed
760 1776 902 1831 potius
944 1775 1081 1818 redire
1127 1778 1169 1818 in
1219 1778 1467 1819 memoriam
1513 1775 1681 1819 fabulae
1723 1775 1806 1819 sibi

207 1850 441 1904 spectatae,
474 1847 597 1888 cuius
629 1849 753 1901 poeta
783 1844 989 1903 Ulyssem
1021 1860 1149 1888 suum
1176 1846 1228 1889 acl
1254 1860 1403 1889 versus
1428 1845 1527 1890 illos
1554 1846 1806 1891 Homericos

207 1916 608 1961 accommodaverit.

266 1988 331 2031 Ad
359 1987 559 2030 Medeam
577 2001 678 2030 vero
697 1986 807 2043 quod
824 1988 998 2038 attinet,
1017 2001 1154 2030 nonne
1172 1987 1274 2030 haec
1290 1987 1483 2040 (Heroid.
1503 1987 1600 2040 XII,
1622 1986 1704 2031 181
1724 1992 1805 2046 sq.)

205 2059 420 2117 legentes:

447 2130 563 2173 Dum
595 2130 756 2173 ferrum
787 2129 1070 2186 flammaeque
1101 2129 1281 2173 aderunt
1312 2144 1523 2187 sucusque
1554 2132 1726 2183 veneni,

509 2200 659 2243 Hostis
692 2200 868 2243 Medeae
899 2200 1046 2243 nullus
1076 2200 1243 2243 inultus
1275 2202 1358 2244 erit

202 2271 378 2315 eandem
425 2271 549 2314 illam
597 2273 870 2328 agnoscimus
918 2285 1048 2328 quam
1096 2271 1208 2328 apud
1255 2271 1508 2328 Euripidem
1555 2271 1804 2316 audivimus

203 2344 464 2385 minantem:

509 2413 552 2454 οὐ
586 2414 670 2463 γὰρ
702 2413 766 2462 μὰ
799 2413 871 2461 την
904 2413 1118 2456 δέσποιναν
1150 2411 1196 2463 ἣν
1229 2414 1309 2464 ἐγὼ
1343 2413 1454 2462 σέβω

508 2482 703 2530 μάλιστα
735 2485 901 2526 πάντων
934 2484 1004 2526 καὶ
1038 2483 1227 2535 ξυνεργὸν
1259 2483 1444 2535 εἱλόμην,

512 2554 690 2602 Ἑκάτην
723 2559 877 2607 μυχοῖς
909 2555 1101 2597 ναίουσαν
1135 2555 1278 2602 ἑστίας
1311 2554 1437 2605 ἐμῆς,

509 2626 664 2675 χαίρων
697 2641 755 2671 τις
792 2627 926 2667 αὐτῶν
959 2626 1108 2675 τούμὸν
1140 2628 1319 2676 ἀλγυνεῑ
1350 2624 1461 2676 κέαρ.

204 2693 286 2736 Sed
326 2699 505 2748 possunt
536 2694 587 2736 ad
621 2695 727 2737 hanc
759 2709 851 2737 rem
884 2695 1258 2738 demonstrandam
1291 2698 1487 2738 sexcenta
1519 2708 1541 2736 e
1571 2693 1802 2736 Metamor-

204 2764 402 2819 phosesin
449 2764 586 2806 afferri
633 2765 852 2821 exempla,
903 2780 1010 2822 quae
1059 2768 1202 2823 quivis
1243 2764 1377 2809 semel
1418 2766 1607 2807 monitus
1650 2765 1799 2806 statim

251 2944 283 2982 1)
315 2945 352 2976 R.
387 2944 526 2975 Ehwald.
559 2945 780 2985 Exegetischer
807 2947 1015 2978 Kommentar
1038 2956 1093 2978 zur
1118 2946 1195 2978 XIV
1221 2945 1360 2978 Heroide
1383 2945 1483 2976 Ovids
1507 2944 1613 2976 Gotha
1638 2943 1724 2975 1900
1749 2944 1796 2986 (in

206 2998 445 3039 Programmate
468 2999 631 3038 Gymnasii
654 2998 844 3040 Ernestini).
