<?xml version="1.0" encoding="UTF-8"?>
<!DOCTYPE html PUBLIC "-//W3C//DTD XHTML 1.0 Transitional//EN"
    "http://www.w3.org/TR/xhtml1/DTD/xhtml1-transitional.dtd">
<html xmlns="http://www.w3.org/1999/xhtml" xml:lang="en" lang="en">
 <head>
  <title>
</title>
<meta http-equiv="Content-Type" content="text/html;charset=utf-8" />
  <meta name='ocr-system' content='tesseract 3.04.00' />
  <meta name='ocr-capabilities' content='ocr_page ocr_carea ocr_par ocr_line ocrx_word'/>
</head>
<body>
  <div class='ocr_page' id='page_1' title='image "./dehoratiopota00hartuoft_0615.png"; bbox 0 0 2034 3334; ppageno 0'>
   <div class='ocr_carea' id='block_1_1' title="bbox 0 0 97 3334">
    <p class='ocr_par' dir='ltr' id='par_1_1' title="bbox 0 0 97 3334">
     <span class='ocr_line' id='line_1_1' title="bbox 0 0 97 3334; baseline 0 0"><span class='ocrx_word' id='word_1_1' title='bbox 0 0 97 3334; x_wconf 95' lang='lat' dir='ltr'> </span> 
     </span>
    </p>
   </div>
   <div class='ocr_carea' id='block_1_2' title="bbox 1012 391 1093 429">
    <p class='ocr_par' dir='ltr' id='par_1_2' title="bbox 1012 391 1093 429">
     <span class='ocr_line' id='line_1_2' title="bbox 1012 391 1093 429; baseline -0.012 0"><span class='ocrx_word' id='word_1_2' title='bbox 1012 391 1093 429; x_wconf 81' lang='lat'>231</span> 
     </span>
    </p>
   </div>
   <div class='ocr_carea' id='block_1_3' title="bbox 263 514 1855 2387">
    <p class='ocr_par' dir='ltr' id='par_1_3' title="bbox 269 514 1836 791">
     <span class='ocr_line' id='line_1_3' title="bbox 272 514 1836 565; baseline 0.003 -13"><span class='ocrx_word' id='word_1_3' title='bbox 272 514 457 553; x_wconf 88' lang='lat' dir='ltr'>adiutus.</span> <span class='ocrx_word' id='word_1_4' title='bbox 501 514 580 564; x_wconf 79' lang='lat' dir='ltr'>Qui</span> <span class='ocrx_word' id='word_1_5' title='bbox 622 515 738 553; x_wconf 90' lang='lat' dir='ltr'>enim</span> <span class='ocrx_word' id='word_1_6' title='bbox 779 515 981 554; x_wconf 88' lang='lat' dir='ltr'>libertum</span> <span class='ocrx_word' id='word_1_7' title='bbox 1022 515 1196 555; x_wconf 82' lang='lat' dir='ltr'>finxerit</span> <span class='ocrx_word' id='word_1_8' title='bbox 1233 517 1364 555; x_wconf 90' lang='lat' dir='ltr'>etiam</span> <span class='ocrx_word' id='word_1_9' title='bbox 1396 518 1625 565; x_wconf 86' lang='lat' dir='ltr'>patronum</span> <span class='ocrx_word' id='word_1_10' title='bbox 1657 517 1836 556; x_wconf 84' lang='lat' dir='ltr'>finxisse</span> 
     </span>
     <span class='ocr_line' id='line_1_4' title="bbox 273 590 1836 643; baseline 0.002 -14"><span class='ocrx_word' id='word_1_11' title='bbox 273 590 511 637; x_wconf 76' lang='lat' dir='ltr'>censendus</span> <span class='ocrx_word' id='word_1_12' title='bbox 558 593 636 640; x_wconf 89' lang='lat' dir='ltr'>est,</span> <span class='ocrx_word' id='word_1_13' title='bbox 686 591 880 639; x_wconf 88' lang='lat' dir='ltr'>aliusque</span> <span class='ocrx_word' id='word_1_14' title='bbox 926 591 1008 631; x_wconf 85' lang='lat' dir='ltr'>fuit</span> <span class='ocrx_word' id='word_1_15' title='bbox 1054 592 1267 631; x_wconf 90' lang='lat' dir='ltr'>sermonis</span> <span class='ocrx_word' id='word_1_16' title='bbox 1314 593 1406 631; x_wconf 91' lang='lat' dir='ltr'>eius</span> <span class='ocrx_word' id='word_1_17' title='bbox 1453 593 1578 643; x_wconf 87' lang='lat' dir='ltr'>color,</span> <span class='ocrx_word' id='word_1_18' title='bbox 1622 604 1751 642; x_wconf 90' lang='lat' dir='ltr'>quem</span> <span class='ocrx_word' id='word_1_19' title='bbox 1791 594 1836 632; x_wconf 92' lang='grc'>111</span> 
     </span>
     <span class='ocr_line' id='line_1_5' title="bbox 270 665 1835 718; baseline 0.003 -14"><span class='ocrx_word' id='word_1_20' title='bbox 270 665 491 705; x_wconf 74' lang='lat' dir='ltr'>Perinthia</span> <span class='ocrx_word' id='word_1_21' title='bbox 533 677 632 705; x_wconf 88' lang='lat' dir='ltr'>curn</span> <span class='ocrx_word' id='word_1_22' title='bbox 663 677 797 706; x_wconf 91' lang='lat' dir='ltr'>uxore</span> <span class='ocrx_word' id='word_1_23' title='bbox 828 667 979 706; x_wconf 88' lang='lat' dir='ltr'>habuit</span> <span class='ocrx_word' id='word_1_24' title='bbox 1009 678 1155 717; x_wconf 80' lang='lat' dir='ltr'>senex,</span> <span class='ocrx_word' id='word_1_25' title='bbox 1189 669 1317 716; x_wconf 91' lang='lat' dir='ltr'>atque</span> <span class='ocrx_word' id='word_1_26' title='bbox 1349 669 1476 707; x_wconf 91' lang='lat' dir='ltr'>huius</span> <span class='ocrx_word' id='word_1_27' title='bbox 1509 670 1586 718; x_wconf 88' lang='lat' dir='ltr'>est,</span> <span class='ocrx_word' id='word_1_28' title='bbox 1621 670 1693 717; x_wconf 91' lang='lat' dir='ltr'>qui</span> <span class='ocrx_word' id='word_1_29' title='bbox 1724 669 1835 708; x_wconf 88' lang='lat' dir='ltr'>inter</span> 
     </span>
     <span class='ocr_line' id='line_1_6' title="bbox 269 739 1092 791; baseline 0.004 -11"><span class='ocrx_word' id='word_1_30' title='bbox 269 742 500 790; x_wconf 89' lang='lat' dir='ltr'>patronum</span> <span class='ocrx_word' id='word_1_31' title='bbox 531 743 713 782; x_wconf 87' lang='lat' dir='ltr'>habetur</span> <span class='ocrx_word' id='word_1_32' title='bbox 743 743 1030 791; x_wconf 74' lang='lat' dir='ltr'>libertumque</span> <span class='ocrx_word' id='word_1_33' title='bbox 1051 739 1092 789; x_wconf 87' lang='lat'>¹).</span> 
     </span>
    </p>

    <p class='ocr_par' dir='ltr' id='par_1_4' title="bbox 263 818 1855 2387">
     <span class='ocr_line' id='line_1_7' title="bbox 329 818 1836 869; baseline 0.001 -12"><span class='ocrx_word' id='word_1_34' title='bbox 329 818 476 857; x_wconf 87' lang='lat' dir='ltr'>Unum</span> <span class='ocrx_word' id='word_1_35' title='bbox 518 820 651 858; x_wconf 88' lang='lat' dir='ltr'>etiam</span> <span class='ocrx_word' id='word_1_36' title='bbox 693 820 800 858; x_wconf 89' lang='lat' dir='ltr'>addo</span> <span class='ocrx_word' id='word_1_37' title='bbox 843 820 965 869; x_wconf 90' lang='lat' dir='ltr'>quod,</span> <span class='ocrx_word' id='word_1_38' title='bbox 1009 821 1058 859; x_wconf 88' lang='lat' dir='ltr'>ut</span> <span class='ocrx_word' id='word_1_39' title='bbox 1089 820 1248 869; x_wconf 88' lang='lat' dir='ltr'>opinor,</span> <span class='ocrx_word' id='word_1_40' title='bbox 1284 821 1539 859; x_wconf 89' lang='lat' dir='ltr'>documento</span> <span class='ocrx_word' id='word_1_41' title='bbox 1573 830 1667 859; x_wconf 91' lang='lat' dir='ltr'>esse</span> <span class='ocrx_word' id='word_1_42' title='bbox 1699 821 1836 869; x_wconf 86' lang='lat' dir='ltr'>possit</span> 
     </span>
     <span class='ocr_line' id='line_1_8' title="bbox 269 894 1855 943; baseline 0.002 -10"><span class='ocrx_word' id='word_1_43' title='bbox 269 894 508 943; x_wconf 89' lang='lat' dir='ltr'>indicioque</span> <span class='ocrx_word' id='word_1_44' title='bbox 550 905 635 934; x_wconf 91' lang='lat' dir='ltr'>non</span> <span class='ocrx_word' id='word_1_45' title='bbox 672 896 937 935; x_wconf 76' lang='lat' dir='ltr'>imitatorem</span> <span class='ocrx_word' id='word_1_46' title='bbox 969 896 1039 935; x_wconf 89' lang='lat' dir='ltr'>hic</span> <span class='ocrx_word' id='word_1_47' title='bbox 1069 896 1203 935; x_wconf 84' lang='lat' dir='ltr'>fuisse</span> <span class='ocrx_word' id='word_1_48' title='bbox 1235 896 1485 935; x_wconf 85' lang='lat' dir='ltr'>Terentium</span> <span class='ocrx_word' id='word_1_49' title='bbox 1517 897 1676 935; x_wconf 87' lang='lat' dir='ltr'>nedum</span> <span class='ocrx_word' id='word_1_50' title='bbox 1708 898 1855 938; x_wconf 75' lang='lat' dir='ltr'>inter-,</span> 
     </span>
     <span class='ocr_line' id='line_1_9' title="bbox 268 972 1835 1020; baseline 0.002 -11"><span class='ocrx_word' id='word_1_51' title='bbox 268 972 448 1020; x_wconf 80' lang='lat' dir='ltr'>pretem,</span> <span class='ocrx_word' id='word_1_52' title='bbox 493 972 687 1019; x_wconf 89' lang='lat' dir='ltr'>quodque</span> <span class='ocrx_word' id='word_1_53' title='bbox 723 972 827 1010; x_wconf 88' lang='lat' dir='ltr'>illud</span> <span class='ocrx_word' id='word_1_54' title='bbox 860 972 1016 1010; x_wconf 88' lang='lat' dir='ltr'>melius</span> <span class='ocrx_word' id='word_1_55' title='bbox 1049 972 1182 1010; x_wconf 87' lang='lat' dir='ltr'>etiam</span> <span class='ocrx_word' id='word_1_56' title='bbox 1215 982 1343 1020; x_wconf 89' lang='lat' dir='ltr'>quam</span> <span class='ocrx_word' id='word_1_57' title='bbox 1377 973 1518 1011; x_wconf 89' lang='lat' dir='ltr'>cetera</span> <span class='ocrx_word' id='word_1_58' title='bbox 1549 972 1695 1011; x_wconf 88' lang='lat' dir='ltr'>omnia</span> <span class='ocrx_word' id='word_1_59' title='bbox 1727 983 1835 1020; x_wconf 87' lang='lat' dir='ltr'>quae</span> 
     </span>
     <span class='ocr_line' id='line_1_10' title="bbox 268 1047 1832 1098; baseline 0.001 -12"><span class='ocrx_word' id='word_1_60' title='bbox 268 1047 383 1086; x_wconf 86' lang='lat' dir='ltr'>dicta</span> <span class='ocrx_word' id='word_1_61' title='bbox 413 1047 633 1095; x_wconf 89' lang='lat' dir='ltr'>hucusque</span> <span class='ocrx_word' id='word_1_62' title='bbox 665 1049 768 1086; x_wconf 86' lang='lat' dir='ltr'>sunt</span> <span class='ocrx_word' id='word_1_63' title='bbox 799 1048 961 1086; x_wconf 88' lang='lat' dir='ltr'>doceat.</span> <span class='ocrx_word' id='word_1_64' title='bbox 997 1047 1075 1096; x_wconf 79' lang='lat' dir='ltr'>Qui</span> <span class='ocrx_word' id='word_1_65' title='bbox 1102 1048 1218 1086; x_wconf 91' lang='lat' dir='ltr'>enim</span> <span class='ocrx_word' id='word_1_66' title='bbox 1245 1048 1296 1086; x_wconf 93' lang='lat' dir='ltr'>de</span> <span class='ocrx_word' id='word_1_67' title='bbox 1325 1047 1485 1087; x_wconf 85' lang='lat' dir='ltr'>Graeco</span> <span class='ocrx_word' id='word_1_68' title='bbox 1511 1048 1662 1086; x_wconf 82' lang='lat' dir='ltr'>Latine</span> <span class='ocrx_word' id='word_1_69' title='bbox 1689 1049 1832 1098; x_wconf 84' lang='lat' dir='ltr'>vertit,</span> 
     </span>
     <span class='ocr_line' id='line_1_11' title="bbox 267 1123 1832 1174; baseline 0.001 -12"><span class='ocrx_word' id='word_1_70' title='bbox 267 1123 337 1162; x_wconf 89' lang='lat' dir='ltr'>vel</span> <span class='ocrx_word' id='word_1_71' title='bbox 379 1123 590 1162; x_wconf 83' lang='lat' dir='ltr'>Graecum</span> <span class='ocrx_word' id='word_1_72' title='bbox 633 1124 855 1172; x_wconf 89' lang='lat' dir='ltr'>exemplar</span> <span class='ocrx_word' id='word_1_73' title='bbox 895 1124 1046 1162; x_wconf 88' lang='lat' dir='ltr'>Latine</span> <span class='ocrx_word' id='word_1_74' title='bbox 1089 1124 1251 1162; x_wconf 90' lang='lat' dir='ltr'>imitari</span> <span class='ocrx_word' id='word_1_75' title='bbox 1283 1125 1473 1173; x_wconf 91' lang='lat' dir='ltr'>conatur,</span> <span class='ocrx_word' id='word_1_76' title='bbox 1508 1123 1557 1174; x_wconf 92' lang='lat' dir='ltr'>is,</span> <span class='ocrx_word' id='word_1_77' title='bbox 1591 1125 1640 1163; x_wconf 92' lang='lat' dir='ltr'>ut</span> <span class='ocrx_word' id='word_1_78' title='bbox 1671 1124 1832 1173; x_wconf 89' lang='lat' dir='ltr'>opinor,</span> 
     </span>
     <span class='ocr_line' id='line_1_12' title="bbox 268 1199 1832 1248; baseline 0.001 -10"><span class='ocrx_word' id='word_1_79' title='bbox 268 1210 443 1248; x_wconf 85' lang='lat' dir='ltr'>operam</span> <span class='ocrx_word' id='word_1_80' title='bbox 485 1200 603 1239; x_wconf 86' lang='lat' dir='ltr'>dabit</span> <span class='ocrx_word' id='word_1_81' title='bbox 643 1201 691 1238; x_wconf 91' lang='lat' dir='ltr'>ut</span> <span class='ocrx_word' id='word_1_82' title='bbox 732 1201 879 1239; x_wconf 90' lang='lat' dir='ltr'>omnia</span> <span class='ocrx_word' id='word_1_83' title='bbox 919 1200 1007 1238; x_wconf 90' lang='lat' dir='ltr'>sint</span> <span class='ocrx_word' id='word_1_84' title='bbox 1049 1210 1179 1247; x_wconf 90' lang='lat' dir='ltr'>quam</span> <span class='ocrx_word' id='word_1_85' title='bbox 1213 1200 1437 1238; x_wconf 86' lang='lat' dir='ltr'>levissima</span> <span class='ocrx_word' id='word_1_86' title='bbox 1467 1199 1832 1248; x_wconf 86' lang='lat' dir='ltr'>politissimaque;</span> 
     </span>
     <span class='ocr_line' id='line_1_13' title="bbox 267 1275 1835 1324; baseline 0 -10"><span class='ocrx_word' id='word_1_87' title='bbox 267 1275 449 1324; x_wconf 86' lang='lat' dir='ltr'>singulis</span> <span class='ocrx_word' id='word_1_88' title='bbox 486 1276 707 1315; x_wconf 87' lang='lat' dir='ltr'>vocabulis</span> <span class='ocrx_word' id='word_1_89' title='bbox 739 1275 967 1314; x_wconf 82' lang='lat' dir='ltr'>elimandis</span> <span class='ocrx_word' id='word_1_90' title='bbox 999 1277 1192 1314; x_wconf 87' lang='lat' dir='ltr'>mentem</span> <span class='ocrx_word' id='word_1_91' title='bbox 1225 1275 1454 1323; x_wconf 89' lang='lat' dir='ltr'>oculosque</span> <span class='ocrx_word' id='word_1_92' title='bbox 1486 1275 1613 1314; x_wconf 86' lang='lat' dir='ltr'>anxie</span> <span class='ocrx_word' id='word_1_93' title='bbox 1645 1276 1835 1314; x_wconf 84' lang='lat' dir='ltr'>intentos</span> 
     </span>
     <span class='ocr_line' id='line_1_14' title="bbox 267 1351 1834 1402; baseline 0 -11"><span class='ocrx_word' id='word_1_94' title='bbox 267 1353 452 1402; x_wconf 84' lang='lat' dir='ltr'>habebit,</span> <span class='ocrx_word' id='word_1_95' title='bbox 496 1363 580 1391; x_wconf 89' lang='lat' dir='ltr'>non</span> <span class='ocrx_word' id='word_1_96' title='bbox 622 1353 809 1401; x_wconf 85' lang='lat' dir='ltr'>patietur</span> <span class='ocrx_word' id='word_1_97' title='bbox 840 1352 1073 1400; x_wconf 87' lang='lat' dir='ltr'>quidquam</span> <span class='ocrx_word' id='word_1_98' title='bbox 1105 1353 1268 1390; x_wconf 89' lang='lat' dir='ltr'>restare</span> <span class='ocrx_word' id='word_1_99' title='bbox 1300 1351 1440 1400; x_wconf 88' lang='lat' dir='ltr'>asperi</span> <span class='ocrx_word' id='word_1_100' title='bbox 1471 1351 1736 1400; x_wconf 87' lang='lat' dir='ltr'>horridique:</span> <span class='ocrx_word' id='word_1_101' title='bbox 1765 1352 1834 1391; x_wconf 91' lang='lat' dir='ltr'>hic</span> 
     </span>
     <span class='ocr_line' id='line_1_15' title="bbox 267 1429 1832 1478; baseline -0.001 -10"><span class='ocrx_word' id='word_1_102' title='bbox 267 1430 396 1478; x_wconf 88' lang='lat' dir='ltr'>enim,</span> <span class='ocrx_word' id='word_1_103' title='bbox 431 1429 502 1468; x_wconf 90' lang='lat' dir='ltr'>hic</span> <span class='ocrx_word' id='word_1_104' title='bbox 532 1430 685 1468; x_wconf 89' lang='lat' dir='ltr'>unicus</span> <span class='ocrx_word' id='word_1_105' title='bbox 716 1429 836 1468; x_wconf 91' lang='lat' dir='ltr'>locus</span> <span class='ocrx_word' id='word_1_106' title='bbox 869 1430 935 1467; x_wconf 90' lang='lat' dir='ltr'>est</span> <span class='ocrx_word' id='word_1_107' title='bbox 961 1429 1032 1467; x_wconf 92' lang='lat' dir='ltr'>ubi</span> <span class='ocrx_word' id='word_1_108' title='bbox 1060 1429 1166 1467; x_wconf 90' lang='lat' dir='ltr'>artis</span> <span class='ocrx_word' id='word_1_109' title='bbox 1192 1429 1454 1477; x_wconf 85' lang='lat' dir='ltr'>peritiaeque</span> <span class='ocrx_word' id='word_1_110' title='bbox 1481 1438 1585 1467; x_wconf 87' lang='lat' dir='ltr'>suae</span> <span class='ocrx_word' id='word_1_111' title='bbox 1612 1429 1683 1467; x_wconf 89' lang='lat' dir='ltr'>det</span> <span class='ocrx_word' id='word_1_112' title='bbox 1710 1429 1832 1467; x_wconf 89' lang='lat' dir='ltr'>docu-</span> 
     </span>
     <span class='ocr_line' id='line_1_16' title="bbox 267 1504 1833 1554; baseline -0.001 -10"><span class='ocrx_word' id='word_1_113' title='bbox 267 1506 478 1544; x_wconf 88' lang='lat' dir='ltr'>mentum.</span> <span class='ocrx_word' id='word_1_114' title='bbox 523 1506 581 1544; x_wconf 89' lang='lat' dir='ltr'>At</span> <span class='ocrx_word' id='word_1_115' title='bbox 623 1505 743 1544; x_wconf 89' lang='lat' dir='ltr'>cuius</span> <span class='ocrx_word' id='word_1_116' title='bbox 786 1506 853 1543; x_wconf 90' lang='lat' dir='ltr'>est</span> <span class='ocrx_word' id='word_1_117' title='bbox 894 1504 1098 1554; x_wconf 90' lang='lat' dir='ltr'>inventi0,</span> <span class='ocrx_word' id='word_1_118' title='bbox 1142 1505 1179 1542; x_wconf 87' lang='grc'>15</span> <span class='ocrx_word' id='word_1_119' title='bbox 1221 1504 1507 1543; x_wconf 83' lang='lat' dir='ltr'>elocutionem</span> <span class='ocrx_word' id='word_1_120' title='bbox 1544 1514 1629 1542; x_wconf 92' lang='lat' dir='ltr'>non</span> <span class='ocrx_word' id='word_1_121' title='bbox 1660 1504 1833 1552; x_wconf 90' lang='lat' dir='ltr'>quidem</span> 
     </span>
     <span class='ocr_line' id='line_1_17' title="bbox 266 1580 1833 1630; baseline -0.001 -10"><span class='ocrx_word' id='word_1_122' title='bbox 266 1581 456 1630; x_wconf 86' lang='lat' dir='ltr'>negliget</span> <span class='ocrx_word' id='word_1_123' title='bbox 497 1582 572 1620; x_wconf 89' lang='lat' dir='ltr'>sed</span> <span class='ocrx_word' id='word_1_124' title='bbox 613 1582 760 1620; x_wconf 90' lang='lat' dir='ltr'>mente</span> <span class='ocrx_word' id='word_1_125' title='bbox 801 1580 997 1619; x_wconf 89' lang='lat' dir='ltr'>liberiore</span> <span class='ocrx_word' id='word_1_126' title='bbox 1038 1581 1082 1619; x_wconf 91' lang='lat' dir='ltr'>in</span> <span class='ocrx_word' id='word_1_127' title='bbox 1124 1591 1174 1619; x_wconf 88' lang='lat' dir='ltr'>ea</span> <span class='ocrx_word' id='word_1_128' title='bbox 1215 1581 1479 1628; x_wconf 86' lang='lat' dir='ltr'>versabitur;</span> <span class='ocrx_word' id='word_1_129' title='bbox 1522 1580 1603 1619; x_wconf 90' lang='lat' dir='ltr'>hoc</span> <span class='ocrx_word' id='word_1_130' title='bbox 1644 1580 1760 1619; x_wconf 89' lang='lat' dir='ltr'>enim</span> <span class='ocrx_word' id='word_1_131' title='bbox 1795 1580 1833 1618; x_wconf 91' lang='lat' dir='ltr'>ei</span> 
     </span>
     <span class='ocr_line' id='line_1_18' title="bbox 266 1655 1830 1707; baseline -0.001 -10"><span class='ocrx_word' id='word_1_132' title='bbox 266 1659 333 1697; x_wconf 90' lang='lat' dir='ltr'>est</span> <span class='ocrx_word' id='word_1_133' title='bbox 378 1658 634 1707; x_wconf 87' lang='lat' dir='ltr'>primarium</span> <span class='ocrx_word' id='word_1_134' title='bbox 680 1659 729 1696; x_wconf 91' lang='lat' dir='ltr'>ut</span> <span class='ocrx_word' id='word_1_135' title='bbox 774 1658 1001 1696; x_wconf 85' lang='lat' dir='ltr'>inventum</span> <span class='ocrx_word' id='word_1_136' title='bbox 1047 1667 1175 1695; x_wconf 92' lang='lat' dir='ltr'>suum</span> <span class='ocrx_word' id='word_1_137' title='bbox 1222 1657 1362 1705; x_wconf 82' lang='lat' dir='ltr'>ipsam</span> <span class='ocrx_word' id='word_1_138' title='bbox 1408 1655 1566 1695; x_wconf 85' lang='lat' dir='ltr'>referat</span> <span class='ocrx_word' id='word_1_139' title='bbox 1605 1657 1830 1704; x_wconf 61' lang='lat' dir='ltr'>naturam</span> 
     </span>
     <span class='ocr_line' id='line_1_19' title="bbox 267 1732 1832 1783; baseline -0.001 -11"><span class='ocrx_word' id='word_1_140' title='bbox 267 1744 457 1783; x_wconf 88' lang='lat' dir='ltr'>quosque</span> <span class='ocrx_word' id='word_1_141' title='bbox 488 1734 559 1772; x_wconf 90' lang='lat' dir='ltr'>ille</span> <span class='ocrx_word' id='word_1_142' title='bbox 591 1733 789 1772; x_wconf 90' lang='lat' dir='ltr'>homines</span> <span class='ocrx_word' id='word_1_143' title='bbox 821 1733 1046 1780; x_wconf 88' lang='lat' dir='ltr'>loquentes</span> <span class='ocrx_word' id='word_1_144' title='bbox 1078 1733 1402 1781; x_wconf 85' lang='lat' dir='ltr'>disputantesve</span> <span class='ocrx_word' id='word_1_145' title='bbox 1429 1732 1603 1781; x_wconf 80' lang='lat' dir='ltr'>inducit,</span> <span class='ocrx_word' id='word_1_146' title='bbox 1631 1733 1681 1771; x_wconf 90' lang='lat' dir='ltr'>ut</span> <span class='ocrx_word' id='word_1_147' title='bbox 1706 1742 1832 1771; x_wconf 88' lang='lat' dir='ltr'>veros</span> 
     </span>
     <span class='ocr_line' id='line_1_20' title="bbox 265 1808 1831 1856; baseline -0.001 -8"><span class='ocrx_word' id='word_1_148' title='bbox 265 1819 468 1848; x_wconf 87' lang='lat' dir='ltr'>verorum</span> <span class='ocrx_word' id='word_1_149' title='bbox 500 1809 727 1848; x_wconf 89' lang='lat' dir='ltr'>hominum</span> <span class='ocrx_word' id='word_1_150' title='bbox 759 1809 946 1847; x_wconf 88' lang='lat' dir='ltr'>habeant</span> <span class='ocrx_word' id='word_1_151' title='bbox 977 1819 1120 1847; x_wconf 91' lang='lat' dir='ltr'>mores</span> <span class='ocrx_word' id='word_1_152' title='bbox 1152 1808 1457 1856; x_wconf 83' lang='lat' dir='ltr'>ingeniumque</span> <span class='ocrx_word' id='word_1_153' title='bbox 1486 1809 1614 1856; x_wconf 87' lang='lat' dir='ltr'>atque</span> <span class='ocrx_word' id='word_1_154' title='bbox 1640 1808 1831 1846; x_wconf 89' lang='lat' dir='ltr'>moribus</span> 
     </span>
     <span class='ocr_line' id='line_1_21' title="bbox 265 1883 1831 1934; baseline -0.001 -10"><span class='ocrx_word' id='word_1_155' title='bbox 265 1886 350 1925; x_wconf 90' lang='lat' dir='ltr'>illis</span> <span class='ocrx_word' id='word_1_156' title='bbox 391 1885 646 1934; x_wconf 89' lang='lat' dir='ltr'>ingenioque</span> <span class='ocrx_word' id='word_1_157' title='bbox 689 1884 992 1923; x_wconf 86' lang='lat' dir='ltr'>convenienter</span> <span class='ocrx_word' id='word_1_158' title='bbox 1033 1884 1274 1933; x_wconf 85' lang='lat' dir='ltr'>loquantur,</span> <span class='ocrx_word' id='word_1_159' title='bbox 1307 1884 1388 1923; x_wconf 92' lang='lat' dir='ltr'>hoc</span> <span class='ocrx_word' id='word_1_160' title='bbox 1419 1884 1641 1933; x_wconf 78' lang='lat' dir='ltr'>spectabit,</span> <span class='ocrx_word' id='word_1_161' title='bbox 1676 1883 1720 1921; x_wconf 91' lang='lat' dir='ltr'>in</span> <span class='ocrx_word' id='word_1_162' title='bbox 1751 1884 1831 1923; x_wconf 92' lang='lat' dir='ltr'>hoc</span> 
     </span>
     <span class='ocr_line' id='line_1_22' title="bbox 265 1960 1832 2002; baseline -0.002 0"><span class='ocrx_word' id='word_1_163' title='bbox 265 1973 312 2002; x_wconf 86' lang='lat' dir='ltr'>se</span> <span class='ocrx_word' id='word_1_164' title='bbox 354 1961 571 2001; x_wconf 81' lang='lat' dir='ltr'>exercebit</span> <span class='ocrx_word' id='word_1_165' title='bbox 612 1961 662 1999; x_wconf 90' lang='lat' dir='ltr'>de</span> <span class='ocrx_word' id='word_1_166' title='bbox 704 1960 859 1999; x_wconf 88' lang='lat' dir='ltr'>ceteris</span> <span class='ocrx_word' id='word_1_167' title='bbox 901 1960 1100 1999; x_wconf 87' lang='lat' dir='ltr'>omnibus</span> <span class='ocrx_word' id='word_1_168' title='bbox 1142 1960 1454 1999; x_wconf 21' lang='lat' dir='ltr'>securior.*1ta</span> <span class='ocrx_word' id='word_1_169' title='bbox 1495 1960 1631 1999; x_wconf 88' lang='lat' dir='ltr'>oratio</span> <span class='ocrx_word' id='word_1_170' title='bbox 1678 1960 1832 1999; x_wconf 89' lang='lat' dir='ltr'>evadet</span> 
     </span>
     <span class='ocr_line' id='line_1_23' title="bbox 263 2035 1831 2085; baseline -0.001 -9"><span class='ocrx_word' id='word_1_171' title='bbox 263 2038 380 2076; x_wconf 88' lang='lat' dir='ltr'>vitae</span> <span class='ocrx_word' id='word_1_172' title='bbox 422 2037 595 2085; x_wconf 88' lang='lat' dir='ltr'>quidem</span> <span class='ocrx_word' id='word_1_173' title='bbox 636 2035 889 2084; x_wconf 88' lang='lat' dir='ltr'>plenissima</span> <span class='ocrx_word' id='word_1_174' title='bbox 930 2036 1004 2074; x_wconf 88' lang='lat' dir='ltr'>sed</span> <span class='ocrx_word' id='word_1_175' title='bbox 1046 2045 1132 2073; x_wconf 87' lang='lat' dir='ltr'>non</span> <span class='ocrx_word' id='word_1_176' title='bbox 1168 2035 1296 2074; x_wconf 84' lang='lat' dir='ltr'>anxie</span> <span class='ocrx_word' id='word_1_177' title='bbox 1328 2035 1381 2074; x_wconf 88' lang='lat' dir='ltr'>ad</span> <span class='ocrx_word' id='word_1_178' title='bbox 1411 2045 1611 2074; x_wconf 87' lang='lat' dir='ltr'>normam</span> <span class='ocrx_word' id='word_1_179' title='bbox 1642 2035 1831 2084; x_wconf 89' lang='lat' dir='ltr'>aliquam</span> 
     </span>
     <span class='ocr_line' id='line_1_24' title="bbox 264 2110 1832 2162; baseline -0.001 -10"><span class='ocrx_word' id='word_1_180' title='bbox 264 2112 598 2162; x_wconf 86' lang='lat' dir='ltr'>grammaticam</span> <span class='ocrx_word' id='word_1_181' title='bbox 626 2112 780 2150; x_wconf 88' lang='lat' dir='ltr'>exacta</span> <span class='ocrx_word' id='word_1_182' title='bbox 806 2112 934 2158; x_wconf 88' lang='lat' dir='ltr'>atque</span> <span class='ocrx_word' id='word_1_183' title='bbox 962 2110 1145 2159; x_wconf 89' lang='lat' dir='ltr'>directa;</span> <span class='ocrx_word' id='word_1_184' title='bbox 1173 2110 1288 2149; x_wconf 90' lang='lat' dir='ltr'>haud</span> <span class='ocrx_word' id='word_1_185' title='bbox 1313 2121 1450 2159; x_wconf 88' lang='lat' dir='ltr'>pauca</span> <span class='ocrx_word' id='word_1_186' title='bbox 1475 2111 1519 2149; x_wconf 91' lang='grc'>111</span> <span class='ocrx_word' id='word_1_187' title='bbox 1541 2121 1592 2149; x_wconf 91' lang='lat' dir='ltr'>ea</span> <span class='ocrx_word' id='word_1_188' title='bbox 1608 2111 1832 2150; x_wconf 89' lang='lat' dir='ltr'>restabunt</span> 
     </span>
     <span class='ocr_line' id='line_1_25' title="bbox 266 2181 1830 2236; baseline -0.001 -10"><span class='ocrx_word' id='word_1_189' title='bbox 266 2187 589 2236; x_wconf 89' lang='lat' dir='ltr'>horridiuscula,</span> <span class='ocrx_word' id='word_1_190' title='bbox 633 2187 810 2236; x_wconf 89' lang='lat' dir='ltr'>hiantia,</span> <span class='ocrx_word' id='word_1_191' title='bbox 854 2181 1153 2234; x_wconf 81' lang='lat' dir='ltr'>discrepantia.</span> <span class='ocrx_word' id='word_1_192' title='bbox 1197 2186 1337 2234; x_wconf 88' lang='lat' dir='ltr'>Atque</span> <span class='ocrx_word' id='word_1_193' title='bbox 1380 2197 1435 2224; x_wconf 90' lang='lat' dir='ltr'>ex</span> <span class='ocrx_word' id='word_1_194' title='bbox 1466 2187 1546 2225; x_wconf 92' lang='lat' dir='ltr'>hoc</span> <span class='ocrx_word' id='word_1_195' title='bbox 1577 2197 1731 2235; x_wconf 86' lang='lat' dir='ltr'>genere</span> <span class='ocrx_word' id='word_1_196' title='bbox 1763 2186 1830 2225; x_wconf 86' lang='lat' dir='ltr'>ad-</span> 
     </span>
     <span class='ocr_line' id='line_1_26' title="bbox 264 2261 1828 2311; baseline -0.001 -9"><span class='ocrx_word' id='word_1_197' title='bbox 264 2264 443 2303; x_wconf 90' lang='lat' dir='ltr'>modum</span> <span class='ocrx_word' id='word_1_198' title='bbox 469 2263 632 2302; x_wconf 89' lang='lat' dir='ltr'>multos</span> <span class='ocrx_word' id='word_1_199' title='bbox 658 2272 819 2301; x_wconf 86' lang='lat' dir='ltr'>naevos</span> <span class='ocrx_word' id='word_1_200' title='bbox 845 2262 890 2300; x_wconf 91' lang='lat' dir='ltr'>in</span> <span class='ocrx_word' id='word_1_201' title='bbox 916 2262 1010 2310; x_wconf 88' lang='lat' dir='ltr'>ipsa</span> <span class='ocrx_word' id='word_1_202' title='bbox 1035 2261 1116 2300; x_wconf 90' lang='lat' dir='ltr'>hac</span> <span class='ocrx_word' id='word_1_203' title='bbox 1141 2262 1262 2310; x_wconf 87' lang='lat' dir='ltr'>parte</span> <span class='ocrx_word' id='word_1_204' title='bbox 1288 2261 1475 2300; x_wconf 90' lang='lat' dir='ltr'>Andriae</span> <span class='ocrx_word' id='word_1_205' title='bbox 1492 2262 1828 2311; x_wconf 83' lang='lat' dir='ltr'>observabimus,</span> 
     </span>
     <span class='ocr_line' id='line_1_27' title="bbox 265 2337 1829 2387; baseline -0.001 -8"><span class='ocrx_word' id='word_1_206' title='bbox 265 2351 351 2380; x_wconf 90' lang='lat' dir='ltr'>non</span> <span class='ocrx_word' id='word_1_207' title='bbox 393 2340 490 2379; x_wconf 87' lang='grc'><strong>11105</strong></span> <span class='ocrx_word' id='word_1_208' title='bbox 531 2339 703 2387; x_wconf 90' lang='lat' dir='ltr'>quidem</span> <span class='ocrx_word' id='word_1_209' title='bbox 745 2339 817 2386; x_wconf 92' lang='lat' dir='ltr'>qui</span> <span class='ocrx_word' id='word_1_210' title='bbox 853 2338 1047 2377; x_wconf 85' lang='lat' dir='ltr'>dedecori</span> <span class='ocrx_word' id='word_1_211' title='bbox 1079 2337 1118 2376; x_wconf 90' lang='lat' dir='ltr'>ei</span> <span class='ocrx_word' id='word_1_212' title='bbox 1149 2337 1237 2376; x_wconf 88' lang='lat' dir='ltr'>sint</span> <span class='ocrx_word' id='word_1_213' title='bbox 1268 2338 1343 2376; x_wconf 89' lang='lat' dir='ltr'>sed</span> <span class='ocrx_word' id='word_1_214' title='bbox 1375 2338 1446 2386; x_wconf 91' lang='lat' dir='ltr'>qui</span> <span class='ocrx_word' id='word_1_215' title='bbox 1477 2338 1599 2377; x_wconf 89' lang='lat' dir='ltr'>nobis</span> <span class='ocrx_word' id='word_1_216' title='bbox 1630 2339 1711 2377; x_wconf 92' lang='lat' dir='ltr'>hoc</span> <span class='ocrx_word' id='word_1_217' title='bbox 1741 2348 1829 2387; x_wconf 91' lang='lat' dir='ltr'>per-</span> 
     </span>
    </p>
   </div>
   <div class='ocr_carea' id='block_1_4' title="bbox 263 2578 1833 2928">
    <p class='ocr_par' dir='ltr' id='par_1_5' title="bbox 265 2578 1829 2668">
     <span class='ocr_line' id='line_1_28' title="bbox 305 2578 1829 2615; baseline -0.001 -6"><span class='ocrx_word' id='word_1_218' title='bbox 305 2582 325 2615; x_wconf 82' lang='grc'>1)</span> <span class='ocrx_word' id='word_1_219' title='bbox 351 2579 488 2609; x_wconf 84' lang='lat' dir='ltr'>Minime</span> <span class='ocrx_word' id='word_1_220' title='bbox 514 2580 569 2609; x_wconf 89' lang='lat' dir='ltr'>hic</span> <span class='ocrx_word' id='word_1_221' title='bbox 597 2579 830 2615; x_wconf 83' lang='lat' dir='ltr'>negligendum</span> <span class='ocrx_word' id='word_1_222' title='bbox 859 2580 945 2614; x_wconf 88' lang='lat' dir='ltr'>quod</span> <span class='ocrx_word' id='word_1_223' title='bbox 973 2579 1008 2608; x_wconf 88' lang='lat' dir='ltr'>in</span> <span class='ocrx_word' id='word_1_224' title='bbox 1036 2579 1109 2608; x_wconf 82' lang='lat' dir='ltr'>vita</span> <span class='ocrx_word' id='word_1_225' title='bbox 1139 2579 1282 2608; x_wconf 82' lang='lat' dir='ltr'>Terentii</span> <span class='ocrx_word' id='word_1_226' title='bbox 1309 2579 1432 2614; x_wconf 84' lang='lat' dir='ltr'>legitur</span> <span class='ocrx_word' id='word_1_227' title='bbox 1451 2579 1490 2607; x_wconf 88' lang='lat' dir='ltr'>de</span> <span class='ocrx_word' id='word_1_228' title='bbox 1510 2578 1661 2608; x_wconf 82' lang='lat' dir='ltr'>Terentio</span> <span class='ocrx_word' id='word_1_229' title='bbox 1681 2579 1829 2608; x_wconf 73' lang='lat' dir='ltr'>rabulam</span> 
     </span>
     <span class='ocr_line' id='line_1_29' title="bbox 265 2631 1200 2668; baseline -0.002 -6"><span class='ocrx_word' id='word_1_230' title='bbox 265 2633 426 2662; x_wconf 80' lang='lat' dir='ltr'>recitante</span> <span class='ocrx_word' id='word_1_231' title='bbox 446 2633 584 2662; x_wconf 86' lang='lat' dir='ltr'>Caecilio</span> <span class='ocrx_word' id='word_1_232' title='bbox 605 2633 639 2662; x_wconf 87' lang='lat' dir='ltr'>et</span> <span class='ocrx_word' id='word_1_233' title='bbox 662 2634 739 2668; x_wconf 88' lang='lat' dir='ltr'>post</span> <span class='ocrx_word' id='word_1_234' title='bbox 756 2640 879 2668; x_wconf 82' lang='lat' dir='ltr'>paucos</span> <span class='ocrx_word' id='word_1_235' title='bbox 898 2639 1016 2661; x_wconf 88' lang='lat' dir='ltr'>versus</span> <span class='ocrx_word' id='word_1_236' title='bbox 1034 2631 1200 2667; x_wconf 81' lang='lat' dir='ltr'>placente:</span> 
     </span>
    </p>

    <p class='ocr_par' dir='ltr' id='par_1_6' title="bbox 263 2683 1833 2928">
     <span class='ocr_line' id='line_1_30' title="bbox 301 2683 1830 2723; baseline -0.001 -9"><span class='ocrx_word' id='word_1_237' title='bbox 301 2685 479 2723; x_wconf 85' lang='lat' dir='ltr'>„Andriam</span> <span class='ocrx_word' id='word_1_238' title='bbox 515 2692 617 2719; x_wconf 90' lang='lat' dir='ltr'>quum</span> <span class='ocrx_word' id='word_1_239' title='bbox 649 2685 811 2713; x_wconf 86' lang='lat' dir='ltr'>aedilibus</span> <span class='ocrx_word' id='word_1_240' title='bbox 839 2684 942 2721; x_wconf 87' lang='lat' dir='ltr'>daret,</span> <span class='ocrx_word' id='word_1_241' title='bbox 971 2685 1085 2713; x_wconf 87' lang='lat' dir='ltr'>iussus</span> <span class='ocrx_word' id='word_1_242' title='bbox 1114 2685 1192 2713; x_wconf 86' lang='lat' dir='ltr'>ante</span> <span class='ocrx_word' id='word_1_243' title='bbox 1220 2684 1359 2713; x_wconf 83' lang='lat' dir='ltr'>Caecilio</span> <span class='ocrx_word' id='word_1_244' title='bbox 1387 2684 1534 2719; x_wconf 85' lang='lat' dir='ltr'>recitare,</span> <span class='ocrx_word' id='word_1_245' title='bbox 1564 2683 1605 2712; x_wconf 88' lang='lat' dir='ltr'>ad</span> <span class='ocrx_word' id='word_1_246' title='bbox 1635 2684 1830 2713; x_wconf 78' lang='lat' dir='ltr'>coenantem</span> 
     </span>
     <span class='ocr_line' id='line_1_31' title="bbox 264 2734 1821 2772; baseline -0.001 -6"><span class='ocrx_word' id='word_1_247' title='bbox 264 2745 366 2772; x_wconf 88' lang='lat' dir='ltr'>quum</span> <span class='ocrx_word' id='word_1_248' title='bbox 393 2737 553 2771; x_wconf 84' lang='lat' dir='ltr'>venisset,</span> <span class='ocrx_word' id='word_1_249' title='bbox 579 2736 687 2765; x_wconf 87' lang='lat' dir='ltr'>dictus</span> <span class='ocrx_word' id='word_1_250' title='bbox 708 2737 761 2765; x_wconf 89' lang='lat' dir='ltr'>est</span> <span class='ocrx_word' id='word_1_251' title='bbox 780 2736 916 2764; x_wconf 89' lang='lat' dir='ltr'>initium</span> <span class='ocrx_word' id='word_1_252' title='bbox 936 2735 1069 2770; x_wconf 87' lang='lat' dir='ltr'>quidem</span> <span class='ocrx_word' id='word_1_253' title='bbox 1086 2735 1227 2770; x_wconf 81' lang='lat' dir='ltr'>fabulae,</span> <span class='ocrx_word' id='word_1_254' title='bbox 1247 2735 1332 2769; x_wconf 86' lang='lat' dir='ltr'>quod</span> <span class='ocrx_word' id='word_1_255' title='bbox 1349 2735 1422 2763; x_wconf 82' lang='lat' dir='ltr'>erat</span> <span class='ocrx_word' id='word_1_256' title='bbox 1438 2734 1677 2770; x_wconf 85' lang='lat' dir='ltr'>contemptiore</span> <span class='ocrx_word' id='word_1_257' title='bbox 1693 2735 1821 2765; x_wconf 78' lang='lat' dir='ltr'>vestitu</span> 
     </span>
     <span class='ocr_line' id='line_1_32' title="bbox 265 2787 1833 2824; baseline -0.002 -4"><span class='ocrx_word' id='word_1_258' title='bbox 265 2789 422 2820; x_wconf 81' lang='lat' dir='ltr'>subsellio</span> <span class='ocrx_word' id='word_1_259' title='bbox 450 2790 546 2818; x_wconf 84' lang='lat' dir='ltr'>iuxta</span> <span class='ocrx_word' id='word_1_260' title='bbox 574 2789 733 2818; x_wconf 87' lang='lat' dir='ltr'>lectulum</span> <span class='ocrx_word' id='word_1_261' title='bbox 761 2789 911 2818; x_wconf 84' lang='lat' dir='ltr'>residens</span> <span class='ocrx_word' id='word_1_262' title='bbox 939 2788 1072 2823; x_wconf 85' lang='lat' dir='ltr'>legisse:</span> <span class='ocrx_word' id='word_1_263' title='bbox 1103 2788 1179 2823; x_wconf 87' lang='lat' dir='ltr'>post</span> <span class='ocrx_word' id='word_1_264' title='bbox 1207 2795 1330 2823; x_wconf 85' lang='lat' dir='ltr'>paucos</span> <span class='ocrx_word' id='word_1_265' title='bbox 1358 2794 1436 2816; x_wconf 87' lang='lat' dir='ltr'>vero</span> <span class='ocrx_word' id='word_1_266' title='bbox 1459 2794 1578 2816; x_wconf 88' lang='lat' dir='ltr'>versus</span> <span class='ocrx_word' id='word_1_267' title='bbox 1595 2787 1771 2824; x_wconf 83' lang='lat' dir='ltr'>invitatus,</span> <span class='ocrx_word' id='word_1_268' title='bbox 1792 2789 1833 2817; x_wconf 85' lang='lat' dir='ltr'>ut</span> 
     </span>
     <span class='ocr_line' id='line_1_33' title="bbox 263 2839 1830 2878; baseline -0.002 -7"><span class='ocrx_word' id='word_1_269' title='bbox 263 2842 480 2878; x_wconf 87' lang='lat' dir='ltr'>accumberet,</span> <span class='ocrx_word' id='word_1_270' title='bbox 508 2848 665 2870; x_wconf 86' lang='lat' dir='ltr'>coenasse</span> <span class='ocrx_word' id='word_1_271' title='bbox 693 2849 768 2875; x_wconf 84' lang='lat' dir='ltr'>una,</span> <span class='ocrx_word' id='word_1_272' title='bbox 797 2841 913 2869; x_wconf 88' lang='lat' dir='ltr'>deinde</span> <span class='ocrx_word' id='word_1_273' title='bbox 941 2842 1050 2869; x_wconf 83' lang='lat' dir='ltr'>cetera</span> <span class='ocrx_word' id='word_1_274' title='bbox 1078 2840 1280 2876; x_wconf 81' lang='lat' dir='ltr'>percurrisse</span> <span class='ocrx_word' id='word_1_275' title='bbox 1307 2847 1374 2868; x_wconf 90' lang='lat' dir='ltr'>non</span> <span class='ocrx_word' id='word_1_276' title='bbox 1394 2840 1466 2869; x_wconf 85' lang='lat' dir='ltr'>sine</span> <span class='ocrx_word' id='word_1_277' title='bbox 1484 2847 1608 2875; x_wconf 84' lang='lat' dir='ltr'>magna</span> <span class='ocrx_word' id='word_1_278' title='bbox 1627 2839 1757 2868; x_wconf 83' lang='lat' dir='ltr'>Caecilii</span> <span class='ocrx_word' id='word_1_279' title='bbox 1776 2841 1830 2869; x_wconf 85' lang='lat' dir='ltr'>ad-</span> 
     </span>
     <span class='ocr_line' id='line_1_34' title="bbox 263 2891 1829 2928; baseline -0.001 -5"><span class='ocrx_word' id='word_1_280' title='bbox 263 2895 468 2924; x_wconf 81' lang='lat' dir='ltr'>miratione.”</span> <span class='ocrx_word' id='word_1_281' title='bbox 492 2893 737 2922; x_wconf 57' lang='lat' dir='ltr'>›Admirabatur</span> <span class='ocrx_word' id='word_1_282' title='bbox 765 2895 877 2922; x_wconf 80' lang='lat' dir='ltr'>autem</span> <span class='ocrx_word' id='word_1_283' title='bbox 909 2900 1009 2921; x_wconf 89' lang='lat' dir='ltr'>senex</span> <span class='ocrx_word' id='word_1_284' title='bbox 1037 2894 1144 2927; x_wconf 75' lang='lat' dir='ltr'>poeta,</span> <span class='ocrx_word' id='word_1_285' title='bbox 1174 2899 1316 2927; x_wconf 86' lang='lat' dir='ltr'>magnae</span> <span class='ocrx_word' id='word_1_286' title='bbox 1344 2893 1378 2920; x_wconf 92' lang='lat' dir='ltr'>in</span> <span class='ocrx_word' id='word_1_287' title='bbox 1406 2892 1539 2921; x_wconf 86' lang='lat' dir='ltr'>theatro</span> <span class='ocrx_word' id='word_1_288' title='bbox 1562 2891 1680 2928; x_wconf 81' lang='lat' dir='ltr'>famae,</span> <span class='ocrx_word' id='word_1_289' title='bbox 1699 2892 1829 2921; x_wconf 83' lang='lat' dir='ltr'>felicem</span> 
     </span>
    </p>
   </div>
   <div class='ocr_carea' id='block_1_5' title="bbox 266 2945 689 2977">
    <p class='ocr_par' dir='ltr' id='par_1_7' title="bbox 266 2945 689 2977">
     <span class='ocr_line' id='line_1_35' title="bbox 266 2945 689 2977; baseline -0.007 -1"><span class='ocrx_word' id='word_1_290' title='bbox 266 2946 487 2977; x_wconf 84' lang='lat' dir='ltr'>adolescentis</span> <span class='ocrx_word' id='word_1_291' title='bbox 505 2945 689 2974; x_wconf 82' lang='lat' dir='ltr'>audaciam.</span> 
     </span>
    </p>
   </div>
  </div>
 </body>
</html>
