2034 3334
1024 356 1079 395 56

324 489 466 537 Atque
509 498 659 527 rursus
699 489 870 539 roganti
910 489 1135 539 Pythiam-2
1172 489 1300 540 „Eho,
1333 500 1474 531 nonne
1505 489 1548 530 id
1579 490 1650 530 sat
1674 488 1832 531 erat?”

263 564 502 614 respondet.
524 564 595 604 ille
627 565 766 611 (736):
1024 613 1031 621 ⁶
1691 619 1696 625 ᾗ

834 642 894 682 At
923 641 1146 682 nescibam
1177 642 1219 682 id
1250 641 1390 683 dicere
1422 642 1556 695 illam,
1588 642 1674 684 nisi
1704 642 1807 693 quia

353 715 551 755 Correxit
576 716 716 766 miles,
735 717 847 766 quod
863 703 1059 758 intellexi
1075 718 1244 758 minus:
1262 728 1366 758 nam
1381 728 1453 758 me
1470 718 1659 759 extmsit
1672 718 1803 760 foras.

263 792 324 832 De
355 792 499 831 verbis
535 793 750 842 „correxit
782 815 831 822 —
868 793 1013 833 foras”
1045 794 1152 834 haec
1183 794 1386 834 observat
1416 794 1680 835 Scholiasta:
1715 794 1835 845 „Hoc

264 868 435 908 videtur
474 868 658 908 facetius
699 870 744 908 et
783 869 1024 919 sapientius
1065 880 1196 919 quam
1237 870 1320 910 dici
1351 870 1404 910 ab
1436 870 1564 920 ebrio,
1596 870 1759 911 rustico
1789 870 1836 910 et

264 944 536 984 adolescente
563 945 794 986 debuisset.
823 945 917 986 Hoc
942 946 1100 986 vitium
1126 947 1231 987 tunc
1255 945 1306 987 fit
1326 956 1427 987 cum
1442 947 1595 997 poetae
1611 947 1835 998 ingenium

263 1031 392 1060 suum
434 1021 479 1060 in
519 1031 726 1070 personas
767 1022 1035 1063 conferunt.”
1077 1022 1346 1063 Vocabulum
1387 1023 1716 1073 sapientius
1744 1032 1833 1064 cor·

263 1098 439 1146 ruptum
481 1098 608 1147 puto;
651 1098 890 1148 sapientiae
931 1099 1048 1138 enim
1090 1099 1135 1139 in
1176 1098 1250 1139 illo
1291 1099 1405 1139 dicto
1445 1098 1570 1139 video
1610 1098 1718 1139 nihil
1756 1097 1834 1139 sed

264 1173 454 1212 multum
495 1173 653 1223 leporis
693 1175 823 1224 atque
864 1175 1136 1215 urbanitatis.
1180 1175 1262 1215 Sed
1302 1176 1397 1215 tota
1433 1174 1678 1215 observatio
1706 1173 1835 1225 periti

265 1249 316 1288 de
358 1251 450 1290 arte
481 1250 659 1290 comica
699 1250 852 1291 iudicis
889 1261 985 1291 esse
1026 1251 1209 1291 videtur.
1252 1251 1402 1291 Nonne
1434 1251 1551 1291 enim
1582 1250 1759 1293 omnino
1788 1250 1835 1291 in

266 1325 347 1365 hac
377 1335 508 1365 scena
547 1326 842 1376 componenda
882 1327 1172 1377 negligentius
1211 1328 1412 1367 versatus
1452 1327 1522 1367 est
1550 1326 1711 1377 poeta?
1739 1325 1835 1367 Hoc

265 1412 340 1441 cur
370 1412 518 1452 rogem
549 1402 702 1442 statim
733 1403 967 1452 apparebit.

326 1477 457 1518 Addit
501 1478 645 1518 verbis
686 1479 832 1518 citatis
872 1479 980 1519 haec
1020 1478 1227 1520 Chremes
1270 1500 1320 1512 ψ
1367 1481 1411 1519 et
1451 1479 1520 1518 est
1550 1478 1622 1518 hic
1649 1477 1833 1518 ultimus

266 1554 444 1594 huiusce
475 1564 630 1594 scenae
660 1564 837 1593 versus:

327 1630 425 1669 738.
460 1630 543 1669 Sed
574 1640 724 1669 eccum
755 1630 919 1678 ipsam:
952 1631 1086 1670 miror
1117 1630 1189 1669 ubi
1221 1640 1299 1679 ego
1331 1630 1431 1670 huic
1463 1630 1786 1670 antevorterim.

267 1706 314 1745 Id
356 1716 434 1755 ego
475 1715 642 1754 quoque
683 1703 829 1759 miror,
873 1716 972 1745 cum
1013 1706 1270 1756 praesertim
1310 1716 1375 1746 vs.
1415 1707 1499 1746 745
1532 1705 1664 1745 Thais
1694 1706 1831 1746 dicat:

270 1792 321 1831 „o
352 1781 413 1820 mi
446 1781 664 1830 Chremes,
693 1782 736 1821 te
763 1781 907 1830 ipsum
933 1781 1284 1852 exspffiaffim,''
1312 1782 1357 1821 in
1382 1781 1455 1821 via
1480 1781 1701 1831 nimirum,
1729 1791 1832 1821 nam

5 1814 166 1903 aarum&
268 1859 365 1907 post
411 1857 686 1897 Chremetem
732 1857 864 1897 Thais
910 1841 1123 1930 advffi'
1181 1834 1376 1898 ortass(
1393 1858 1502 1911 latet
1546 1857 1618 1897 hic
1662 1857 1858 1917 aliquod¹

0 1921 222 1995 w
267 1934 395 1983 lepidi
426 1935 578 1983 poetae
610 1934 852 1983 consilium,
885 1934 992 1974 nihil
1024 1934 1090 1974 en‘
1159 1906 1279 1984 ’ὅέἧέ
1311 1936 1404 1975 erat
1429 1934 1705 1975 Chremetem
1731 1934 1834 1975 ante
1892 1977 1898 1981 .

12 2031 90 2090 W]
115 2041 204 2079 W
267 2010 474 2050 Thaidem
501 2010 716 2050 advenire.
744 2009 880 2050 Versu
904 2011 1051 2050 autem
1069 2011 1092 2050 7
1129 2011 1154 2051 8
1177 2011 1290 2061 ubi,
1314 2010 1356 2051 id
1373 2010 1484 2060 quod
1500 2011 1616 2051 recte
1632 2009 1835 2051 observat

268 2086 520 2135 Scholiasta,
540 2087 628 2125 est:
651 2086 721 2135 „in
737 2096 821 2134 qua
836 2087 958 2135 parte
975 2086 1114 2126 viae.”
1133 2086 1361 2126 Praeteriit
1377 2085 1586 2126 Thaidem
1602 2084 1832 2135 Chremem

6 2110 248 2183 w
266 2163 346 2202 hoc
378 2163 576 2202 credibile
608 2164 687 2212 est,
721 2162 796 2202 sed
829 2173 854 2202 a
885 2162 1045 2202 Thaide
1077 2164 1355 2212 conspectum
1387 2172 1473 2202 non
1508 2171 1604 2202 esse
1629 2161 1833 2203 iuvenem

8 2226 196 2281 abrah-¹*
267 2240 433 2278 ebrium
470 2249 519 2278 ac
551 2239 813 2278 titubantem
845 2239 941 2288 quis
973 2239 1150 2279 credat?
1181 2239 1378 2279 Eiectum
1408 2239 1524 2279 foras
1555 2237 1832 2279 Chremetem

14 2327 222 2369 ww
266 2315 414 2363 opinor
460 2316 611 2354 statim
657 2317 755 2364 post
800 2315 1021 2365 Thaidem,
1070 2315 1154 2354 nisi
1194 2315 1282 2354 iam
1324 2314 1489 2364 statim,
1532 2313 1605 2354 ubi
1644 2313 1833 2357 militem

10 2406 120 2490 qod-'‘²‘'
142 2399 243 2439 dnae
267 2391 441 2439 gravius
488 2392 747 2431 irascentem
788 2391 908 2441 vidit,
953 2391 1066 2431 clam
1108 2391 1235 2439 abiit;
1278 2391 1429 2430 deinde
1470 2391 1682 2439 quantum
1721 2389 1831 2431 sine-

92 2481 181 2520 bar„
266 2467 370 2505 bant
406 2467 534 2515 pedes
572 2467 780 2525 curriculo
818 2468 1058 2506 cucurrisse
1093 2469 1143 2506 ut
1188 2467 1308 2506 illam
1345 2466 1660 2515 assequeretur.
1691 2464 1833 2507 Verba
1888 2500 1895 2507 .

0 2507 250 2614 ww.
267 2545 413 2581 autem
445 2543 558 2590 „iam
585 2543 759 2592 dudum,
789 2544 1007 2582 aetatem'’
1033 2547 1110 2589 (vs.
1130 2543 1229 2589 734)
1258 2542 1358 2591 quid
1374 2542 1457 2581 sibi
1472 2541 1656 2581 volunt?
1671 2540 1831 2580 Utrum

26 2618 195 2691 W?
266 2628 416 2657 revera
457 2618 517 2656 ita
559 2619 727 2657 videtur
769 2618 998 2668 Chremeti,
1039 2629 1094 2657 an
1125 2618 1331 2657 simulare
1362 2618 1457 2656 vult
1487 2627 1535 2656 se
1567 2615 1831 2665 aliquamdiu

267 2693 376 2741 apud
405 2694 590 2732 militem
617 2695 892 2743 remansisse,
921 2705 975 2733 ne
1001 2693 1133 2733 nimis
1159 2694 1244 2733 cito
1271 2694 1413 2733 ebrius
1440 2693 1581 2732 factus
1602 2691 1831 2732 videatur?
