2034 3334
1000 395 1082 436 182

251 522 420 561 Scholio
462 521 639 570 legitur:
688 521 825 570 „quod
867 521 1065 570 obiurgat
1106 521 1242 570 Micio,
1285 521 1433 570 magni
1476 520 1638 560 amoris
1678 521 1746 560 est
1781 521 1827 561 et

249 597 495 637 necessaria
545 607 620 646 pro
671 607 855 647 persona
901 597 1168 637 assentatio”
1217 596 1594 646 corruptissimum
1641 596 1824 637 videtur.

251 673 357 723 Quid
390 673 507 713 enim
540 674 608 714 est
637 673 974 713 necessaria
1014 683 1109 723 pro
1151 683 1395 723 persona
1436 673 1797 713 assentatio?

310 750 380 790 65.
427 749 635 799 „Magnus
671 749 846 789 institor
875 748 944 789 sui
975 748 1171 789 beneficii
1204 749 1283 799 est,
1317 749 1390 798 qui
1422 758 1448 788 a
1479 747 1561 788 diis
1592 748 1827 799 petendum

250 835 347 865 esse
388 825 492 865 dicit
532 825 642 874 quod
685 825 776 875 ipse
818 825 1098 875 praestabit.'’
1143 824 1232 875 Quo
1274 834 1405 865 8011811
1448 825 1518 868 1110
1559 824 1724 865 dictum
1760 825 1830 865 081

251 901 524 941 institor?
570 901 639 941 An
684 902 908 942 hominem
955 900 1172 951 significat
1214 901 1298 951 qui,
1344 903 1393 940 ut
1435 901 1608 941 institor
1649 900 1827 941 circum·

250 977 452 1017 foraneus
494 987 662 1017 merces
693 987 809 1027 81138,
844 978 906 1017 113
935 977 1194 1018 beneficium
1225 987 1354 1016 suum
1387 978 1571 1016 exornat
1600 976 1830 1017 laudibus?

311 1054 381 1094 67.
424 1053 487 1093 Ni
533 1055 714 1104 magis
761 1056 815 1094 te
862 1065 1023 1104 quam
1070 1054 1267 1094 oculos
1315 1064 1458 1094 nunc
1504 1064 1623 1094 amo
1669 1056 1827 1103 meos]

256 1130 501 1180 „eleganter
542 1130 770 1171 inventum
812 1132 891 1181 est,
937 1131 1047 1180 quod
1084 1131 1128 1170 in
1160 1141 1208 1170 se
1241 1132 1412 1170 amator
1442 1130 1634 1170 multum
1665 1129 1828 1180 diligat,

252 1205 293 1245 id
326 1207 394 1246 est
425 1207 594 1246 oculos:
627 1209 676 1246 ut
708 1218 730 1247 e
765 1206 979 1247 contrario
1011 1206 1056 1246 in
1087 1206 1294 1246 Eunucho
1327 1205 1687 1246 adolescenti
1718 1206 1831 1256 ipsi

253 1282 532 1331 eriperem
576 1283 783 1333 oculos,
828 1283 869 1322 id
908 1284 975 1322 est
1006 1283 1124 1332 ipsos
1156 1283 1208 1322 de
1241 1282 1396 1332 quibus
1428 1283 1591 1322 amat.’'
1624 1282 1731 1322 Mira
1760 1291 1832 1322 res

253 1360 332 1409 est,
378 1359 447 1398 hic
488 1360 716 1408 tamquam
758 1370 813 1399 ex
854 1359 1061 1399 Eunucho
1104 1359 1228 1399 citari
1270 1369 1380 1408 quae
1421 1359 1465 1398 in
1496 1358 1602 1408 ipsis
1632 1358 1832 1408 legantur

254 1434 474 1484 Adelphis.
519 1435 550 1474 E
596 1435 740 1475 verbis
777 1437 925 1475 autem
959 1435 1116 1485 ipsos
1147 1436 1208 1475 de
1241 1435 1444 1484 quibus
1475 1435 1626 1474 amat
1654 1434 1832 1490 omnino

253 1511 314 1550 de
347 1511 641 1551 eximendum.

314 1588 383 1627 69.
426 1588 606 1627 Ardenti
649 1588 842 1628 oratione
883 1588 995 1638 patri
1033 1587 1198 1638 gratias
1229 1587 1320 1637 agit
1350 1586 1616 1636 Aeschinus;
1647 1597 1832 1637 cumque

254 1663 382 1712 paulo
429 1665 530 1704 ante
578 1664 630 1704 ab
678 1664 750 1704 illo
797 1664 943 1704 iussus
989 1665 1048 1704 sit
1095 1664 1198 1704 deos
1244 1663 1407 1713 precari
1449 1664 1499 1703 ut
1538 1663 1686 1704 omnia
1722 1663 1832 1704 bene

253 1741 439 1789 vertant,
473 1750 588 1780 1111110
622 1739 730 1790 „Abi
762 1741 912 1790 pater⁹⁹
946 1740 1086 1789 inquit

373 1815 436 1855 Tu
469 1816 615 1865 potius
647 1816 749 1855 deos
782 1826 1078 1865 comprecare:
1112 1826 1215 1855 nam
1247 1815 1326 1855 tibi
1359 1826 1445 1866 eos,
1480 1817 1596 1856 certo
1627 1816 1731 1867 scio,

374 1892 464 1942 Quo
491 1892 558 1931 vir
586 1892 741 1931 melior
766 1891 906 1932 multo
934 1902 992 1942 es,
1023 1902 1154 1941 quam
1176 1902 1267 1941 ego,
1287 1891 1660 1941 obtemperaturos
1675 1892 1831 1943 magis.

251 1970 522 2008 Annotatur:
571 1968 709 2018 „mira
751 1968 971 2008 sententia
1012 1969 1114 2008 deos
1157 1968 1332 2017 obsequi
1374 1968 1510 2018 bonis,
1553 1969 1678 2016 quasi
1707 1967 1833 2009 bonis

252 2044 502 2084 hominibus
530 2045 720 2084 multum
749 2045 944 2084 debeant.
973 2045 1027 2084 Et
1053 2045 1097 2084 in
1124 2045 1452 2084 excusationem
1483 2043 1685 2094 precandi
1715 2044 1830 2095 deos,

252 2121 350 2161 vide
374 2132 485 2170 quae
511 2121 698 2160 facultas
725 2122 830 2160 nata
855 2121 914 2160 sit
939 2122 1109 2171 patrem
1136 2121 1230 2160 sine
1257 2121 1551 2161 assentatione
1576 2120 1831 2160 laudandil”

253 2198 388 2246 Lege:
438 2199 490 2237 et
538 2208 603 2236 ex
652 2196 1192 2236 commemoratione
1239 2196 1508 2246 precandi
1560 2196 1692 2237 deos
1731 2200 1832 2246 pro:
1910 2225 1915 2230 .

253 2274 391 2313 etin
425 2274 862 2313 excusationem
895 2273 1166 2322 precandi
1198 2273 1342 2312 deos,
1371 2272 1543 2312 Etenim
1570 2273 1640 2312 hic
1665 2282 1833 2322 quoque

253 2349 441 2389 Terentii
469 2350 671 2389 laudatur
698 2348 936 2399 vigilantia,
966 2349 1037 2397 qui
1064 2348 1158 2388 ideo
1185 2359 1335 2388 senem
1362 2348 1506 2387 verbis
1537 2349 1563 2388 d
1576 2359 1598 2388 e
1611 2359 1635 2388 o
1646 2359 1668 2388 s
1700 2358 1724 2388 c
1734 2358 1759 2388 o
1770 2358 1831 2387 m-

250 2437 487 2475 precare
530 2427 727 2465 utentem
768 2424 918 2464 fecerit
959 2426 1008 2464 ut
1043 2423 1181 2473 lepide
1213 2435 1313 2463 eum
1345 2424 1547 2463 laudandi
1579 2424 1832 2464 facultatem
1898 2465 1900 2467 ,

250 2503 527 2542 nanciscatur
560 2501 686 2540 filius.

311 2651 379 2701 IV,
431 2652 468 2700 7,
526 2652 590 2691 13.
643 2651 791 2700 „Illinc
832 2651 916 2691 huc
957 2650 1242 2691 transferetur
1283 2649 1446 2698 virgo.”
1490 2648 1684 2688 Μ10101118
1724 2648 1832 2690 11300

249 2728 381 2766 verba
413 2728 527 2766 sunt.
564 2727 831 2766 Annotatur:
865 2727 1182 2776 „Virginem
1209 2735 1317 2774 quae
1345 2724 1479 2764 etiam
1509 2734 1607 2763 cum
1630 2724 1723 2764 viro
1747 2724 1832 2764 fuit

251 2804 418 2842 vocat.’'
477 2804 617 2842 Immo
671 2804 844 2843 etiam
891 2813 1040 2852 quae,
1090 2813 1175 2842 non
1222 2811 1360 2850 quae
1408 2800 1597 2839 etiam.
1645 2800 1830 2840 Nomine

250 2879 365 2918 enim
415 2879 576 2927 virgo
619 2879 846 2929 Pamphila
888 2878 1166 2928 significatur,
1212 2888 1296 2926 qua
1337 2877 1499 2916 dudum
1542 2876 1682 2916 amica
1723 2885 1830 2916 usus

250 2957 317 2994 est
348 2955 602 2994 Aeschinus.
