2034 3334
1059 285 1118 332 82

290 428 428 458 unum
461 412 660 470 colligere
691 412 960 456 decernerem
990 409 1187 454 libellum
1201 444 1212 463 ,
1245 424 1374 468 quem
1403 411 1492 454 iam
1518 408 1888 467 disquisitionibus

291 486 398 528 meis
431 484 482 527 de
514 483 668 527 Ovidio
701 487 826 539 poeta
856 486 1047 525 annecto.

351 555 488 608 Quem
530 559 580 597 ut
620 555 662 596 in
699 553 890 596 medium
923 553 1112 609 proferre
1144 552 1345 595 auderem
1378 565 1443 595 res
1474 551 1800 609 exoptatissima
1829 549 1887 595 ef-

289 627 409 669 fecit:
445 625 617 668 tandem
648 624 874 681 aliquando
905 624 1104 667 manibus
1137 628 1332 666 tenemus
1364 622 1768 680 Metamorphoseon
1799 621 1883 666 edi-

287 698 448 740 tionem
475 697 527 739 ab
555 694 760 739 Ehwaldo
777 702 969 738 curatam
987 699 1030 738 et
1046 696 1235 752 egregiis
1251 694 1595 737 annotationibus
1611 696 1882 737 instructam.

288 767 401 811 Nam
442 771 566 810 antea
608 765 769 810 multos
801 765 976 823 quidem
1009 764 1250 809 multorum
1281 765 1332 808 de
1363 763 1519 808 ovidio
1549 763 1742 823 legeram
1773 777 1884 808 com-

287 839 544 888 mentarios,
587 837 659 880 sed
692 850 902 894 magnum
934 841 1076 879 tamen
1109 836 1295 879 restabat
1328 833 1569 892 periculum
1601 848 1654 878 ne
1684 835 1884 892 ineptum

285 909 332 950 in
377 908 558 951 modum
600 912 821 964 tamquam
863 920 978 950 nova
1018 920 1298 963 proponerem
1341 919 1449 962 quae
1492 905 1656 949 dudum
1697 904 1751 949 ab
1781 903 1882 948 aliis

286 982 426 1022 essent
465 981 696 1035 perspecta.
738 977 998 1020 Ehwaldum
1030 991 1131 1021 vero
1163 978 1384 1020 communi
1415 977 1639 1020 doctorum
1671 975 1882 1020 sententia

286 1051 451 1092 constat
481 1050 626 1092 omnia
657 1062 763 1105 quae
796 1048 849 1091 ad
880 1048 1089 1095 Ovidium
1126 1049 1368 1104 pertineant
1406 1046 1563 1105 legisse
1603 1045 1675 1091 vel
1712 1045 1878 1104 legere3

286 1118 484 1162 editionis
515 1118 656 1171 illius,
690 1133 798 1176 quae
830 1133 959 1176 quam
990 1133 1091 1162 vera
1121 1117 1201 1161 illa
1232 1118 1457 1162 doctorum
1487 1119 1544 1161 sit
1574 1117 1788 1161 sententia
1815 1114 1881 1159 lu-

286 1188 479 1233 culenter
511 1190 655 1241 docet,
689 1189 822 1233 altera
855 1204 951 1246 pars
983 1203 1092 1232 anno
1129 1188 1246 1232 1898
1276 1191 1323 1232 in
1353 1188 1497 1232 lucem
1528 1186 1712 1246 prodiit}
1744 1185 1879 1231 altera

286 1274 395 1304 anno
447 1259 586 1303 1903:
635 1260 755 1303 vides
801 1260 888 1303 fere
936 1260 990 1303 ad
1036 1260 1225 1303 nihilum
1273 1259 1495 1303 redactum
1541 1258 1655 1302 illud
1696 1257 1748 1302 de
1790 1270 1876 1315 quo

284 1331 477 1374 dicebam
519 1330 771 1388 periculum.
815 1331 927 1374 Nam
968 1332 1389 1388 praestantissimum
1424 1329 1554 1373 illum
1593 1329 1756 1373 librum
1787 1332 1878 1372 tam

285 1401 518 1458 diligenter
558 1404 726 1445 excussi
768 1406 819 1444 ut
850 1401 1015 1444 nullam
1047 1403 1301 1458 cuiusquam
1336 1403 1422 1445 viri
1452 1401 1566 1445 docti
1596 1401 1876 1451 sententian,

284 1485 392 1528 quae
432 1474 478 1514 in
511 1486 604 1515 rem
635 1477 899 1529 praesentem
932 1473 1110 1523 faceret,
1143 1486 1213 1515 me
1245 1472 1409 1530 fugisse
1441 1471 1650 1515 affirmare
1681 1470 1876 1515 audeam.

345 1541 455 1584 Sunt
495 1548 665 1592 autem,
709 1547 759 1584 ut
800 1544 887 1585 iam
930 1542 1145 1594 dicebam,
1179 1543 1495 1586 observationes
1525 1555 1647 1586 meae
1676 1541 1788 1585 varii
1817 1539 1878 1583 di-

286 1614 483 1669 versique
529 1614 721 1670 generis:
771 1613 895 1656 modo
943 1615 1120 1669 antiqua
1162 1614 1324 1664 tuebor,
1367 1614 1494 1656 modo
1535 1612 1877 1656 emendationem

284 1683 612 1734 commendabo,
659 1683 785 1726 modo
820 1708 875 1715 —
909 1697 1170 1740 quamquam
1202 1686 1340 1727 rarius
1372 1684 1450 1727 hoc
1481 1683 1554 1726 fiet
1589 1708 1643 1716 —-
1675 1684 1768 1740 ipse
1797 1680 1875 1725 eli-

282 1768 413 1810 quam
440 1767 581 1796 meam
609 1768 843 1810 proponam
869 1756 1170 1797 coniecturam.
1204 1754 1288 1797 Hic
1312 1754 1402 1797 illic
1427 1754 1636 1810 quaedam
1660 1753 1712 1797 ad
1728 1756 1873 1796 textus

277 1824 504 1867 historiam
546 1826 802 1880 pertinentia
843 1825 1073 1868 observabo
1115 1830 1157 1868 et
1189 1825 1304 1868 locos
1334 1825 1530 1868 indicabo
1562 1839 1584 1868 e
1615 1824 1773 1881 quibus
1803 1837 1873 1881 ap-

277 1899 423 1951 pareat
448 1896 493 1937 in
520 1895 666 1937 Ovidii
692 1897 929 1938 amicorum
960 1910 1113 1939 manus
1133 1898 1389 1952 ‘pervenisse
1421 1894 1683 1952 exemplaria
1714 1894 1870 1952 quibus

274 1967 366 2022 ipse
408 1971 536 2022 poeta
577 1967 665 2008 iam
705 1980 883 2009 manum
923 1966 1254 2010 emendatricem
1303 1966 1504 2010 adhibere
1551 1967 1759 2023 coeperit,
1807 1966 1870 2011 ite

276 2039 420 2078 tamen
463 2040 513 2078 ut
554 2035 808 2092 plerumque
849 2036 900 2078 ad
941 2050 1088 2079 veram
1129 2036 1355 2080 lectionem
1399 2035 1742 2080 constituendam
1783 2048 1869 2080 11οη

275 2108 516 2162 perveniret
548 2106 620 2148 sed
651 2109 764 2149 inter
796 2106 900 2150 duas
931 2108 1123 2151 haereret
1153 2107 1331 2159 dubius,
1366 2108 1568 2164 denique,
1601 2108 1638 2150 si
1667 2107 1743 2163 qui
1773 2119 1867 2151 ver-

275 2190 347 2219 sus
386 2191 547 2219 novum
579 2177 690 2219 mihi
720 2177 865 2220 afferre
897 2179 1117 2221 videbitur
1145 2183 1451 2235 argumentum
1484 2179 1547 2221 rei
1579 2179 1624 2221 in
1655 2176 1869 2234 prioribus

274 2248 485 2303 capitibus
517 2247 676 2299 dictae,
709 2263 760 2291 ne
791 2249 836 2291 id
867 2249 1040 2305 quidem
1075 2249 1221 2293 silebo.

335 2317 429 2360 Non
473 2323 616 2360 tamen
646 2319 765 2360 rudis
796 2319 1093 2376 indigestaque
1124 2319 1258 2363 moles
1290 2320 1392 2362 haec
1425 2323 1502 2362 est.
1535 2317 1734 2361 Naturali
1764 2330 1868 2374 quo·

274 2387 372 2429 dam
405 2388 578 2430 vinculo
610 2390 753 2431 omnia
783 2391 896 2431 inter
926 2404 970 2433 se
1000 2390 1239 2433 cohaerent.
1272 2389 1427 2432 Omnia
1458 2391 1573 2432 enim
1605 2402 1654 2431 eo
1685 2387 1867 2431 tendunt

273 2463 322 2499 ut
354 2457 458 2500 alios
490 2459 637 2501 docere
669 2474 793 2501 coner
825 2486 880 2492 —
914 2465 1042 2516 atque
1075 2462 1242 2503 utinam
1274 2475 1326 2503 ne
1358 2465 1531 2516 propter
1561 2458 1670 2502 illud
1695 2457 1865 2503 docendi

274 2529 453 2570 verbum
494 2531 686 2585 graviter
721 2544 744 2572 a
776 2530 994 2573 nonnullis
1025 2533 1218 2587 increper
1251 2556 1306 2564 —
1336 2531 1382 2574 id
1414 2530 1527 2587 quod
1558 2530 1668 2572 mihi
1697 2542 1865 2586 semper

272 2601 645 2653 persuasissimum
678 2600 761 2641 fuit
791 2605 834 2643 et
865 2601 980 2644 hisce
1010 2601 1376 2645 lucubrationibus
1409 2600 1462 2644 ad
1491 2601 1621 2643 finem
1646 2599 1864 2657 perductis

272 2670 412 2724 magis
444 2671 598 2718 etiam,
632 2672 668 2711 si
701 2670 791 2712 fieri
823 2676 986 2727 potest,
1021 2677 1211 2715 constat:

332 2737 518 2794 Quisque
559 2739 676 2781 locus
708 2754 830 2782 suam
864 2742 946 2783 sibi
978 2744 1157 2798 requirit
1188 2743 1441 2785 emendandi
1472 2740 1861 2799 interpretandique

271 2821 479 2849 normam.
514 2809 605 2850 Non
639 2815 703 2851 est
736 2825 820 2852 una
850 2810 918 2853 lex
951 2826 1056 2867 quae
1088 2812 1140 2855 ad
1173 2827 1321 2855 omnes
1353 2815 1562 2869 pertineat
1593 2813 1860 2868 quaestiones

270 2878 437 2918 criticas
463 2879 546 2918 nisi
577 2879 679 2920 haec
716 2904 770 2910 —
802 2882 837 2921 si
871 2882 936 2922 lea:
969 2884 1111 2924 vocari
1143 2881 1245 2925 haec
1277 2886 1417 2938 potest
1450 2907 1504 2914 —
1538 2887 1659 2925 caute
1692 2897 1860 2939 semper

270 2951 312 2987 et
355 2949 658 3001 circumspecte
691 2963 779 2990 esse
812 2951 1026 3006 agendum
1059 2956 1102 2993 et
1133 2954 1179 2994 in
1209 2954 1360 3008 quovis
1391 2952 1481 2995 loco
1513 2952 1591 2995 hoc
1623 2952 1765 2995 solum
1798 2967 1860 2996 ro-

267 3016 457 3071 gandum
491 3018 615 3071 quid,
648 3032 730 3060 non
757 3025 928 3075 propter
956 3023 1203 3064 testimonia
1230 3021 1303 3064 sed
1328 3026 1500 3077 propter
1527 3036 1617 3064 rem
1645 3027 1688 3064 et
1714 3022 1857 3066 locum
