2034 3334
965 345 1045 388 135

626 474 751 523 Hem,
786 483 920 522 egone
952 473 1064 512 istuc
1095 472 1239 511 conari
1271 472 1459 520 queam?

341 552 459 601 Egon
490 551 661 600 propter
693 560 763 588 me
795 549 914 588 illam
947 549 1083 598 decipi
1114 548 1321 587 miseram
1353 547 1527 586 sinam?

340 627 456 677 Quae
487 626 596 665 mihi
627 636 756 664 suum
788 625 996 674 animum,
1031 625 1160 672 atque
1186 634 1361 662 omnem
1387 623 1526 662 vitam
1553 622 1752 670 credidit;

339 703 476 752 Quam
508 713 586 751 ego
618 702 763 740 animo
795 701 964 750 egregie
996 711 1141 740 caram
1173 711 1247 750 pro
1278 710 1413 738 uxore
1446 698 1692 746 habuerim;

338 780 453 819 Bene
486 780 530 818 et
560 778 711 828 pudice
743 777 835 817 eius
867 777 1041 816 doctum
1075 778 1203 825 atque
1235 777 1438 815 eductum
1470 775 1612 814 sinam

339 854 545 895 Coactum
578 854 771 903 egestate
803 853 1025 902 ingenium
1057 852 1360 891 immutarier?

336 931 431 970 Non
461 931 632 970 faciam.

219 1006 302 1046 Hic
333 1007 377 1046 et
409 1006 493 1045 alia
524 1005 805 1054 inveniuntur¹
835 1005 1043 1044 annotata
1074 1005 1118 1043 et
1148 1004 1276 1043 haec:

277 1083 422 1122 Bene
456 1084 508 1121 et
539 1082 763 1131 pudice]
803 1081 910 1130 „Hic
941 1081 1045 1119 illud
1077 1081 1260 1119 solvitur
1291 1079 1420 1118 lana
1451 1081 1504 1118 et
1532 1080 1650 1119 tela
1679 1080 1782 1119 vic-

218 1160 334 1198 tum
375 1158 733 1207 quaeritans:
776 1158 826 1196 ut
856 1157 937 1196 hoc
967 1157 1212 1205 praestruat
1242 1156 1350 1195 bene
1381 1156 1425 1194 et
1455 1155 1606 1203 pudice
1638 1155 1783 1204 Glyce-

218 1235 333 1274 rium
380 1244 475 1274 esse
523 1233 793 1273 educatam.”
838 1233 956 1272 Haec
996 1243 1067 1271 me
1099 1232 1338 1280 intelligere
1369 1231 1540 1279 opinor;
1574 1231 1636 1270 sic
1667 1231 1785 1270 enim

218 1310 402 1359 accipio:
440 1321 579 1359 „nunc
610 1310 821 1348 habemus
853 1308 1186 1358 explicationem
1219 1318 1293 1346 cur
1324 1306 1427 1346 olim
1460 1306 1622 1345 dictum
1649 1306 1708 1345 sit
1734 1307 1785 1346 de

219 1385 448 1435 Chryside:
491 1386 620 1424 lana
661 1385 714 1423 et
754 1384 871 1423 tela
911 1384 1125 1423 victum
1168 1382 1516 1431 quaeritans.
1556 1381 1636 1420 His
1668 1382 1784 1422 enim

217 1462 361 1501 verbis
409 1461 543 1500 animi
589 1461 884 1509 spectatorum
929 1459 1210 1508 praeparandi
1257 1459 1380 1502 erant
1427 1458 1479 1496 ad
1527 1458 1784 1496 credendum

217 1538 368 1587 pudice
398 1537 645 1585 Glycerium
673 1546 769 1575 esse
796 1536 1067 1575 educatam.”
1097 1535 1178 1573 Sed
1205 1534 1358 1573 statim
1385 1533 1630 1572 subiicitur:
1663 1525 1787 1582 „lana

219 1614 262 1652 et
307 1614 395 1652 tela
440 1614 606 1652 victum
653 1612 944 1661 quaeritans‚'’
989 1622 1098 1660 quae
1129 1611 1261 1650 verba
1292 1610 1362 1649 hic
1393 1610 1556 1649 scribae
1589 1619 1730 1648 errore
1763 1621 1785 1648 e

216 1689 571 1740 praecedentibus
604 1689 787 1738 repetita
819 1688 1013 1727 arbitror.
1048 1687 1275 1727 Adduntur
1301 1687 1418 1736 haec,
1448 1696 1557 1734 quae
1583 1685 1783 1734 mysterii

218 1767 356 1806 instar
395 1766 616 1805 videntur:
663 1765 742 1815 „Et
782 1775 867 1804 non
908 1764 1093 1813 pertinet
1135 1764 1188 1802 ad
1220 1763 1538 1811 argumentum,
1573 1761 1657 1800 nisi
1688 1762 1785 1810 post

218 1843 357 1882 vitam
389 1842 573 1890 Glycerii
600 1841 858 1890 intelligas.’'
889 1841 969 1879 Sed
995 1840 1081 1879 leni
1110 1838 1409 1878 emendatione
1438 1838 1543 1876 haec
1559 1836 1784 1886 perspicua

218 1919 335 1958 reddi
370 1928 497 1971 posse
529 1917 689 1966 opinor.
723 1917 894 1956 Etenim
925 1918 1023 1965 post
1054 1916 1167 1954 nisi
1198 1915 1476 1954 inserendum
1509 1915 1576 1953 est
1608 1914 1680 1953 ut.
1716 1914 1785 1953 Sic

220 1994 334 2034 enim
372 1993 479 2032 haec
510 1993 701 2031 nascitur
733 1992 997 2031 observatio:
1037 1992 1154 2041 „tota
1179 1991 1254 2029 illa
1281 1989 1636 2029 commemoratio
1668 1990 1785 2028 vitae

220 2081 246 2109 a
291 2068 498 2117 Chryside
545 2069 673 2107 antea
718 2068 846 2116 probe
889 2069 932 2108 et
972 2067 1123 2116 pudice
1165 2067 1286 2105 actae
1319 2076 1418 2104 cum
1450 2065 1584 2104 totius
1616 2065 1784 2104 fabulae

220 2128 474 2194 argumento
521 2144 730 2182 hactenus
776 2145 949 2182 tantum
997 2143 1208 2192 cohaeret,
1257 2142 1368 2190 quod
1410 2152 1465 2180 ex
1507 2152 1557 2180 ea
1600 2140 1784 2189 Glycerii

221 2220 315 2260 vita
346 2220 414 2259 est
447 2219 754 2268 cognoscenda.

281 2296 350 2334 42.
927 2294 1076 2333 Adeon
1106 2304 1178 2332 me
1210 2293 1418 2341 ignavum
1449 2293 1609 2341 putas?

368 2367 517 2410 Adeon
548 2380 672 2419 porro
704 2369 924 2418 ingratum
957 2370 1032 2407 aut
1063 2369 1353 2407 inhumanum
1386 2369 1460 2407 aut
1486 2368 1657 2407 ferum?

221 2447 287 2486 Ad
327 2446 592 2495 ignavum
635 2446 678 2483 et
709 2445 997 2493 ingratum
1029 2444 1283 2483 annotatur:
1317 2441 1482 2493 αὔξησις
1515 2444 1603 2482 est:
1638 2441 1785 2482 inhu-

222 2532 440 2561 manum
488 2522 582 2560 aut
621 2521 642 2559 f
650 2531 801 2559 erum
842 2521 940 2568 post
971 2519 1164 2558 subiecta
1196 2519 1347 2558 dixit.’'
1384 2518 1501 2568 Quod
1532 2518 1639 2558 nihil
1673 2518 1787 2557 aliud

222 2596 463 2646 significare
479 2596 649 2635 videtur
665 2606 818 2644 quam:
841 2595 973 2644 „haec
988 2595 1120 2634 verba
1145 2594 1510 2633 inhumanum
1538 2595 1582 2633 et
1607 2595 1627 2633 f
1635 2604 1786 2633 erum

223 2683 335 2712 nova
366 2673 468 2710 sunt
498 2671 739 2710 sententiae
770 2671 978 2720 membra,
1013 2669 1196 2718 augendi
1227 2680 1358 2709 causa
1389 2669 1596 2708 adiecta.”

283 2747 499 2786 Laudatur
530 2756 653 2795 porro
685 2757 710 2785 a
742 2746 982 2785 Scholiasta
1013 2745 1228 2794 Pamphili
1259 2745 1407 2794 oratio,
1437 2745 1509 2793 qui
1536 2755 1621 2784 non
1648 2745 1783 2783 dicat:

228 2823 413 2871 „adeone
450 2823 576 2871 putas
607 2831 678 2860 me
709 2820 821 2869 patri
853 2821 1021 2859 obedire
1033 2821 1080 2859 ?'’
1116 2821 1190 2859 sed
1226 2820 1412 2870 „adeone
1444 2831 1515 2859 me
1547 2830 1648 2869 erga
1680 2820 1783 2859 ami-

227 2907 323 2938 cam
364 2897 595 2948 ingratum,
638 2896 790 2946 ferum,
834 2896 1120 2936 inhumanum
1162 2895 1299 2936 credis
1310 2896 1372 2946 ?‘’,
1417 2897 1545 2946 atque
1573 2896 1644 2935 ‘sic
1676 2896 1786 2946 quod
