2034 3334
934 360 1015 400 105

193 485 354 526 aiunt
394 486 446 526 de
488 496 539 525 ea
579 496 625 525 re
666 485 864 535 usurpari
905 485 1008 525 dicit
1049 495 1158 534 quae
1199 485 1346 525 odiosa
1382 486 1574 535 loquenti
1605 486 1664 525 011
1688 486 1758 525 vel

194 573 297 606 vera
337 573 423 603 non
465 573 560 602 esse
602 563 812 613 videatur,
857 563 895 601 si
935 562 1249 611 gerundivo
1292 562 1452 611 aliquid
1483 562 1595 611 quod
1626 562 1757 601 inevi-

193 638 324 678 tabile
355 638 414 678 sit
444 638 635 688 indicari,
670 639 707 678 si
739 639 838 678 eho
870 639 1016 678 arcani
1047 638 1206 687 aliquid
1238 639 1431 688 rogantis
1458 649 1566 688 esse,
1595 649 1680 678 non
1707 639 1758 678 de

193 716 286 771 arte
311 715 598 764 grammatica
624 715 948 754 observationes
973 715 1124 755 scribit
1143 715 1289 764 pusilli
1305 716 1441 754 animi
1456 716 1758 769 ludimagistro

192 790 357 840 dignae„
400 791 476 830 sed
516 791 597 830 hoc
638 791 783 830 docet:
827 801 926 830 cum
968 774 1111 830 certus
1148 791 1207 830 sit
1238 791 1521 835 Terentianae
1553 791 1760 831 orationis

194 866 319 916 color,
369 868 535 906 certum
576 867 659 906 sibi
700 867 791 906 illa
814 867 1006 916 postulat
1046 868 1194 906 actum
1235 864 1496 915 certamque
1514 868 1758 916 pronuntia-

192 941 379 981 tionem:
412 942 470 981 ibi
501 944 649 982 autem
679 943 750 982 vel
780 943 966 982 maximi
997 944 1100 982 sunt
1129 943 1343 982 momenti
1374 943 1522 982 brevia
1548 945 1761 991 quaedam

194 1019 424 1059 vocabula:
463 1020 532 1058 his
563 1021 679 1059 10010
705 1020 994 1069 pronuntiatis
1021 1021 1164 1059 cetera
1189 1021 1342 1069 sponte
1368 1021 1618 1068 sequuntur.
1652 1021 1760 1070 Ergo

192 1105 406 1144 quemque
436 1095 580 1134 10011111
612 1106 638 1135 3
668 1096 856 1144 perfecto
883 1096 1069 1144 quodam
1095 1095 1259 1135 artifice
1286 1096 1355 1144 agi
1380 1094 1526 1144 fingit:
1556 1096 1607 1135 de
1635 1098 1761 1145 gestu

193 1171 286 1211 eius
327 1173 371 1211 01
411 1182 540 1211 voce·
557 1173 725 1211 tamdiu
767 1173 928 1221 cogitat
969 1173 1103 1211 donec
1144 1172 1290 1211 audire
1322 1182 1423 1211 eum
1455 1173 1584 1221 atque
1615 1173 1760 1212 videre

193 1247 275 1287 sibi
305 1247 525 1296 videatur;
559 1248 679 1287 audit
710 1249 858 1287 autem
890 1248 1018 1296 atque
1049 1247 1168 1287 videt
1198 1248 1455 1296 praesertim
1488 1258 1588 1287 cum
1614 1249 1762 1288 brevia

193 1323 269 1362 illa
298 1323 508 1363 vocabula
537 1324 699 1362 mentis
731 1324 1048 1373 contemplatur
1079 1323 1228 1363 oculis,

252 1399 386 1438 Totus
413 1401 480 1438 est
506 1399 550 1438 in
577 1400 669 1439 arte
696 1399 878 1439 scenica.
906 1399 996 1439 Aut
1010 1410 1096 1439 uno
1112 1400 1320 1439 vocabulo
1341 1430 1358 1450 ‚‚
1395 1400 1760 1439 ronuntiandum’'

182 1474 470 1514 ,adscribendo
512 1474 727 1524 significat
767 1476 881 1515 hunc
921 1476 1065 1515 locum
1107 1474 1284 1515 artificis
1316 1475 1475 1515 scenici
1507 1476 1588 1514 sibi
1619 1477 1760 1525 postu-

193 1551 282 1590 lare
323 1562 521 1600 operam:
565 1552 829 1601 singularem
873 1553 989 1592 enim
1031 1553 1248 1601 quandam
1289 1553 1432 1592 inesse
1469 1554 1759 1603 venustatem,

193 1637 302 1675 quae
333 1637 359 1666 a
389 1627 558 1676 legente
589 1628 809 1667 observari
840 1630 1036 1679 nequeat,
1071 1629 1155 1668 nisi
1187 1640 1315 1678 saepe
1341 1629 1475 1669 bonos
1501 1629 1763 1678 spectaverit

193 1703 427 1743 histriones
448 1699 489 1749 ¹).
537 1704 627 1743 Aut
668 1705 880 1752 quomodo
922 1705 1077 1753 aliquis
1119 1715 1272 1744 versus
1313 1706 1656 1754 pronuntiandus
1705 1706 1762 1744 sit

193 1779 328 1828 docet,
363 1780 439 1819 aut
469 1781 636 1819 certum
666 1781 926 1820 vocabulum
926 1774 1069 1837 Q
1091 1781 1247 1820 habere
1275 1781 1501 1820 admonet:
1530 1781 1588 1820 ibi
1614 1782 1761 1820 autem

193 1855 258 1894 010
287 1855 404 1904 loqui
435 1856 568 1894 solet:
606 1856 894 1906 „moraliter”‚
928 1857 1043 1896 sive:
1080 1867 1265 1909 „magna
1297 1858 1411 1896 inest
1443 1857 1711 1896 moralitas.”

252 1931 374 1970 Nunc
411 1931 588 1970 demum
620 1932 832 1980 quomodo
863 1933 1070 1981 legendus
1101 1933 1159 1971 sit
1192 1933 1433 1972 Scholiasta
1463 1933 1760 1981 intelligimus.

195 2008 239 2047 Si
279 2008 380 2056 quid
417 2008 469 2046 de
501 2007 642 2055 aliquo
674 2008 882 2047 vocabulo
911 2009 1127 2048 subtiliter
1158 2020 1258 2048 eum
1291 2010 1518 2049 observare
1549 2010 1760 2059 videmus,

194 2095 280 2125 non
322 2095 418 2124 esse
459 2085 582 2124 nobis
619 2095 712 2123 rem
754 2095 869 2124 cum·
885 2096 1056 2125 moroso
1090 2087 1218 2134 atque
1250 2086 1430 2125 obscuro
1461 2086 1762 2135 ludimagistro

194 2163 467 2211 reputemus;
496 2162 548 2200 ad
575 2161 764 2209 aliquem
791 2162 1012 2210 egregium
1039 2163 1242 2212 actorem,
1271 2147 1545 2211 quem'saepe
1563 2163 1763 2202 admirati

195 2247 360 2287 sumus,
398 2238 477 2291 Q
518 2247 647 2286 saepe
670 2248 704 2295 *p
706 2237 931 2286 131101111110,
965 2238 1122 2286 quique
1154 2238 1221 2276 his
1253 2238 1447 2277 maxime
1480 2239 1538 2277 sit
1569 2238 1762 2287 partibus

195 2313 373 2353 idoneus
400 2314 636 2362 aptusque,
670 2314 864 2352 mentem
897 2314 1213 2363 convertamus,
1247 2314 1318 2352 ille
1350 2315 1562 2362 quomodo
1595 2315 1676 2365 1100
1706 2315 1764 2354 011

194 2389 453 2429 vocabulum
493 2390 849 2438 pronuntiaturus
889 2382 1171 2438 quaeramus;
1216 2391 1266 2429 110
1308 2401 1392 2439 qua
1432 2401 1477 2430 10
1518 2391 1590 2430 ubi
1627 2392 1764 2431 semel

197 2467 314 2505 certa
339 2465 462 2504 nobis
488 2466 659 2505 steterit
685 2466 912 2516 sententia,
941 2466 1072 2506 simul
1102 2477 1202 2506 vera
1226 2467 1448 2506 monuisse
1476 2468 1764 2507 Scholiastam

197 2551 496 2591 agnoscemus,

256 2619 422 2657 Paucas
478 2627 578 2666 ergo
634 2617 726 2656 eius
778 2618 830 2656 de
875 2618 1223 2666 pronuntiatione
1270 2619 1604 2670 observationes,
1653 2631 1762 2669 quae

198 2694 391 2733 maxime
423 2693 727 2732 memorabiles
757 2693 996 2743 videantur,
1026 2704 1081 2733 ex
1106 2694 1271 2743 ingenti
1297 2696 1601 2743 protrahamus
1629 2697 1760 2745 copia.

256 2769 388 2808 Andr.
437 2769 535 2808 360.
579 2768 725 2807 Davus
766 2769 896 2807 simul
939 2769 1214 2818 Pamphilum
1247 2770 1400 2809 herum
1433 2781 1562 2810 suum
1595 2773 1638 2810 et
1670 2772 1762 2811 eius

234 2936 258 2973 ι)
277 2935 362 2973 Ergo
379 2935 443 2965 11οο
462 2936 782 2978 „pronuntiandum”
803 2935 934 2974 Belgica
953 2936 1003 2966 010
1021 2938 1190 2967 vertatur:
1211 2937 1310 2975 „daar
1330 2937 1377 2968 zit
1395 2938 1481 2968 actie
1500 2938 1562 2968 in.''
