2034 3334
12 1200 28 1229 'f
42 1221 55 1230 ‘-‘
86 1197 205 1247 ufflt'JI.
223 1208 251 1241 z}

26 1276 61 1313 'ft
70 1295 81 1309 ι

6 1339 45 1367 s.

85 1294 106 1312 ‘f
128 1276 255 1312 finium

61 1340 89 1367 l.

997 363 1082 406 106

283 500 428 531 remve
470 488 545 529 vix
577 487 798 529 sentimus.
831 484 908 528 Sin
939 487 1084 528 autem
1115 486 1161 528 in
1193 498 1345 530 versus
1378 487 1610 530 incidimus
1641 487 1792 545 quales

286 563 332 605 hi
363 566 467 606 sunt
499 562 735 618 Propertii:

466 712 628 767 Gaude,
661 710 823 766 Crasse,
854 714 952 754 tuas
984 710 1126 766 siquid
1158 711 1274 766 sapis
1305 711 1418 754 inter
1447 724 1624 755 arenas:

527 788 597 831 Ire
627 800 704 844 per
735 787 986 843 Euphraten
1019 786 1073 829 ad
1105 790 1181 829 tua
1212 786 1340 830 busta
1371 787 1484 843 licet,

285 951 378 993 nos,
424 950 504 980 nos
550 938 741 992 inquam,
788 937 863 992 qui
904 939 968 979 tot
1009 936 1193 979 saeculis
1234 939 1333 992 post
1373 936 1575 991 vivimus,
1605 937 1796 993 graviter

287 1026 621 1057 commovemur.

345 1089 570 1132 Praeterea
628 1101 757 1144 quam
802 1101 1053 1144 perversum
1100 1091 1176 1143 est,
1223 1101 1359 1144 quum
1407 1091 1603 1131 veterum
1651 1091 1796 1133 vetere

286 1166 436 1222 lingua
478 1167 658 1221 scriptos
702 1164 832 1207 libros
863 1164 1059 1220 legimus,
1087 1168 1259 1220 propter
1289 1165 1455 1220 aliquot
1485 1164 1796 1209 vocabulorum

261 1254 547 1309 “consensum
595 1242 738 1283 statim
787 1241 1071 1283 imitationem
1117 1240 1296 1283 odorari.
1344 1240 1434 1296 Ipsi
1480 1240 1544 1283 illi
1586 1241 1663 1297 qui
1704 1241 1796 1285 suis

289 1317 471 1371 civibus,
502 1318 594 1359 suis
626 1315 881 1372 aequalibus
908 1316 1116 1371 scribunt,
1143 1317 1181 1359 si
1207 1316 1259 1359 de
1285 1316 1499 1359 industria
1524 1329 1652 1360 voces
1669 1330 1797 1373 quas·-

290 1394 387 1436 dam
430 1393 482 1435 ab
514 1393 609 1436 aliis
641 1396 833 1447 sumunt,
866 1397 1056 1435 metuere
1088 1393 1228 1435 solent
1259 1405 1312 1435 ne
1345 1393 1525 1436 lectores
1555 1392 1665 1436 illud
1695 1405 1798 1436 con-

290 1469 435 1512 silium
479 1482 568 1511 non
608 1472 864 1525 agnoscant3
909 1470 1151 1524 operarium
1194 1481 1294 1525 ergo
1326 1469 1423 1512 illas
1455 1470 1578 1525 signo
1610 1469 1798 1526 quodam

289 1548 438 1587 notare
468 1545 629 1588 iubent.
662 1544 746 1588 Sed
777 1557 904 1600 saepe
934 1548 1078 1587 tamen
1109 1545 1169 1587 ita
1199 1557 1426 1600 peccamus
1458 1545 1686 1601 philologi:
1720 1546 1798 1602 qui

291 1621 406 1664 enim
451 1622 597 1676 pueris
640 1620 844 1663 docendis
884 1621 1047 1663 victum
1081 1633 1352 1676 quaeramus,
1385 1621 1502 1663 haud
1530 1620 1655 1664 facile
1685 1621 1798 1664 ludi-

291 1697 544 1752 magistrum
586 1697 802 1739 exuimus.
844 1695 979 1752 Saepe
1010 1696 1244 1752 discipulos
1275 1700 1444 1739 nostros
1476 1698 1539 1740 sic
1563 1698 1798 1754 interroga-

293 1786 411 1816 mus:
449 1772 656 1827 „Nostine
687 1776 730 1815 et
759 1773 894 1814 alium
925 1772 1082 1827 locum,
1109 1772 1185 1814 ubi
1211 1772 1469 1815 vocabulum
1497 1773 1549 1816 de
1576 1786 1661 1829 quo
1678 1786 1798 1816 nunc

291 1862 391 1891 cum
439 1850 627 1891 maxime
672 1851 842 1905 agimus
887 1850 1123 1904 reperiatur
1134 1849 1184 1892 ?’'
1234 1849 1279 1892 Si
1328 1850 1566 1906 discipulus
1598 1853 1663 1894 est
1688 1863 1798 1907 puer

293 1925 623 1968 humanioribus
656 1925 810 1968 studiis
841 1928 970 1967 natus
1001 1926 1149 1968 recitat
1176 1926 1449 1980 versiculum,
1476 1929 1518 1968 et
1533 1926 1798 1982 gaudemus;

293 2002 399 2055 iure,
445 1993 553 2043 nihil
594 2003 709 2044 enim
742 2001 1006 2044 discentibus
1038 2005 1103 2044 est
1133 2002 1285 2044 utilius
1319 2016 1448 2058 quam
1479 2015 1633 2046 versus
1667 2016 1799 2060 quam

293 2077 502 2133 plurimos
535 2078 740 2120 memoria
769 2080 926 2120 tenere.
957 2076 1033 2120 Sin
1066 2080 1209 2120 autem
1237 2078 1355 2120 illius
1381 2079 1560 2122 rationis
1587 2079 1657 2122 vel
1674 2080 1800 2122 mini·

293 2166 407 2195 mam
438 2156 598 2208 partem
631 2154 677 2194 in
710 2153 1028 2196 lucubrationes
1062 2157 1230 2196 nostras
1257 2154 1535 2210 philologicas
1561 2155 1800 2199 introduci·

295 2242 406 2282 mus,
446 2227 697 2270 κειτουκείτου
737 2229 855 2271 illius
887 2229 1049 2271 similes
1082 2243 1246 2284 sumus,
1277 2243 1420 2285 neque
1450 2244 1645 2287 unquam
1676 2231 1802 2288 quid-

297 2317 426 2358 quam
469 2304 654 2347 scribere
693 2305 927 2360 poterimus
970 2305 1086 2360 quod
1130 2306 1287 2348 adultis
1320 2306 1542 2362 doctisque
1573 2308 1732 2362 pariter
1757 2310 1801 2350 et

297 2380 403 2421 utile
450 2381 504 2422 sit
548 2383 590 2422 et
630 2381 744 2423 lectu
785 2381 1037 2423 iucundum.
1067 2381 1179 2423 Nam
1211 2386 1304 2424 tum
1337 2382 1511 2425 demum
1542 2383 1638 2426 iure
1668 2384 1800 2426 conii·

297 2456 434 2497 cimus
466 2459 633 2510 poetam
665 2457 798 2499 alium
830 2461 929 2499 ante
961 2457 1107 2500 oculos
1140 2457 1342 2501 habuisse
1374 2462 1553 2514 poetam,
1587 2473 1724 2515 quum
1754 2460 1799 2502 id

300 2531 413 2584 quod
445 2531 546 2573 dicit
576 2536 748 2588 propter
779 2535 1107 2576 sententiae
1139 2547 1225 2576 non
1259 2538 1346 2576 tam
1378 2548 1638 2578 consensum
1665 2548 1801 2592 ,quam

299 2605 585 2649 diversitatem
617 2610 761 2650 statim
788 2608 912 2651 nobis
938 2611 983 2651 in
1011 2613 1197 2652 mentem
1226 2610 1336 2653 alius
1353 2613 1500 2666 poetae
1517 2614 1641 2653 vocat
1654 2611 1802 2653 locum

299 2681 497 2736 aliquem.
545 2682 845 2727 Diversitatem
892 2687 981 2738 aio;
1030 2700 1130 2728 nam
1172 2686 1474 2729 difficillimum
1517 2687 1704 2742 profecto
1735 2691 1801 2731 est

298 2760 482 2799 statuere
529 2763 671 2801 utrum
719 2764 842 2815 poeta
889 2762 1063 2817 aliquod
1089 2763 1269 2808 ‚dictum
1313 2776 1369 2806 ex
1418 2763 1558 2806 alieno
1589 2764 1634 2805 in
1667 2776 1797 2806 suum

300 2833 563 2874 transtulerit
610 2847 780 2877 carmen
826 2849 984 2891 necne;
1033 2838 1108 2881 sed
1153 2838 1277 2881 facile
1323 2839 1598 2894 agnoscimus
1630 2841 1799 2894 poetam
