2034 3334
1056 346 1111 387 32

357 484 359 486 ·
384 471 419 527 Ι,
451 469 507 514 20
659 471 904 515 Caecubum
937 475 979 515 et
1010 472 1126 529 prelo
1160 472 1365 516 domitam
1398 471 1555 516 Caleno

653 548 718 592 Tu
750 548 870 592 bibes
904 562 1049 605 uvam,
1081 561 1176 592 mea
1209 562 1288 592 nec
1318 549 1524 593 Falernae

652 625 909 682 Temperant
940 626 1050 669 vites
1082 639 1224 683 neque
1256 625 1475 670 Formiani

833 702 994 746 Pocula
1025 703 1167 746 colles.

387 828 582 872 Obscure
613 829 776 872 dictum
810 842 905 873 esse
941 843 1046 872 non
1081 829 1358 874 Falernae
1385 832 1535 874 vites
1567 844 1683 874 mea
1711 834 1838 875 tem-

327 911 530 962 perant
571 906 776 962 pocula
814 907 893 949 hoc
925 919 1079 950 sensu:
1114 906 1278 950 Vinum
1311 907 1428 964 quod
1461 921 1552 964 ego,
1583 921 1698 965 aqua
1728 909 1839 952 mix·

327 986 433 1034 tum,
483 982 626 1025 bibere
673 982 790 1026 soleo
837 996 922 1025 non
969 984 1114 1040 magni
1163 985 1288 1040 pretii
1330 984 1421 1038 (sed
1464 985 1766 1040 quotidianum
1797 988 1840 1028 et

327 1072 458 1116 prope
487 1059 671 1102 fundum
706 1071 850 1101 meum
885 1061 1049 1114 natum)
1078 1063 1155 1113 est,
1184 1061 1283 1116 quis
1312 1060 1471 1116 neget?
1499 1060 1678 1104 Minime
1694 1048 1838 1104 tamen

327 1147 426 1178 cum
461 1125 772 1191 Peerlkampio'
790 1139 928 1178 totum
955 1149 1128 1180 carmen
1155 1135 1334 1179 Horatio
1363 1136 1621 1181 abiudicem.
1654 1136 1724 1181 Ex
1751 1150 1840 1181 uno

327 1212 441 1254 enim
489 1210 698 1254 vocabulo
742 1215 1083 1268 temperant,
1126 1213 1241 1269 quod
1277 1214 1437 1269 optimo
1468 1214 1564 1257 iure
1594 1213 1839 1258 Peerlkam—

330 1289 431 1345 pius
479 1287 704 1345 improbat,
749 1301 839 1344 ego,
886 1291 1086 1345 quamvis
1135 1289 1322 1333 absurda
1370 1303 1463 1333 mea
1510 1291 1567 1335 de¹
1609 1304 1659 1334 eo
1702 1291 1838 1335 videri

328 1365 464 1421 possit
495 1365 718 1419 sententia,
750 1364 979 1408 Horatium
1015 1370 1231 1410 auctorem
1268 1380 1466 1423 agnosco.
1498 1366 1609 1410 Nam
1643 1367 1698 1411 ad
1728 1367 1838 1412 illud

328 1445 552 1497 utcunque
583 1441 885 1497 explicandum
920 1442 1325 1499 defendendumque
1355 1443 1507 1487 iisdem
1534 1443 1623 1487 fere
1640 1457 1751 1501 opus
1767 1448 1832 1488 est

327 1516 582 1573 ambagibus
617 1516 777 1573 quibus
808 1518 891 1560 viri
924 1518 1038 1561 docti
1070 1520 1116 1561 in
1150 1519 1347 1563 versibus
1379 1519 1427 1575 (Ι,
1460 1521 1554 1574 31):

622 1644 825 1688 Premant
857 1645 1014 1689 Calena
1043 1646 1153 1690 falce
1185 1646 1344 1703 quibus
1377 1647 1493 1690 dedit

623 1721 812 1765 Fortuna
844 1724 987 1778 vitem,
1019 1723 1139 1767 dives
1171 1727 1213 1767 et
1243 1725 1385 1767 aureis

741 1798 951 1842 Mercator
981 1801 1170 1843 exsiccet
1202 1800 1377 1843 culullis

861 1875 975 1919 Vina
1002 1876 1110 1931 Syra
1141 1880 1335 1933 reparata
1370 1890 1522 1920 merce.

327 2002 380 2045 ad
412 2002 670 2045 vocabulum
703 2004 963 2047 exsiccet
993 2003 1262 2060 probandum
1295 2005 1360 2046 uti
1389 2004 1537 2047 solent.
1557 2003 1611 2047 Et
1627 2005 1833 2060 quoniam

325 2079 459 2122 semel
506 2079 558 2121 de
605 2080 706 2121 vino
753 2080 981 2136 epulisque
1027 2082 1211 2136 agimus,
1252 2081 1298 2122 in
1331 2085 1514 2124 mentem
1548 2081 1638 2137 tibi,
1669 2081 1834 2139 Lector,

327 2168 482 2198 revoca
538 2156 647 2198 illud
698 2156 910 2213 vigiles
966 2157 1234 2199 lucernas
1291 2157 1480 2213 perfer
1526 2159 1581 2201 in
1627 2159 1836 2216 lucem,

329 2232 444 2288 quod
493 2233 597 2288 quin
645 2233 725 2275 hoc
772 2246 903 2276 sensu
949 2234 1136 2289 positum
1185 2235 1263 2276 sit:
1301 2234 1416 2288 „noli
1448 2236 1712 2292 simulatque
1741 2249 1832 2280 nox

328 2308 528 2351 ceciderit
575 2309 766 2366 domum,
815 2314 862 2352 ut
909 2310 1034 2365 soles,
1083 2311 1262 2363 reverti3
1310 2312 1416 2367 quin
1460 2313 1604 2368 potius
1636 2312 1833 2356 tenebras

327 2385 539 2441 pellamus
585 2385 774 2429 lucernis
816 2390 859 2429 et
895 2387 957 2429 sic
1000 2386 1053 2428 ad
1096 2386 1200 2429 solis
1242 2391 1383 2430 ortum
1428 2393 1604 2432 strenue
1635 2388 1832 2432 bibamus

327 2466 369 2504 et
409 2461 627 2504 iocemur''
671 2463 872 2519 equidem
915 2464 1092 2506 minime
1141 2463 1301 2507 dubito.
1350 2464 1604 2509 Conferatur
1644 2466 1832 2523 denique

328 2539 443 2594 quod
480 2538 555 2593 IV,
600 2540 653 2580 12
696 2540 863 2596 legitur.
903 2539 1139 2596 Virgilium
1182 2542 1411 2597 quendam,
1447 2547 1724 2586 mercatorem
1767 2545 1832 2598 (ut

327 2616 449 2658 aiunt
479 2616 704 2670 nonnulli),
735 2618 877 2660 iocose
908 2617 963 2659 ad
994 2618 1141 2673 epulas
1173 2619 1327 2661 invitat
1354 2618 1581 2662 Horatius:
1612 2632 1688 2679 ver
1715 2621 1828 2663 enim

327 2692 442 2747 quod
488 2693 572 2734 iam
620 2693 775 2747 inierit,
822 2693 995 2736 bibendi
1042 2698 1212 2750 tempus
1258 2708 1352 2739 esse
1398 2696 1472 2738 sed
1519 2697 1669 2738 vinum
1713 2708 1832 2753 egre-

326 2770 461 2824 gium,
493 2768 607 2823 quod
641 2770 769 2811 anxie
799 2771 843 2811 in
877 2770 984 2812 cella
1016 2771 1267 2827 condiderit,
1299 2785 1346 2815 se
1375 2786 1463 2814 non
1491 2785 1584 2815 esse
1612 2777 1832 2829 promptu-

327 2858 424 2886 rum
458 2845 542 2886 nisi
576 2857 625 2886 ea
656 2845 897 2888 conditione
928 2851 977 2889 ut
1008 2848 1172 2890 amicus
1201 2848 1384 2891 nardum
1412 2850 1829 2904 praestantissimum

1994 2960 2014 3113 ἐ
