2034 3334
1075 387 1158 430 118

438 514 496 558 cf.
526 514 606 570 ΙΠ,
639 487 685 570 9,x
710 514 761 556 11
798 527 881 570 sq.:

556 623 692 674 Quem
724 622 849 665 modo
880 622 1045 666 felicem
1079 621 1243 663 invidia
1274 621 1511 663 admirante
1540 618 1747 676 ferebant,

615 699 743 742 Nunc
774 699 936 742 decimo
969 698 1169 741 admittor
1200 698 1276 739 vix
1305 710 1384 753 ego
1416 708 1589 753 quoque
1619 695 1699 739 die.

376 817 460 860 Sed
490 819 532 859 et
561 815 639 871 ΙΠ,
673 792 739 870 1311,
775 816 828 858 21
863 829 980 872 sqq.:

1840 894 1842 899 ,
1956 887 1962 897 η

1808 879 1881 956 L»
1938 899 2034 942 ,ζιίκ

555 925 742 982 Septima
774 927 860 968 iam
890 925 1041 982 plenae
1073 924 1301 980 deducitur
1331 923 1468 988 ogyssta
1496 923 1639 979 lunae,
1806 951 1810 960 -.
1862 936 1911 978 st,

616 1001 722 1045 Cum
754 1002 806 1045 de
839 1015 907 1044 me
938 1005 980 1044 et
1010 1002 1062 1044 de
1092 1004 1134 1044 te
1166 1001 1350 1057 compita
1380 1000 1501 1043 nulla
1533 1002 1696 1043 tacent:

555 1078 722 1122 Interea
752 1077 876 1121 nobis
907 1091 995 1121 non
1027 1091 1253 1134 nunquam
1284 1078 1416 1120 ianua
1446 1077 1600 1132 mollis,

615 1154 714 1197 Non
745 1168 969 1211 nunquam
1001 1154 1100 1197 lecti
1131 1155 1253 1211 copia
1283 1153 1394 1197 facta
1422 1154 1499 1197 tui.

439 1280 614 1337 Semper
658 1284 828 1338 paratos
867 1280 995 1324 habet
1036 1283 1282 1337 praetextus
1314 1284 1356 1324 et
1387 1280 1554 1337 effugia.
1586 1279 1696 1323 Prae
1726 1280 1878 1324 ceteris

379 1361 521 1401 autem
549 1360 672 1414 poe‘ta
696 1357 824 1400 Isidis
851 1357 924 1399 illa
951 1358 1164 1400 exsecrari
1180 1370 1301 1400 sacra
1316 1358 1424 1400 solet
1438 1360 1659 1413 tamquam
1675 1369 1876 1413 magnam

379 1434 535 1477 doloris
581 1446 768 1503 causam,
811 1433 948 1489 deque
992 1434 1078 1476 illis
1120 1434 1383 1490 lepidissime
1414 1437 1455 1476 et
1486 1433 1589 1476 alibi
1619 1433 1880 1477 lamentatur

383 1513 424 1554 et
453 1509 531 1566 ΠΙ,
565 1498 650 1566 31’,“’
668 1510 717 1552 1;

554 1618 708 1661 Tristia
738 1620 823 1661 iam
853 1619 1036 1662 redeunt
1066 1620 1222 1663 iterum
1257 1619 1480 1663 sollemnia
1519 1619 1668 1662 nobis:

617 1695 800 1751 Cynthia
830 1697 916 1739 iam
948 1700 1094 1740 noctes
1127 1701 1191 1740 est
1222 1700 1394 1753 operata
1426 1696 1585 1752 decem,
1616 1709 1650 1740 e.
1667 1710 1706 1752 q.
1725 1709 1759 1740 s.

378 1811 433 1854 Et
463 1812 635 1854 omnino
666 1815 731 1855 est
762 1813 971 1868 quaedam
1003 1814 1204 1856 simulata
1235 1813 1524 1870 puellularum
1556 1813 1707 1870 pietas,
1731 1826 1877 1856 aman-

378 1887 493 1931 tibus
537 1889 846 1932 molestissima.
888 1889 996 1932 Ruri
1037 1903 1137 1947 ergo
1169 1904 1293 1934 suam
1326 1889 1554 1961 Cynthiae}
1585 1903 1678 1934 esse
1711 1890 1879 1933 mavult

378 1967 501 2020 poeta.
532 1978 661 2020 quam
692 1967 739 2007 in
771 1965 902 2008 urbe:
941 1966 1087 2020 „mic”
1118 1969 1233 2010 enim
1266 1968 1325 2009 ait
1355 1967 1448 2023 (HI,
1482 1958 1552 2024 12,
1586 1967 1640 2010 10
1673 1967 1775 2023 sq.):

558 2074 652 2116 Illic
683 2078 724 2117 te
755 2076 865 2117 nulli
895 2079 1096 2131 poterunt
1127 2089 1401 2133 corrumpere
1430 2076 1522 2119 ludi

615 2150 817 2207 Fanaque
847 2154 1031 2208 peccatis
1062 2154 1248 2210 plurima
1281 2167 1411 2196 causa
1442 2154 1541 2196 tuis.

439 2265 565 2309 Isidis
598 2271 738 2310 autem
770 2268 977 2311 solemnia
1010 2270 1275 2313 mulierculis
1306 2269 1511 2313 Romanis
1542 2270 1786 2326 gratissima
1803 2268 1879 2312 sed

381 2342 623 2386 amantibus
665 2344 926 2387 invisissima
956 2345 1090 2388 fuisse
1122 2350 1163 2389 et
1194 2347 1266 2389 alii
1297 2349 1462 2402 praeter
1493 2345 1764 2402 Propertium
1795 2348 1879 2388 tes-

380 2420 525 2460 tantur
555 2422 701 2474 poetae
733 2424 774 2462 et
801 2420 998 2464 'ffibullus
1030 2421 1064 2477 Ι,
1099 2423 1136 2478 3,
1170 2424 1225 2465 23
1259 2436 1344 2479 sq.:

560 2535 673 2586 Quid
703 2541 778 2579 tua
808 2551 925 2580 nunc
954 2538 1036 2581 Isis
1069 2541 1187 2595 mihi,
1218 2539 1352 2596 Delia,
1385 2541 1490 2596 quid
1521 2540 1627 2582 mihi
1651 2542 1833 2596 prosunt

617 2613 730 2656 Aera
760 2618 836 2656 tua
866 2616 989 2658 toties
1021 2616 1095 2658 illa
1124 2618 1295 2673 repulsa
1326 2618 1491 2660 manu?

443 2728 477 2769 E
509 2729 663 2771 Tibulli
695 2744 795 2774 vero
828 2745 925 2775 cum
959 2733 1181 2790 Propertio
1209 2737 1524 2792 comparatione
1550 2739 1591 2779 et
1607 2748 1878 2779 communem

383 2804 503 2846 illum
537 2806 649 2860 apud
681 2806 795 2849 illius
828 2810 975 2851 aetatis
1009 2813 1154 2865 poetas
1180 2811 1314 2854 fuisse
1341 2812 1481 2854 locum
1510 2812 1562 2854 de
1587 2811 1875 2868 puellularum

383 2881 512 2922 nimia
558 2882 711 2936 pietate
751 2896 1004 2939 cognoscere
1045 2889 1164 2942 potes
1208 2890 1250 2929 et
1282 2901 1307 2929 a
1338 2887 1559 2943 Propertio
1591 2889 1650 2930 ita
1681 2901 1774 2931 esse
1804 2887 1877 2930 ad-
