2034 3334
947 371 1002 409 89

193 498 240 535 ut
279 496 466 545 effugere
507 506 592 534 non
633 506 758 544 posse
799 495 881 534 sibi
921 495 1129 545 videatur,
1173 496 1240 534 his
1281 495 1424 535 verbis
1456 496 1500 534 in
1531 497 1752 535 auctorem

190 572 351 611 funesti
381 572 595 611 mendacii
627 572 866 611 invehitur:

486 649 570 688 Ubi
602 649 688 688 illic
721 650 819 687 est?
850 649 1004 698 scelus,
1038 649 1110 697 qui
1141 659 1212 687 me
1244 648 1440 687 hodie...

189 726 266 765 Est
306 726 386 765 hoc
427 726 600 764 initium
642 735 808 774 scenae,
853 725 920 764 cui
956 724 1340 773 prudentissimam
1370 725 1482 763 hanc
1512 725 1753 773 praemittit

189 802 535 841 observationem
588 801 849 840 Scholiasta:
902 801 1045 850 „Haec
1086 811 1215 839 scena
1257 801 1377 839 cuius
1418 800 1752 848 perturbationis

190 888 285 917 esse
327 878 490 928 debeat,
535 878 669 917 etiam
710 888 840 926 supra
879 878 1006 926 poeta
1046 877 1322 926 praestruxit,
1362 887 1460 916 cum
1493 877 1546 915 ad
1578 887 1750 916 consen-

188 954 384 993 tiendum
415 954 524 993 Davi
556 954 732 992 consilio
764 954 937 992 tardum
969 953 1245 1002 Pamphilum
1275 953 1478 992 faceret.”

248 1030 379 1069 Andr.
422 1041 485 1069 vs.
530 1031 628 1069 642.
673 1029 894 1079 Charinus,
939 1030 982 1068 in
1019 1040 1207 1069 errorem
1248 1030 1448 1069 inductus
1480 1030 1613 1069 stulto
1644 1030 1753 1069 Davi

190 1107 448 1155 commento7
494 1105 582 1144 iam
614 1106 748 1144 credit
779 1115 929 1144 revera
960 1105 1236 1154 Pamphilum
1268 1105 1441 1154 nuptias
1474 1115 1626 1154 cupere
1657 1105 1751 1144 Phi-

188 1181 400 1231 lumenae,
445 1192 575 1229 quam
617 1192 664 1220 se
705 1182 858 1220 ducere
899 1181 1009 1220 velle
1052 1181 1122 1220 ille
1154 1181 1450 1220 simulaverat.
1483 1182 1620 1220 Ratus
1653 1192 1751 1230 ergo

187 1257 411 1296 aemulum
443 1258 486 1296 et
515 1256 726 1306 perfidum
757 1257 979 1296 aemulum
1006 1267 1100 1295 esse
1128 1267 1256 1305 quem
1283 1258 1499 1296 sincerum
1528 1257 1753 1297 crediderit

190 1333 380 1372 amicum
411 1334 551 1372 multa
582 1334 847 1372 lamentatur
879 1333 929 1372 de
956 1333 1138 1372 fallaciis
1166 1333 1404 1372 hominum.
1433 1333 1624 1372 Tandem
1652 1343 1750 1372 eum

148 1399 151 1401 ’
189 1408 441 1457 Pamphilus
472 1409 535 1447 sic
566 1409 818 1457 alloquitur:

308 1483 502 1534 Charine,
547 1485 590 1523 et
630 1495 701 1523 me
739 1485 783 1523 et
814 1485 856 1523 te
888 1484 1149 1533 imprudenS,
1184 1484 1268 1523 nisi
1299 1484 1399 1532 quid
1431 1485 1473 1523 di
1504 1484 1749 1534 respiciunt,

1501 1560 1690 1609 [perdidi.

189 1636 242 1675 Et
288 1636 381 1675 ille:
433 1636 592 1685 „Itane,
643 1635 934 1684 imprudens.”
983 1635 1176 1675 Annotat
1223 1636 1485 1675 Scholiasta:
1537 1636 1666 1685 „Mire
1709 1637 1752 1675 et

190 1711 418 1751 artificiose
459 1711 562 1750 fecit
602 1711 877 1760 Pamphilum
913 1711 1100 1760 priorem
1132 1711 1290 1760 alloqui
1322 1711 1374 1750 ad
1405 1711 1751 1760 perfringendam

189 1787 456 1826 iracundiam
483 1786 677 1835 Charini;
707 1787 895 1835 alioquin
920 1787 957 1825 si
978 1787 1093 1835 prior
1109 1787 1334 1826 vociferari
1344 1788 1569 1837 potuisset,
1588 1787 1752 1836 tragica

190 1862 505 1902 exclamatione
545 1873 651 1901 usus
691 1862 874 1901 fuisset'’
919 1864 983 1901 et:
1031 1863 1243 1911 „Attende
1275 1863 1355 1902 hoc
1385 1863 1508 1903 illum
1545 1864 1748 1912 repetere,

190 1938 301 1986 quod
344 1938 589 1986 indignatur
630 1938 782 1987 magis,
818 1938 941 1986 quasi
973 1938 1176 1977 audierit:
1210 1938 1558 1988 imprudens,
1593 1940 1636 1977 et
1666 1949 1752 1978 non

190 2013 372 2052 audierit
399 2013 603 2061 reliqua.''
631 2013 913 2051 Rectissime:
942 2012 1152 2052 Charinus
1180 2014 1478 2062 inexspectata
1504 2014 1751 2052 calamitate

190 2089 388 2138 afflictus,
433 2088 632 2136 colloquii
673 2088 845 2126 initium
888 2099 973 2127 non
1013 2088 1142 2127 faciet
1173 2089 1258 2127 nisi
1288 2088 1432 2127 verbis
1463 2090 1555 2127 tam
1587 2089 1752 2128 acerbis

189 2165 365 2212 tamque
396 2164 534 2213 plenis
567 2163 873 2212 indignationis
904 2165 953 2201 ut
978 2164 1054 2201 vix
1081 2164 1418 2202 adolescentium
1445 2164 1584 2212 gratia
1609 2174 1750 2203 recon-

191 2239 326 2278 ciliari
356 2239 505 2288 possit.
539 2239 662 2278 Nunc
688 2239 901 2287 Pamphili
928 2239 1060 2277 verba
1086 2249 1170 2277 non
1197 2239 1339 2278 solum
1366 2240 1458 2277 eius
1485 2239 1752 2278 iracundiam

191 2315 400 2364 cohibent,
450 2316 524 2354 sed
573 2315 705 2353 etiam
748 2315 801 2352 iis
841 2314 997 2353 finibus
1039 2315 1375 2353 adolescentium
1417 2315 1752 2363 disputationem

193 2390 414 2429 includunt
439 2391 488 2429 ut
514 2390 662 2438 paucis
688 2390 830 2428 verbis
862 2400 1031 2438 „rerum
1050 2389 1247 2428 inscitia”
1267 2400 1374 2438 quae
1391 2390 1542 2439 fuerat,
1562 2391 1750 2430 tollatur.

250 2476 314 2504 VS.
344 2466 442 2504 819.
471 2466 616 2504 Davus
642 2465 792 2504 fictum
818 2470 845 2504 'a
871 2476 918 2504 se
943 2466 1218 2504 mendacium
1245 2467 1296 2504 de
1313 2467 1460 2505 litibus
1477 2467 1751 2515 Pamphilum

192 2541 303 2580 inter
339 2542 381 2580 et
413 2541 659 2589 Glycerium
691 2541 883 2580 narravit
915 2541 1079 2580 Simoni
1110 2542 1324 2590 Pamphili
1354 2543 1477 2591 patri,
1512 2543 1583 2590 qui
1614 2541 1751 2581 filium

191 2626 319 2654 suum
367 2616 520 2654 ducere
565 2616 660 2654 vult
706 2615 946 2654 Chremetis
992 2616 1149 2655 filiam:
1198 2617 1491 2656 simulandum
1533 2618 1648 2656 enim
1685 2621 1752 2658 est

192 2691 416 2739 Pamphilo
459 2701 625 2739 quoque
671 2691 750 2730 has
781 2692 953 2740 nuptias
984 2692 1164 2740 placere.
1199 2692 1336 2730 Simul
1367 2694 1515 2743 tamen
1547 2693 1752 2733 Chremes

192 2766 470 2804 deterrendus
502 2767 568 2804 est
599 2776 652 2804 ne
683 2765 818 2804 filiam
846 2767 938 2813 det;
967 2767 1059 2805 ideo
1088 2767 1309 2816 Mysidem,
1340 2767 1523 2815 Glycerii
1550 2769 1751 2808 ancillam

195 2841 311 2879 iubet
337 2841 548 2879 Parmeno
576 2841 786 2880 infantem
814 2852 836 2880 e
862 2842 1086 2890 Pamphilo
1114 2843 1265 2880 natum
1293 2844 1392 2880 ante
1420 2842 1607 2881 Simonis
1624 2844 1751 2882 aedes

195 2925 416 2966 apponere.
461 2916 542 2956 Sed
585 2916 711 2957 citius
753 2927 882 2966 quam
921 2918 1196 2967 exspectatus
1229 2918 1296 2956 est
1327 2917 1531 2957 Chremes
1563 2919 1748 2967 advenit,
