2034 3334
950 350 1036 391 288
1078 355 1079 358 ’

198 476 482 516 Terentianae
528 474 737 515 orationis
781 474 965 516 facetiae
1011 475 1194 516 habent:
1238 478 1392 517 tenues
1433 478 1548 528 sunt,
1591 476 1775 519 subtiles

198 554 328 601 atque
369 551 582 591 eiusmodi
623 552 674 590 ut
714 561 799 590 non
840 552 994 600 sponte
1026 561 1052 591 a
1082 552 1237 601 quovis
1268 552 1565 593 observentur.
1598 552 1775 604 Raptim

198 628 419 677 obiterque
461 627 534 677 qui
575 626 826 667 Terentium
863 627 980 678 legit,
1014 629 1203 676 quantus
1234 628 1307 668 ille
1338 628 1469 668 fuerit
1499 628 1659 670 artifex
1689 638 1775 670 non

197 703 381 752 videbit;
414 703 576 743 sentiet
607 703 687 743 hoc
719 703 792 752 qui
819 702 891 742 diu
918 703 1233 760 singulos-eius
1259 714 1413 744 versus
1439 705 1551 754 apud
1577 704 1775 746 animum

197 790 327 819 suum
373 778 657 829 perpenderit,
707 780 751 818 et
797 778 841 818 in
888 779 980 818 dies
1026 779 1187 819 sentiet
1231 779 1387 830 magis,
1436 780 1671 821 dummodo
1719 802 1774 810 -

196 866 385 905 namque
425 856 507 895 hoc
547 855 749 895 accedere
790 855 918 895 debet
960 878 1013 884 —
1055 857 1208 905 poetae
1249 858 1504 896 venustates
1539 856 1776 899 monstrari

196 932 278 972 sibi
315 932 505 982 patiatur
537 942 563 971 a
593 931 972 980 praestantissimo
1004 931 1077 971 illo
1108 932 1214 982 viro,
1248 932 1300 971 de
1332 942 1415 981 quo
1446 934 1566 972 totus
1598 931 1670 972 hic
1692 931 1777 973 ruit

195 1009 315 1049 liber.
358 1009 465 1048 Tam
507 1007 646 1048 bonus
689 1009 805 1047 enim
847 1008 920 1048 ille
957 1008 1146 1048 Terentii
1178 1009 1261 1048 fuit
1286 1009 1422 1050 lector
1451 1011 1502 1049 ut
1532 1019 1619 1049 non
1647 1008 1775 1051 facile

196 1085 235 1124 ei
266 1095 343 1134 par
374 1084 562 1124 exsistat
593 1083 762 1132 aliquis.
792 1084 950 1134 Quodsi
977 1084 1074 1133 quis
1103 1085 1227 1133 putet
1258 1084 1391 1124 nimis
1417 1095 1489 1125 me
1516 1085 1579 1125 illi
1605 1094 1775 1125 morem

194 1171 342 1210 gerere
385 1162 429 1200 et
468 1170 579 1210 quae
619 1171 835 1210 nusquam
877 1161 967 1200 sint
1002 1163 1217 1201 terrarum
1248 1161 1394 1201 videre
1426 1162 1537 1202 velle
1569 1162 1774 1212 quoniam

194 1237 371 1277 iusserit
402 1237 497 1277 ille:
531 1237 644 1276 hunc
677 1237 821 1287 ipsum
854 1238 1054 1286 equidem
1086 1238 1248 1287 accipio
1281 1238 1480 1278 iudicem.
1514 1237 1693 1288 Aliquot
1721 1238 1775 1278 de

194 1314 426 1354 reconditis
458 1313 647 1353 Terentii
679 1314 849 1354 facetiis
877 1314 1144 1354 scholiastae
1171 1315 1497 1355 observationes
1524 1315 1657 1364 eligat
1681 1315 1774 1365 ipse
1846 1341 1849 1347 -

195 1392 238 1430 et
264 1391 432 1430 tamdiu
449 1391 596 1430 mente
614 1390 930 1440 contempletur
946 1391 1081 1430 donec
1096 1401 1247 1430 veram
1265 1401 1415 1430 earum
1431 1389 1664 1440 perspiciat
1679 1399 1772 1430 sen-

194 1467 402 1516 tentiam;
445 1468 542 1506 tum
583 1467 773 1506 Terentii
813 1477 980 1517 versus,
1024 1468 1077 1507 ad
1119 1478 1228 1516 quos
1263 1467 1364 1507 illae
1394 1467 1624 1518 pertinent,
1657 1467 1775 1526 clara

193 1553 299 1583 voce
341 1544 403 1583 ita
443 1543 597 1582 recitet
638 1543 687 1581 ut
727 1543 899 1582 recitari
942 1553 1016 1582 eos
1050 1543 1294 1583 Scholiasta
1323 1543 1484 1582 voluit:
1518 1545 1635 1584 recte
1670 1553 1773 1584 eum

193 1617 355 1657 vidisse
402 1618 636 1667 apparebit.
685 1618 822 1667 Magis
868 1629 971 1658 vero
1017 1619 1293 1668 perspicuum
1338 1618 1414 1658 fiet
1459 1619 1552 1670 hoc,
1596 1619 1636 1658 si
1674 1614 1773 1668 'quis

192 1693 330 1734 bonus
375 1696 638 1745 praeceptor,
688 1695 760 1744 qui
805 1705 1037 1745 puerorum
1084 1697 1256 1735 mentes
1303 1706 1454 1745 capere
1496 1697 1541 1736 et
1581 1696 1773 1736 detinere
1823 1750 1831 1753 -

192 1770 343 1821 possit,
387 1771 431 1810 in
473 1771 588 1810 hunc
618 1771 798 1810 modum
830 1771 1053 1821 discipulis
1084 1772 1176 1811 suis
1207 1772 1383 1821 poetam
1414 1772 1614 1811 nostrum
1643 1771 1771 1812 inter—

191 1847 453 1896 pretabitur:
491 1857 597 1887 mox
629 1847 746 1887 enim
778 1848 823 1886 in
854 1847 1019 1887 deliciis
1051 1858 1150 1887 eum
1184 1847 1246 1887 illi
1276 1847 1507 1887 habebunt.
1541 1847 1595 1887 Et
1625 1846 1773 1888 credat

193 1923 422 1972 quisquam
454 1933 627 1973 semper
657 1924 937 1963 venustatem
959 1923 1149 1973 aliquam
1176 1934 1278 1963 vere
1299 1923 1606 1963 Terentianam
1631 1922 1772 1972 lepido

192 2000 321 2039 alicui
347 1999 569 2039 Menandri
596 1999 665 2039 vel
691 1999 938 2048 Apollodori
963 1999 1095 2038 verbo
1121 1999 1410 2048 respondere?
1436 1999 1505 2039 Ita
1530 1999 1582 2038 de
1609 1988 1772 2039 Graeco

192 2076 344 2115 Latine
384 2077 554 2115 vertere
595 2086 722 2125 posse
760 2059 1002 2114 humanum
1035 2075 1214 2114 modum
1247 2075 1418 2115 excedit
1447 2075 1672 2124 multoque
1703 2076 1773 2115 est

191 2151 406 2191 difficilius
447 2162 579 2200 quam
610 2161 747 2191 novas
779 2151 1024 2191 comoedias
1055 2151 1233 2190 Latinas
1265 2151 1406 2190 facere
1437 2161 1614 2190 summa
1642 2150 1770 2190 laude

191 2227 356 2277 dignas.
390 2228 539 2277 Legite
570 2227 680 2267 mihi
713 2227 974 2276 colloquium
1006 2226 1110 2266 illud
1143 2226 1319 2266 Thaidis
1352 2237 1452 2266 cum
1484 2225 1696 2266 Phaedria
1715 2226 1770 2280 vei:

191 2303 459 2343 Parmenone
491 2303 535 2342 in
566 2303 761 2343 Eunuchi
793 2302 915 2342 initio
947 2302 1016 2342 vel
1049 2302 1271 2341 Sostratae
1303 2312 1402 2341 cum
1429 2301 1655 2351 Pamphilo
1680 2299 1770 2342 filio

191 2379 234 2418 in
280 2380 474 2429 Hecyra:
517 2379 734 2428 permulta
775 2379 834 2418 ibi
875 2378 1145 2428 cognoscetis
1187 2378 1395 2417 orationis
1438 2377 1616 2428 lumina,
1659 2387 1770 2427 quae

191 2457 389 2505 egregius
419 2456 575 2504 aliquis
606 2457 735 2505 poeta
766 2455 858 2504 ipse
885 2454 1079 2494 invenire
1105 2454 1256 2504 possit,
1286 2453 1497 2493 imitando
1525 2453 1770 2503 exprimere

190 2532 337 2571 omnia
378 2542 431 2571 ne
473 2531 565 2580 ipse
607 2531 782 2580 quidem
823 2530 962 2580 possit
997 2529 1162 2579 Apollo.
1197 2529 1391 2578 Cumque
1422 2529 1559 2568 oratio
1591 2529 1770 2571 demum

190 2618 334 2647 mores
375 2607 604 2646 hominum
646 2607 796 2646 reddat
832 2605 1098 2655 conspicuos,
1132 2605 1214 2644 hoc
1245 2605 1333 2644 iam
1366 2603 1628 2644 confidenter
1658 2603 1766 2644 affir-

190 2694 310 2722 mare
351 2693 585 2732 possumus
626 2704 683 2708 —
725 2683 770 2721 et
811 2681 952 2731 gratia
982 2680 1150 2720 Donato
1183 2681 1256 2729 qui
1288 2682 1337 2719 ut
1366 2680 1587 2729 possimus
1619 2679 1766 2727 effece-

189 2761 268 2798 rit:
314 2782 367 2788 -
411 2769 496 2798 non
538 2759 681 2798 solum
722 2759 829 2798 locis
870 2759 941 2797 sat
981 2757 1134 2797 multis
1174 2757 1420 2797 fabularum
1452 2755 1764 2807 oeconomiam,

190 2845 298 2883 quae
330 2835 442 2884 apud
469 2834 655 2874 Graecos
681 2834 764 2873 fuit
790 2835 1001 2883 auctores,
1030 2833 1258 2872 Terentius
1284 2832 1486 2882 mutavit,
1514 2832 1591 2871 sed
1616 2831 1763 2882 etiam,

189 2911 299 2959 quod
343 2911 386 2948 in
418 2910 586 2959 fabuliS,
621 2920 803 2958 quarum
836 2911 928 2948 tarn
961 2908 1150 2958 simplex
1179 2908 1382 2957 narratio,
1416 2907 1555 2947 multo
1586 2906 1765 2946 maioris
