2034 3334
928 363 984 406 19

203 494 245 534 et
275 489 405 534 altera
429 490 631 534 carminis
658 493 776 547 parte
807 489 982 534 alteram
1011 490 1198 534 tollente
1223 494 1264 534 et
1279 489 1550 546 infringente,
1567 489 1714 532 multis

205 567 346 610 verbis
377 567 533 610 dixerit
563 567 680 609 nihil.
715 565 838 617 Quod
873 567 942 609 hic
973 566 1152 610 Horatio
1186 568 1339 610 evenit.
1377 566 1542 621 „Cave”
1571 567 1714 622 inquit

209 647 295 698 „tu,
341 643 529 686 hostium
576 644 708 699 pestis
750 647 791 686 et
832 643 1066 698 calamitas,
1107 656 1162 686 ne
1203 656 1341 686 meam
1375 656 1548 686 moveas
1578 645 1709 686 iram:

204 723 296 763 tum
329 720 444 763 enim
477 733 502 762 a
533 723 575 762 te
607 719 757 762 eodem
791 719 918 762 modo
950 731 1108 776 poenas
1141 732 1311 762 sumam
1341 733 1427 775 quo
1457 719 1712 774 aLycambe

202 795 487 838 Archilochus
535 799 576 839 et
620 809 644 838 a
675 794 843 851 Bupalo
875 794 1149 852 Hipponax.''
1181 796 1241 838 At
1275 797 1379 852 quid
1412 797 1492 838 hoc
1523 798 1712 839 carmine

202 872 304 915 facit
350 871 592 915 Horatius?
636 871 791 915 Nonne
825 871 1113 915 acerbissimis
1145 872 1269 915 illum
1304 873 1522 916 hominem
1554 873 1712 916 lacerat

204 949 476 992 maledictis?
520 948 640 1000 Quae
681 962 780 1005 ergo
824 950 888 991 vis
930 953 995 992 est
1036 948 1264 992 verborum
1298 951 1477 1005 canis,
1509 951 1713 1005 malus,

203 1029 324 1068 atro
358 1026 546 1081 dente,
579 1038 743 1082 quaeve
775 1038 980 1069 versuum
1017 1026 1043 1068 9
1075 1029 1116 1069 et
1148 1027 1203 1069 10

438 1119 513 1171 Tu,
544 1132 642 1163 cum
674 1120 863 1162 timenda
894 1133 1000 1163 voce
1032 1119 1255 1177 complesti
1285 1133 1452 1177 nemus,

499 1195 742 1239 Proiectum
775 1196 966 1239 odoraris
999 1196 1178 1240 cibum?

261 1295 317 1339 Et
348 1298 386 1340 si
418 1310 655 1353 numquam
685 1298 909 1340 inimicum
937 1301 1140 1354 expertus
1166 1302 1230 1341 est
1256 1299 1470 1342 hominem
1489 1298 1708 1354 Horatius,

203 1373 306 1429 quid
348 1376 434 1416 tam
467 1374 620 1416 acriter
649 1374 694 1415 in
723 1386 824 1416 eum
854 1374 1108 1417 invehitur?
1142 1373 1255 1423 Quid
1286 1376 1433 1418 minus
1466 1389 1591 1418 verae
1620 1377 1708 1419 irae

202 1461 415 1506 veraeque
439 1450 724 1506 indignationi
750 1451 964 1506 convenit,
992 1465 1121 1507 quam
1143 1465 1242 1494 cum
1262 1452 1483 1495 maledicis
1499 1453 1704 1495 clamare:

208 1527 318 1580 „nisi
349 1526 519 1569 cavebis
552 1527 800 1569 maledicam
833 1526 972 1569 tibi''?

259 1601 316 1644 X.
346 1601 398 1644 In
441 1603 593 1659 quavis
636 1606 725 1645 arte
757 1604 832 1659 qui
863 1603 1040 1645 modum
1073 1607 1217 1646 tenere
1249 1605 1386 1647 nescit
1418 1605 1702 1660 spectantium

200 1678 520 1735 legentiumque
566 1679 743 1722 affectus
789 1683 934 1722 movet
975 1681 1156 1736 propriis
1197 1680 1419 1723 affectibus
1453 1682 1700 1723 contrarios.

200 1753 282 1810 Sic,
329 1757 403 1812 qui
450 1759 589 1798 orator
635 1756 780 1798 nimiis
827 1747 1027 1799 laudibus
1076 1757 1216 1799 virum
1266 1757 1452 1812 aliquem
1504 1759 1702 1812 quamvis

201 1844 404 1887 magnum
437 1832 614 1886 extollit,
646 1844 694 1874 eo
727 1844 817 1874 rem
849 1831 1046 1887 perducit
1077 1836 1126 1874 ut
1158 1833 1210 1875 de
1242 1833 1360 1875 illius
1393 1834 1555 1875 meritis
1587 1834 1704 1876 iusto

201 1908 334 1963 magis
381 1907 650 1960 dubitemus;
697 1909 771 1963 qui
814 1909 860 1949 in
893 1908 1165 1951 convitiando
1198 1912 1332 1951 semet
1364 1910 1583 1952 continere
1616 1923 1702 1952 non

201 1987 338 2039 potest
382 1984 510 2027 efficit
550 1989 599 2027 ut
640 1998 750 2040 eum,
783 1986 858 2040 qui
894 1986 1130 2028 maledictis
1163 1987 1334 2041 petitur,
1370 2000 1456 2028 non
1490 1991 1576 2028 tam
1608 2000 1702 2042 pra—

201 2071 304 2101 vum
350 2060 565 2103 hominem
613 2075 741 2117 quam
792 2062 959 2104 dicatur
1001 2075 1095 2105 esse
1126 2063 1362 2105 credamus.
1397 2062 1482 2105 Sed
1514 2063 1618 2119 quid
1650 2063 1702 2105 de

202 2136 383 2191 propriis
425 2136 644 2179 affectibus
687 2137 872 2193 loquor?
903 2137 1001 2195 Non
1034 2139 1149 2180 enim
1183 2140 1259 2194 qui
1291 2152 1439 2182 revera
1470 2140 1606 2182 iratus
1638 2144 1702 2182 est

203 2224 356 2254 verave
396 2217 688 2256 commovetur
730 2214 1019 2270 admiratione,
1063 2215 1137 2257 sed
1159 2216 1250 2270 ‚qui
1281 2216 1387 2257 iram
1422 2215 1488 2257 vel
1521 2216 1700 2257 admira-

200 2288 361 2330 tionem
393 2289 566 2346 simulat
596 2290 642 2330 in
675 2290 781 2332 illud
810 2290 924 2346 quod
953 2289 1144 2332 dicebam
1172 2292 1325 2333 vitium
1343 2292 1563 2333 incurrere
1581 2291 1702 2333 solet.

200 2363 258 2407 Ut
306 2365 358 2407 ab
401 2365 481 2407 hoc
522 2366 708 2408 carmine
751 2366 995 2422 exemplum
1029 2380 1212 2423 sumam,
1244 2368 1328 2409 nisi
1362 2367 1547 2410 obstaret
1581 2367 1700 2424 Virg.

198 2439 304 2483 Buc.
333 2439 414 2495 ΠΙ,
449 2441 516 2482 90.

348 2531 433 2584 Qui
463 2533 647 2576 Bavium
681 2547 768 2576 non
801 2535 900 2591 odit,
933 2540 1046 2579 amet
1076 2539 1152 2579 tua
1185 2537 1387 2593 carmina,
1421 2536 1560 2580 Maevi

197 2625 365 2669 nullum
397 2639 590 2682 unquam
621 2625 837 2669 Maevium
869 2626 1048 2671 Horatio
1080 2632 1230 2681 notum
1262 2629 1408 2685 fuisse,
1443 2630 1517 2673 sed
1548 2630 1695 2673 fictum

197 2702 306 2744 illud
346 2716 371 2744 a
411 2706 535 2758 poeta
575 2715 731 2745 nomen
774 2715 868 2745 esse
906 2704 1187 2747 crederemus.
1221 2704 1316 2748 Hoc
1347 2710 1489 2749 tamen
1521 2720 1694 2762 persua-

197 2779 416 2821 sissimum
457 2778 581 2822 nobis
623 2782 698 2833 est,
740 2792 874 2834 quum
914 2793 1084 2823 carmen
1128 2781 1397 2837 scriberetur,
1443 2796 1583 2838 neque
1615 2785 1695 2826 iter

197 2867 296 2897 eum
336 2854 487 2899 fecisse
523 2868 664 2911 neque
704 2855 918 2898 facturum
954 2855 1099 2900 fuisse.
1129 2857 1230 2900 Tam
1263 2859 1375 2901 enim
1409 2859 1580 2901 crudele
1614 2860 1689 2914 qui
