2034 3334
927 363 980 403 55

205 487 414 530 convertit
459 489 522 529 et:
576 485 707 543 „ego”
755 487 813 529 ait
862 499 943 541 „ne
989 489 1063 529 tua
1104 487 1242 529 virtus
1282 486 1410 529 lateat
1440 486 1483 528 in
1517 486 1699 530 obscuro

207 561 405 606 cavebo.'’
451 562 580 606 Recte
625 563 841 605 hactenus.
883 561 1089 618 Sequitur
1129 561 1256 605 Lollii
1284 563 1495 606 virtutum
1527 575 1702 606 enume-

207 640 314 683 ratio
344 639 620 695 frigidissima
649 640 1015 696 ineptissimaque,
1045 653 1175 695 quam
1208 640 1284 695 qui
1314 653 1402 682 uno
1433 639 1527 682 loco
1559 652 1702 683 emen-

206 715 305 758 dare
336 717 475 759 conati
506 719 608 759 sunt
639 717 719 758 viri
750 716 863 758 docti
895 716 999 758 mihi
1030 728 1199 772 operam
1225 716 1459 772 perdidisse
1485 717 1700 760 videntur.

206 793 416 836 Primaria
460 795 602 834 autem
643 791 768 834 Lollii
805 792 943 834 virtus
975 794 1040 834 est
1069 791 1336 851 abstipentia,
1368 791 1702 850 diviQrumque

207 872 486 928 contemptus.
531 868 656 910 Illam
698 880 798 924 ergo
839 867 1067 911 lectoribus
1109 868 1377 911 commendat
1417 871 1541 924 poeta
1571 871 1612 911 et
1642 869 1702 911 ita

205 947 334 1002 longo
381 946 559 988 carmini
603 945 784 1001 imponit
823 944 964 988 finem.
1004 944 1220 988 Poe‘mane
1261 944 1399 988 facere
1439 945 1520 987 hoc
1550 947 1615 988 est
1645 958 1700 988 an

206 1035 370 1079 pannos
401 1022 555 1078 pannis
588 1020 792 1064 assuere?

265 1173 362 1217 Duo
408 1176 494 1217 iam
538 1174 723 1230 exempli
764 1186 894 1216 causa
936 1173 1159 1216 attulimus
1191 1174 1380 1216 carmina
1410 1186 1466 1216 ex
1497 1186 1546 1216 eo
1577 1173 1703 1230 libro,

209 1264 337 1308 quem
379 1251 431 1294 ab
472 1252 670 1307 Augusto
701 1253 874 1306 rogatus
904 1249 1042 1293 tribus
1074 1253 1199 1293 antea
1231 1251 1399 1306 scriptis
1429 1253 1553 1306 poeta
1585 1251 1702 1293 addi-

208 1329 280 1384 dit,
314 1340 441 1384 quem
484 1340 583 1383 ergo
615 1340 664 1370 eo
695 1330 884 1383 tempore
914 1328 1151 1383 composuit
1183 1340 1316 1383 quum
1350 1328 1501 1370 ceteris
1533 1326 1701 1383 sibique

207 1406 292 1461 ipsi
331 1404 448 1452 αὐτὸς
474 1403 613 1446 ἑαυτοῦ
644 1401 859 1450 δεινότατος
889 1415 982 1446 esse
1013 1402 1247 1446 videbatur.
1278 1402 1584 1446 Praemisimus
1617 1403 1701 1446 dis-

206 1482 469 1537 putationem
502 1481 554 1522 de
585 1480 770 1522 carmine
802 1480 986 1535 quodam
1020 1493 1044 1522 e
1075 1480 1212 1535 primo
1237 1478 1360 1534 libro,
1388 1479 1503 1535 quod
1533 1479 1570 1521 si
1587 1482 1701 1522 certo

209 1559 415 1600 sciremus
450 1581 503 1588 —
535 1556 579 1598 id
610 1556 725 1612 quod
755 1557 837 1598 viri
863 1556 975 1599 docti
1004 1556 1202 1598 nonnulli
1229 1558 1494 1599 statuunt—
1512 1556 1700 1611 primum

209 1637 284 1676 aut
312 1635 424 1676 inter
456 1634 594 1689 prima
625 1645 680 1676 ex
711 1633 791 1675 hoc
820 1645 974 1688 genere
1006 1647 1030 1675 a
1061 1636 1185 1689 poeta
1215 1634 1258 1674 in
1292 1633 1432 1675 lucem
1465 1645 1558 1675 esse
1574 1633 1701 1675 emis-

210 1724 320 1766 sum,
352 1712 439 1752 tota
469 1708 637 1752 Horatii
670 1723 738 1752 ars
770 1709 903 1763 lyrica
937 1710 1077 1765 qualis
1106 1708 1158 1752 ab
1185 1710 1307 1751 initio
1335 1709 1389 1751 ad
1415 1708 1544 1751 finem
1571 1708 1701 1751 fuerit

210 1788 427 1830 sciremus.
473 1786 694 1841 Exemplis
736 1787 850 1828 enim
893 1786 1199 1840 docuissemus,
1232 1798 1317 1841 quo
1348 1785 1459 1827 malo
1491 1784 1702 1828 laboraret

210 1862 427 1917 Horatius,
476 1876 609 1918 quum
651 1863 838 1918 primum
879 1863 1027 1918 poesin
1066 1862 1244 1916 lyricam
1277 1865 1450 1917 tangere
1482 1862 1701 1917 coepisset,

209 1939 283 1981 illo
315 1951 370 1981 ne
395 1942 491 1994 post
515 1938 686 1994 longam
702 1938 873 1994 quidem
891 1940 1139 1994 variamque
1155 1939 1500 1981 exercitationem
1516 1937 1699 1981 liberum

211 2027 310 2057 eum
355 2013 510 2056 fuisse:
558 2027 722 2070 semper
768 2018 900 2056 metro
943 2027 1041 2056 eum
1084 2015 1297 2070 serviisse,
1339 2027 1562 2069 nunquam
1595 2015 1698 2057 adeo

212 2103 359 2133 omnes
390 2092 483 2132 eius
515 2103 737 2146 superasse
768 2090 1039 2133 difficultates
1065 2093 1116 2132 ut
1142 2091 1256 2146 quod
1281 2090 1408 2133 vellet
1436 2091 1574 2133 dicere
1591 2094 1701 2147 apte,

213 2166 437 2221 eleganter,
467 2167 689 2221 perspicue
726 2166 865 2208 dicere
895 2170 1048 2222 posset.
1082 2165 1165 2208 Sed
1196 2166 1247 2208 de
1279 2169 1467 2222 tempore
1499 2168 1699 2209 carminis

213 2241 246 2297 I,
281 2242 334 2283 15
367 2242 474 2283 nihil
506 2244 691 2284 constat:
725 2242 842 2284 aliud
874 2255 973 2298 ergo
1004 2242 1271 2284 tractandum
1305 2243 1409 2283 mihi
1440 2256 1621 2297 sumam,
1648 2243 1699 2286 de

214 2320 338 2361 cuius
379 2321 514 2360 aetate
553 2317 673 2360 nulla
702 2330 795 2360 esse
826 2319 960 2374 possit
991 2317 1220 2371 dubitati03
1255 2318 1368 2373 quod
1400 2318 1475 2360 ubi
1506 2319 1696 2362 eiusdem

212 2395 306 2436 vitii
333 2406 425 2436 esse
451 2393 694 2448 exemplum
711 2394 994 2436 certissimum
1012 2394 1218 2449 valdeque
1234 2395 1509 2449 perspicuum
1526 2394 1699 2437 demon-

213 2474 412 2524 stravero,
454 2473 679 2525 postremo,
716 2472 764 2511 ut
793 2473 1012 2525 tamquam
1045 2470 1267 2512 cumulum
1300 2469 1401 2511 huic
1431 2470 1583 2512 addam
1616 2471 1699 2514 dis-

213 2547 435 2603 putationi,
482 2546 653 2597 tertium
697 2544 796 2587 libri
843 2547 983 2601 quarti
1029 2545 1173 2588 eodem
1220 2558 1464 2601 percurram
1510 2547 1698 2589 consilio.

216 2622 378 2673 Quodsi
408 2622 478 2663 cui
519 2622 647 2663 nimis
678 2623 819 2676 aperte
850 2622 1065 2677 nimisque
1096 2620 1356 2663 confidenter
1385 2621 1554 2665 locutus
1583 2623 1700 2666 vide-

214 2698 304 2754 bor,
337 2698 466 2740 nolim
501 2709 567 2739 me
594 2698 638 2738 in
667 2698 929 2752 arrogantiae
953 2700 1077 2739 vocet
1103 2698 1411 2753 suspicionem;
1430 2698 1567 2741 scribo
1584 2701 1697 2742 enim

215 2774 378 2816 timoris
422 2773 588 2829 plenus,
634 2785 773 2828 neque
820 2786 1010 2828 unquam
1059 2775 1155 2828 quis
1202 2774 1283 2816 sim
1329 2773 1579 2828 obliviscor3
1626 2776 1700 2818 sed

216 2849 413 2892 brevitati
459 2853 501 2892 et
546 2849 835 2904 perspicuitati
882 2852 946 2892 est
985 2849 1308 2905 consulendum,
1344 2863 1443 2906 ergo
1483 2852 1699 2894 interdum

1740 1557 1829 1597 (ἦῆ
1843 1558 1895 1586 ΛΓ
1906 1566 1929 1586 ὃ·
1986 1567 2031 1587 ,κν
