2034 3334
767 1007 991 1058 CAPUT
1027 1005 1372 1057 OCTAVUM.

379 1372 547 1416 Horatii
606 1386 717 1429 quae
775 1373 830 1416 sit
880 1373 1020 1429 poesis
1067 1373 1224 1415 erotica
1254 1371 1516 1415 videamus:
1565 1371 1659 1428 ipse
1699 1368 1826 1413 nobis
2018 1422 2023 1425 Ι

321 1462 411 1492 rem
457 1449 584 1506 plane
631 1448 874 1505 explicabit.
925 1447 1093 1502 „Petti”
1142 1449 1202 1491 ait
1247 1447 1394 1504 (Epod.
1446 1448 1518 1502 ll)
1567 1450 1680 1502 „tres
1725 1446 1829 1490 anni
1951 1464 2005 1539 l

322 1526 585 1568 transierunt
643 1538 698 1568 ex
756 1538 843 1581 quo
889 1524 1106 1567 Inachiam
1156 1524 1423 1580 deperibam3
1471 1536 1570 1567 ecce
1617 1524 1771 1567 iterum
1787 1501 1932 1578 Plirfflss
1962 1525 1994 1569 Ἴ

324 1602 383 1645 At
433 1602 538 1645 mihi
583 1602 844 1644 immensum
895 1601 1003 1644 illud
1055 1601 1226 1644 videtur
1267 1602 1465 1657 spatium.
1519 1598 1633 1651 Quid
1680 1599 1830 1643 enim?

323 1678 427 1722 Tres
468 1678 530 1720 illi
571 1678 674 1720 anni
709 1682 796 1720 tam
828 1677 994 1734 placide
1026 1677 1290 1720 effluxerunt
1321 1681 1371 1719 ut
1400 1678 1563 1719 interea
1594 1675 1832 1719 versiculos

325 1754 464 1797 facere
507 1758 650 1810 posset
697 1754 813 1810 quod
859 1767 978 1796 nunc
1025 1767 1112 1796 non
1162 1757 1309 1810 potest.
1353 1752 1478 1803 Quod
1518 1765 1658 1809 genus
1698 1752 1834 1796 versi-

328 1830 556 1874 culorum?
598 1844 733 1886 rogas.
776 1829 960 1873 Difficile
1002 1831 1142 1873 dictu:
1186 1830 1417 1873 admodum
1459 1831 1573 1873 enim
1615 1828 1834 1887 probabile

329 1912 394 1950 est
438 1907 596 1950 multos
641 1908 854 1950 interiisse
905 1906 1195 1961 „versiculos”
1237 1920 1347 1963 quos
1392 1906 1627 1950 identidem
1669 1905 1836 1949 adoles-

328 1997 430 2027 cens
472 1983 681 2027 Horatius
713 1986 766 2027 ad
798 1985 958 2027 amicos
989 1983 1193 2027 mittebat.
1226 1983 1308 2027 Sed
1341 1984 1422 2026 hoc
1451 1984 1537 2026 iam
1569 1986 1736 2027 constat
1760 1995 1836 2040 per

331 2065 417 2104 tres
463 2061 560 2104 illos
607 2074 744 2104 annos
792 2074 878 2104 non
926 2065 1175 2117 occupatam
1219 2062 1314 2104 eius
1356 2064 1542 2103 mentem
1584 2059 1719 2103 fuisse
1747 2058 1837 2103 illis

332 2137 473 2192 rebus,
518 2151 627 2194 quae
664 2151 781 2180 nunc
812 2151 911 2180 eum
943 2151 968 2180 a
1000 2138 1154 2193 quovis
1186 2139 1372 2180 retinent
1402 2139 1587 2194 negotio.
1619 2135 1726 2188 Quis
1757 2149 1839 2180 un-

335 2228 463 2270 quam
497 2217 620 2270 poeta
651 2227 794 2256 amore
825 2227 990 2256 vacuus
1021 2213 1136 2256 fuit?
1167 2214 1226 2256 At
1256 2213 1338 2256 fuit
1369 2213 1576 2256 Horatius
1606 2213 1740 2270 idque
1764 2225 1841 2270 per

334 2293 451 2332 tres
482 2303 629 2333 annos.
663 2289 788 2332 Esto:
827 2289 1008 2344 „Nunc”
1035 2291 1095 2333 ait
1126 2304 1271 2344 „amor
1299 2290 1438 2334 obstat
1456 2291 1688 2346 quominus
1706 2289 1839 2333 ullam

337 2366 462 2408 aliam
511 2379 599 2409 rem
649 2366 867 2409 tractem.''
914 2367 1070 2409 Audio.
1113 2367 1173 2409 At
1213 2381 1361 2410 nunc
1403 2380 1502 2410 eum
1544 2366 1677 2423 pudet
1707 2366 1842 2411 durae
1861 2398 1874 2411 .

339 2443 557 2484 servitutis
590 2456 717 2498 quam
752 2442 833 2485 sub
865 2442 1042 2485 Inachia
1072 2456 1227 2499 passus
1259 2447 1336 2499 est,
1367 2444 1500 2500 pudet
1530 2443 1842 2487 inconstantiae

340 2518 542 2572 pristinae
588 2518 870 2574 levitatisque.
916 2519 1090 2562 Amoris
1133 2521 1202 2562 sui
1242 2520 1403 2576 pudere
1434 2521 1634 2576 aliquem,
1663 2519 1740 2563 ubi
1769 2519 1843 2563 ille

340 2595 601 2648 praeterierit
631 2599 966 2638 consentaneum
998 2599 1082 2638 est:
1117 2597 1214 2652 quis
1246 2610 1332 2639 non
1365 2596 1448 2640 sibi
1474 2596 1683 2639 ridiculus
1708 2595 1843 2640 fuisse

342 2670 512 2712 videtur
558 2674 784 2726 postquam
827 2671 1012 2727 puellam
1056 2674 1230 2716 caritate
1272 2687 1358 2729 qua
1398 2686 1491 2716 eam
1524 2677 1588 2716 est
1618 2673 1844 2729 amplexus

344 2746 683 2801 indignissimam
741 2747 874 2790 fuisse
920 2752 1122 2804 expertus
1168 2749 1265 2792 est?
1312 2749 1389 2792 Sin
1435 2763 1536 2792 vero
1581 2751 1627 2792 in
1674 2750 1844 2806 pristini

345 2822 488 2863 locum
534 2835 673 2864 novus
721 2825 927 2866 successit
968 2838 1096 2880 amor,
1128 2826 1276 2868 nullus
1306 2827 1389 2868 iam
1422 2826 1576 2882 pudori
1605 2826 1725 2870 locus
1757 2829 1842 2880 est3

2018 2645 2020 2647 ’
2020 2628 2026 2637 ’·
2018 2343 2034 2623 ,amm-›wmmssefflffla
2027 2327 2034 2338 u
