2034 3334
979 348 1065 388 200

236 475 432 526 prior.”
481 473 682 514 Scholion
728 473 957 514 mutilum:
1005 474 1106 523 quid
1153 474 1270 514 enim
1317 475 1511 526 restabit,
1558 476 1597 516 si
1637 475 1808 518 laces·

237 552 419 592 sisset
449 550 619 590 aberit?

302 628 368 667 17.
422 657 439 676 „
459 657 468 666 .
485 657 493 666 .
509 657 517 666 .
534 626 719 666 .Verum
766 626 951 666 oratorie
997 626 1234 667 manifesta
1279 627 1448 668 solvere
1494 638 1580 668 non
1626 629 1807 680 curavit,

238 704 320 743 hoc
351 704 419 743 est
449 702 617 742 nullum
649 702 874 752 prologum
906 702 1100 743 invenire
1130 703 1324 752 potuisse
1355 703 1619 744 Terentium.
1650 703 1706 745 Et
1728 703 1812 746 hoc

239 780 356 821 enim
397 779 686 820 obiiciendum
725 779 808 819 fuit
839 778 1040 819 omnibus
1072 780 1116 818 et
1146 779 1271 819 novis
1302 781 1348 819 et
1379 779 1596 821 veteribus
1626 780 1809 831 poetis.’'

237 857 345 896 Vide
385 855 739 895 Westerhovium
780 856 853 904 qui
884 856 938 895 et
970 855 1163 902 (alterius
1194 856 1437 896 sententiae
1466 855 1658 906 primum
1686 865 1810 897 voca·

238 933 403 980 bulum)
435 931 614 972 delendo
645 931 788 971 lucem
820 941 843 970 e
874 931 1065 971 tenebris
1097 931 1318 972 excitavit.

304 1009 370 1048 19.
423 1007 561 1058 „Nam
606 1009 759 1057 poetae
800 1007 921 1057 probi
962 1017 1065 1047 suas
1096 1007 1342 1047 vendebant
1372 1008 1584 1048 fabulas.”
1616 1003 1811 1049 Nimium

240 1085 309 1125 1110
340 1084 487 1134 populi
517 1084 722 1124 tribuitur
753 1083 921 1123 iudicio.
955 1083 1036 1123 Pro
1068 1083 1228 1133 probi
1259 1084 1428 1133 legatur
1458 1084 1696 1134 probati.

302 1161 372 1201 28.
418 1160 489 1210 „Si
531 1171 557 1200 a
591 1160 838 1200 formula
869 1161 987 1199 esset
1017 1170 1177 1200 nomen
1209 1160 1468 1211 comoediae,
1501 1160 1689 1210 primam
1710 1170 1812 1211 ‚pro-

241 1239 498 1278 duceremus
538 1237 766 1287 syllabam,
810 1237 848 1276 si
889 1247 915 1276 a
946 1236 1282 1276 Phormione
1319 1236 1530 1286 corripere
1562 1236 1812 1278 debemus.”

241 1314 326 1354 Ain
374 1325 497 1355 vero:
546 1325 572 1354 a
617 1314 877 1353 Phormione
924 1313 1144 1353 derivatur
1189 1313 1406 1353 Phormio.
1454 1312 1536 1353 Pro
1582 1322 1609 1353 a
1653 1312 1811 1354 Phor-

241 1392 426 1432 mione
457 1392 551 1441 lege
583 1401 609 1431 a
640 1390 897 1440 phormio
930 1389 1130 1446 (φορμίῳ).
1164 1389 1272 1429 Vide
1303 1400 1443 1439 praec.
1478 1389 1618 1430 Schol.

302 1544 334 1593 Ι,
371 1544 409 1594 2,
448 1544 514 1583 11.
557 1543 661 1583 Ubi
702 1542 831 1592 quid
878 1543 1017 1582 mihi
1048 1543 1196 1582 lucri
1227 1544 1315 1582 est
1345 1544 1399 1582 te
1429 1543 1684 1591 fallere?]
1721 1542 1813 1592 „Ab

242 1619 339 1659 utili
366 1620 623 1660 coniectura.
651 1619 706 1659 Et
730 1619 838 1659 bene
865 1620 964 1668 quia
989 1629 1143 1659 servus
1169 1619 1276 1658 nihil
1303 1619 1354 1658 de
1371 1619 1554 1659 honesto
1569 1618 1717 1659 dicit.”
1732 1618 1814 1659 Pro

244 1697 306 1736 de
336 1697 577 1736 honesto
608 1697 702 1746 lege
730 1696 792 1736 ab
818 1697 1082 1736 honesto:
1110 1706 1263 1735 servus
1289 1695 1592 1735 tantummodo
1618 1695 1670 1736 de
1695 1695 1815 1736 lucro

242 1774 286 1812 et
316 1772 506 1813 utilitate
537 1773 749 1813 sollicitus
779 1772 948 1812 nullum
980 1773 1286 1822 argumentum
1319 1772 1370 1811 ab
1402 1772 1584 1811 honesto
1615 1771 1752 1812 sumit
1771 1766 1813 1819 ¹).

307 1850 372 1890 18.
401 1850 490 1889 Ad:
518 1850 675 1890 modo
707 1859 813 1889 non
843 1851 1066 1889 montes
1098 1849 1220 1888 auri
1247 1849 1531 1898 pollicens
1558 1849 1813 1889 annotatur:

245 1926 552 1976 „proverbialis
598 1925 797 1977 ὑπερβολή
843 1926 959 1964 facta
999 1936 1075 1974 per
1116 1925 1428 1975 exceptionem,
1463 1925 1538 1964 aut
1566 1934 1642 1973 per
1670 1933 1814 1974 super-

241 2002 462 2052 lationem,
496 2003 572 2042 aut
603 2012 678 2052 per
710 2012 895 2051 aequam
926 2001 1245 2041 collationem.”
1274 2001 1318 2040 Si
1345 2002 1462 2040 recte
1489 2001 1596 2040 haec
1621 1999 1814 2050 intelligo

242 2078 327 2117 tria
357 2078 428 2117 1110
458 2088 617 2127 genera
648 2076 870 2129 ὑπερβολῆς
904 2079 1226 2117 enumerantur.
1848 2128 1850 2130 Υ

303 2155 372 2194 37.
416 2154 523 2193 Nos
566 2154 742 2193 otiosi
774 2164 999 2203 operam
1031 2154 1301 2193 dabamus
1332 2153 1670 2199 Phaedriae]
1713 2153 1816 2202 „aut

242 2231 295 2270 ad
327 2231 534 2279 pudorem
565 2230 755 2269 sumitur
781 2231 860 2269 1100
887 2240 1123 2279 pronomen
1150 2230 1194 2268 in
1221 2230 1428 2278 singulari
1454 2238 1634 2268 numero
1660 2229 1737 2268 aut
1761 2227 1821 2283 ad
1861 2214 1874 2226 ”

241 2306 543 2355 dignitatem.”
577 2307 718 2345 Immo
747 2306 936 2345 veroin
967 2305 1182 2354 plurali
1208 2315 1460 2344 numero:
1489 2304 1561 2353 qui
1587 2313 1686 2344 nos
1711 2302 1816 2343 dicit

242 2393 316 2432 pro
349 2393 447 2431 ego
480 2384 555 2421 aut
586 2383 827 2422 verecunde
859 2381 1048 2431 loquitur
1079 2382 1155 2420 aut
1186 2392 1285 2420 cum
1317 2382 1503 2429 quadam
1535 2379 1762 2429 gravitate.

303 2460 358 2498 45
391 2468 482 2506 sqq,
577 2459 699 2497 Modo
732 2458 949 2506 quandam
980 2458 1068 2496 vidi
1100 2457 1314 2506 virginem
1347 2457 1416 2496 hic
1442 2456 1626 2496 viciniae

579 2534 796 2583 Miseram,
830 2544 957 2572 suam
987 2534 1175 2572 matrem
1207 2533 1438 2572 lamentari
1464 2533 1697 2572 mortuam.

581 2610 641 2648 Ea
672 2609 758 2648 sita
789 2611 882 2648 erat
914 2609 1218 2648 exadvorsum.

247 2685 394 2734 „Sita
426 2685 566 2733 posita
601 2685 725 2724 ...Et
756 2685 837 2724 hoc
869 2685 906 2724 ei
938 2685 1205 2734 reciprocum
1237 2685 1347 2724 est.”
1382 2684 1470 2733 Cui,
1500 2694 1671 2733 quaeso,
1700 2682 1816 2723 sita

241 2762 308 2798 est
344 2760 610 2809 reciprocum
649 2763 692 2800 et
728 2761 828 2809 quid
866 2761 947 2799 sibi
979 2761 1050 2799 1110
1081 2761 1195 2799 istud
1227 2760 1323 2799 vult
1353 2760 1644 2799 vocabulum?
1675 2759 1812 2808 Lege:

279 2927 300 2960 Ι)
318 2926 366 2955 De
388 2927 449 2955 hoc
468 2928 726 2963 praepositionis
746 2928 791 2956 ab
812 2935 876 2957 usu
896 2928 935 2957 cf.
954 2934 1028 2963 pag.
1050 2929 1110 2956 190.
