2034 3334
918 255 974 298 59

209 378 259 421 A.
310 377 497 420 Miratus
539 379 603 420 est
633 377 839 421 Etruscus
870 376 944 420 ille
977 378 1052 434 qui
1083 377 1223 420 subito
1255 376 1401 434 Tagen
1432 390 1484 419 ex
1516 390 1619 433 agro
1651 389 1740 418 sur-

145 453 321 507 gentem
353 450 585 505 conspexit.

203 521 252 563 B.
300 521 487 563 Miratus
519 523 584 562 est
615 519 826 562 Romulus
857 534 955 562 cum
988 520 1157 562 hastam
1191 533 1313 562 suam
1344 521 1389 561 in
1420 519 1612 562 arborem
1645 531 1740 561 0011-

143 605 311 635 versam
343 593 559 648 cognovit.
809 599 812 603 '

203 661 250 706 Ο.
302 662 488 704 Miratus
521 665 586 704 est
617 659 748 718 Cipus
780 676 879 704 cum
918 675 995 704 sua
1027 661 1220 717 adspexit
1252 675 1420 703 cornua.

202 732 313 785 Quid
354 732 473 775 aliud
514 737 578 774 est
611 733 666 774 τοὶ
701 733 985 782 ἀσύγκ>.ωστοι
1020 733 1268 782 συγκλώθειν
1301 733 1384 774 nisi
1416 732 1495 774 hoc
1528 729 1619 774 est?
1652 730 1735 773 Sed

142 803 245 859 quid
286 807 406 846 curat
435 803 514 846 hoc
546 802 698 859 poeta?
730 803 852 847 Nihil
884 805 1056 846 omnino
1089 806 1210 845 curat
1240 802 1337 854 ille,
1372 802 1605 845 dummodo
1638 801 1735 857 Cipi

141 875 343 918 historiae
371 873 648 928 (565—621)
675 874 883 931 aliquam,
913 876 1110 931 quamvis
1136 876 1348 930 ineptam,
1371 875 1562 917 inveniat
1577 873 1734 916 sedem.

321 1018 467 1069 Eheu,
502 1018 630 1060 Musa
662 1019 754 1068 via,
790 1017 878 1068 dic,
914 1031 998 1073 qua
1030 1017 1256 1073 procedere
1288 1014 1491 1073 possum?

323 1088 429 1131 Ecce
464 1089 624 1131 vadum
655 1087 872 1144 limusque
905 1092 1031 1130 tenax
1064 1102 1176 1130 nunc
1209 1087 1390 1143 denique
1421 1101 1575 1130 navem

329 1158 562 1215 Excipiunt
590 1162 802 1211 nostram,·
836 1160 953 1200 iunci
986 1172 1224 1214 cannaeque
1256 1157 1464 1214 palustres

326 1229 550 1272 Obsistunt
581 1244 752 1285 prorae;
788 1231 918 1272 remis
950 1244 1032 1271 non
1065 1229 1244 1285 pellitur
1275 1228 1411 1271 unda:

323 1301 492 1357 Pingue
521 1301 666 1342 lutum
699 1301 871 1343 feriunt.
906 1299 1069 1352 Quanto
1101 1299 1285 1342 velocior
1314 1299 1390 1341 illa

323 1371 437 1423 Quae
469 1371 682 1427 quondam
714 1371 812 1413 fatis
844 1371 1077 1426 Epidauria
1106 1370 1232 1413 litora
1261 1369 1414 1426 liquit,

322 1442 488 1497 Perque
520 1441 654 1484 undas
686 1441 869 1484 volitans
903 1443 1040 1483 ventis
1072 1441 1266 1483 felicibus
1298 1444 1390 1483 acta

327 1512 485 1554 Attulit
515 1513 599 1555 huc
631 1512 805 1563 divum,
839 1512 1007 1554 morbos
1040 1513 1108 1554 0111
1140 1511 1297 1567 pellere
1329 1526 1450 1562 cura,

323 1582 647 1639 Romulidisque
680 1583 796 1625 dedit
830 1584 941 1625 votis
973 1583 1251 1639 precibusque
1283 1582 1522 1625 colendum.

203 1652 339 1705 Quam
387 1653 621 1696 rideremus
668 1658 860 1709 poetam,
905 1654 941 1695 si
984 1655 1044 1695 510
1086 1655 1339 1709 perrexisset
1383 1656 1509 1709 atque
1550 1654 1609 1694 510
1652 1653 1734 1694 sibi

143 1725 374 1766 transitum
417 1728 606 1780 parasset
648 1724 700 1766 ad
732 1726 1021 1766 narrationem
1055 1724 1104 1766 de
1137 1723 1390 1779 Aesculapio
1423 1723 1583 1766 oraculi
1613 1725 1734 1765 iussu

142 1794 355 1850 Epidauro
402 1797 446 1836 in
490 1794 681 1837 Insulam
726 1794 943 1837 translato.
989 1794 1070 1837 Sed
1113 1799 1222 1837 esset
1263 1799 1406 1837 tamen
1447 1796 1491 1836 111
1535 1795 1624 1836 risu
1656 1793 1733 1836 illo

139 1863 278 1907 laudis
321 1864 653 1920 aliquantulum.
699 1864 1000 1920 Qualecunque
1043 1867 1158 1907 enim
1189 1864 1301 1906 illud
1334 1869 1467 1915 esset,
1499 1866 1733 1907 invenisset

140 1935 314 1991 aliquid.
364 1937 421 1977 At
467 1949 579 1977 nunc
620 1934 762 1990 palam
805 1935 1032 1990 profitetur
1073 1949 1139 1986 se,
1183 1949 1435 1991 quocunque
1480 1949 1522 1976 se
1566 1939 1728 1984 vertat,

139 2005 311 2048 nullum
354 2005 496 2047 videre
539 2007 717 2048 exitum.
761 2005 940 2048 Prorsus
982 2005 1033 2047 ad
1064 2007 1215 2047 incitas
1247 2019 1290 2047 se
1322 2005 1543 2047 redactum
1576 2004 1729 2046 clamat

140 2076 256 2118 111500
288 2076 505 2119 versibus:

324 2146 503 2188 Pandite
535 2159 675 2195 nunc,
705 2145 880 2195 Musae,
914 2147 1149 2200 praesentia
1180 2147 1358 2187 numina
1390 2149 1564 2196 vatum,

325 2215 470 2269 (Scitis
501 2217 639 2266 enim,
674 2230 749 2258 nec
781 2229 856 2258 vos
887 2214 998 2257 fallit
1030 2217 1214 2270 spatiosa
1246 2220 1454 2268 vetustas)

324 2286 445 2329 Unde
479 2285 715 2330 Coroniden
747 2285 997 2328 circumflua
1030 2285 1261 2342 Thybridis
1294 2285 1371 2328 alti

323 2356 468 2398 Insula
501 2355 730 2398 Romuleae
762 2358 890 2398 sacris
923 2357 1123 2398 acciverit
1155 2357 1287 2398 urbis.

201 2428 441 2477 Praesenti,
486 2428 697 2482 profecto,
740 2428 917 2468 numine
959 2427 1028 2468 1110
1068 2441 1173 2482 011115
1215 2431 1361 2482 poetae
1405 2427 1563 2469 frustra
1606 2441 1731 2469 caeno

139 2497 320 2540 evellere
353 2497 544 2553 plantam
577 2498 760 2539 conanti.
804 2496 896 2539 Hoc
928 2511 1027 2539 vero
1062 2496 1224 2539 auxilio
1257 2511 1281 2538 a
1313 2496 1418 2552 Cipo
1452 2497 1503 2539 ad
1537 2497 1734 2540 Aescula-

141 2570 262 2624 pium
305 2567 512 2619 transilit,
557 2571 598 2609 et
639 2567 832 2609 versibus
868 2565 1106 2609 746—850
1139 2581 1267 2622 quam
1300 2568 1351 2609 ob
1385 2581 1556 2610 causam
1588 2570 1632 2610 in
1664 2583 1731 2610 ur-

140 2638 238 2680 bem
280 2639 440 2680 accitus
478 2637 552 2679 ille
595 2637 696 2679 deus
740 2639 794 2678 sit
838 2641 879 2679 et
912 2651 995 2692 qua
1025 2639 1186 2680 ratione
1220 2652 1268 2680 eo
1299 2641 1542 2693 pervenerit
1572 2644 1727 2682 narrat.

141 2707 232 2761 Quo
274 2708 365 2750 loco
408 2708 592 2764 perfecto
636 2706 859 2750 Caesarem
903 2707 1155 2763 Aesculapio
1198 2711 1405 2759 annectit,
1441 2724 1522 2765 quo
1555 2710 1727 2753 vinculo

141 2777 294 2834 putas?
327 2778 440 2820 Audi
470 2780 640 2833 ipsum:

322 2848 407 2890 Hic
438 2853 583 2890 tamen
616 2849 792 2890 accessit
824 2847 1011 2890 delubris
1043 2848 1206 2891 advena
1236 2850 1415 2900 nostris,

325 2917 478 2962 Caesar
507 2920 552 2960 in
583 2919 687 2960 urbe
720 2932 796 2960 sua
829 2918 930 2960 deus
962 2923 1038 2961 est.
1072 2922 1152 2971 (vs.
1189 2917 1273 2960 745
1292 2923 1385 2975 sq.).

203 2988 249 3030 Si
290 3003 494 3044 usquam,
538 2990 607 3031 hic
650 2992 824 3044 apparet
869 2993 1126 3045 quantopere
1157 2990 1236 3031 sub
1269 2989 1396 3032 finem
1428 2993 1627 3033 carminis
1660 2994 1726 3033 sui
