2034 3334
961 208 1047 252 139

1141 333 1313 387 iamque
1344 332 1499 374 coactis

391 402 600 447 Cornibus
631 404 676 444 in
709 402 883 458 plenum
917 404 1093 446 noviens
1124 401 1345 444 lunaribus
1378 402 1525 444 orbem

390 473 471 516 Illa
503 474 678 530 Paphon
709 475 882 530 genuit,
917 473 966 516 de
999 487 1081 529 qua
1111 477 1227 516 tenet
1256 472 1397 515 insula
1427 486 1593 514 nomen.

391 544 546 586 Editus
576 544 654 586 hac
686 543 761 586 ille
794 547 879 594 est,
915 545 1009 599 qui,
1044 546 1079 586 si
1112 546 1202 586 sine
1234 543 1351 600 prole
1383 543 1555 593 fuisset,

392 613 508 657 Inter
538 614 681 658 felices
715 613 897 671 Cinyras
930 616 1137 671 potuisset
1169 615 1327 657 haberi.

213 685 357 727 Primo
389 689 562 741 aspectu
596 685 870 728 vehementer
901 685 1058 728 arridet
1088 684 1298 727 Suchierii
1331 685 1472 740 opinio
1505 697 1678 727 versum
1711 683 1799 726 297

211 769 301 798 esse
333 755 574 798 delendum.
608 756 718 798 Nam
750 756 874 798 humi
905 758 1015 812 repit
1047 756 1187 798 istud:
1221 756 1298 797 illa
1317 780 1371 787 —
1391 770 1539 807 nomen,
1574 758 1617 797 et
1644 757 1680 797 si
1707 756 1803 811 quis

210 826 364 869 sciolus
397 826 503 869 hanc
536 840 658 869 suam
693 828 946 883 sapientiam
979 826 1129 869 addere
1160 826 1322 877 voluit,
1357 829 1504 882 sponte
1535 825 1622 868 fere
1653 827 1804 868 existe-

211 898 283 939 bat
314 897 572 939 hexameter.
605 897 709 947 Sed,
744 901 793 938 ut
824 899 999 939 mittam
1032 911 1139 952 quae
1173 898 1253 940 viri
1286 896 1399 939 docti
1425 897 1494 939 hic
1522 899 1724 939 annotant
1751 895 1802 938 de

211 966 476 1011 Callimacho
505 971 546 1010 et
571 967 903 1023 Philostephano
923 968 1057 1023 deque
1075 967 1463 1010 Alexandrinorum
1480 967 1800 1017 μετονομασίαις

208 1040 403 1094 (cognitu
435 1040 549 1080 enim
584 1038 842 1080 utilissimae
874 1038 1086 1081 eiusmodi
1116 1053 1182 1081 res
1215 1042 1335 1089 sunt,
1370 1038 1441 1080 sed
1481 1040 1523 1079 in
1568 1051 1612 1080 re
1656 1038 1804 1079 critica

211 1109 492 1159 πειθκνάγκην
524 1123 606 1151 11611
638 1109 825 1161 habent),
858 1111 1036 1152 minime
1070 1109 1304 1152 Ovidianus
1336 1110 1395 1151 sic
1426 1110 1614 1150 nascitur
1645 1107 1697 1150 ad
1727 1122 1802 1150 no-

210 1193 312 1223 vam
353 1179 545 1222 fabulam
584 1181 802 1230 transitus.
854 1179 1004 1235 Ipsum
1047 1194 1148 1223 vero
1193 1179 1398 1222 Ovidium
1439 1180 1712 1236 agnoscimus
1754 1180 1800 1220 in

209 1264 336 1293 versu
368 1251 554 1305 priorem
587 1250 778 1292 fabulam
811 1250 1032 1293 claudente
1064 1252 1271 1307 gravique
1302 1249 1474 1292 exordio
1506 1263 1639 1292 novae
1673 1249 1722 1291 de
1753 1262 1798 1291 re

210 1320 493 1363 abominanda
524 1322 792 1363 narrationis.
1132 1329 1136 1331 ’

276 1461 361 1504 305
391 1475 479 1517 sqq.

395 1530 607 1575 Gentibus
638 1531 828 1574 Ismariis
860 1536 902 1575 et
933 1535 1078 1599 nostro
1109 1531 1302 1589 gratulor
1334 1533 1446 1583 orbi,

395 1600 600 1645 Gratulor
631 1603 732 1645 huic
764 1606 920 1654 terrae,
954 1603 1066 1659 quod
1099 1604 1217 1645 abest
1245 1603 1491 1660 regionibus
1522 1602 1631 1654 illis,

393 1673 508 1725 Quae
540 1677 710 1716 tantum
741 1687 924 1729 genuere
956 1674 1087 1716 nefas.

212 1743 424 1786 Lubenter
451 1743 655 1786 Ehwaldo
681 1745 887 1786 assentior
914 1743 1077 1786 librarii
1105 1758 1243 1786 errore
1268 1758 1442 1787 versum
1470 1743 1555 1786 305
1583 1745 1626 1785 in
1655 1743 1799 1786 codice

213 1815 263 1857 M
305 1828 393 1856 esse
435 1816 655 1856 omissum.
689 1813 801 1857 Nam
831 1814 955 1865 licet,
989 1814 1100 1870 quod
1132 1814 1184 1856 ad
1214 1814 1296 1857 loci
1329 1816 1583 1856 sententiam
1617 1815 1795 1865 attinet,

212 1898 497 1940 supervacuus
523 1886 592 1936 sit,
622 1886 793 1941 egregie
819 1884 894 1926 illa
922 1885 1154 1940 anaphora:
1182 1883 1686 1941 „gratulor———gratulor’'
1705 1898 1798 1926 can-

212 1959 348 1997 torem
381 1954 499 1997 decet
530 1958 665 1997 totam
696 1955 804 1997 hanc
833 1957 1118 1997 narrationem
1147 1957 1209 1997 ita
1241 1960 1547 2011 proponentem
1576 1959 1625 1996 ut
1657 1956 1744 1996 iam
1775 1968 1798 1996 a

211 2027 350 2082 primo
394 2025 564 2067 exordio
608 2032 822 2081 stuporem
861 2030 1148 2081 terroremque
1192 2026 1464 2068 audientibus
1504 2027 1699 2068 incutiat.
1743 2025 1800 2066 Et

214 2097 413 2152 quoniam
457 2095 588 2138 semel
622 2097 666 2137 in
697 2096 776 2138 hoc
808 2100 1062 2152 argumento
1094 2110 1252 2145 versor,
1285 2096 1406 2138 lubet
1437 2110 1488 2138 ex
1520 2098 1611 2151 ipsa
1642 2097 1800 2138 vicinia

213 2168 380 2222 insigne
422 2165 565 2208 afferre
606 2165 852 2221 exemplum
896 2166 948 2208 ad
990 2166 1367 2209 demonstrandum
1410 2179 1537 2222 quam
1574 2165 1798 2222 stupidum

214 2251 258 2279 se
298 2250 420 2292 saepe
459 2236 573 2278 idem
614 2235 689 2278 ille
727 2236 928 2279 librarius
969 2238 1242 2293 praestiterit.
1285 2236 1356 2279 Vs.
1392 2235 1479 2278 314
1521 2237 1693 2293 egregie
1736 2238 1796 2278 616

215 2306 424 2350 declamat
456 2305 671 2363 Orpbeus:

874 2376 1020 2420 Scelus
1052 2381 1117 2420 est
1147 2377 1282 2420 odisse
1314 2380 1553 2434 parentem,

393 2446 476 2489 Η16
506 2460 623 2489 amor
654 2450 716 2488 est
748 2447 841 2489 odio
873 2449 1012 2490 maius
1043 2447 1192 2490 scelus.
1518 2437 1521 2440 Α

213 2517 325 2570 Quid
356 2531 431 2573 pro
464 2517 544 2559 hoc
578 2530 702 2560 versu
733 2521 797 2559 est
826 2519 872 2558 in
904 2516 981 2559 M?
1023 2517 1213 2560 Scilicet:

395 2587 478 2629 Hic
509 2601 600 2629 mos
634 2590 696 2628 est
729 2586 907 2642 odioque
939 2588 1081 2629 minus
1114 2587 1262 2630 scelus.

211 2656 321 2710 Quid
360 2657 614 2707 faceremus,
649 2658 685 2698 si
716 2656 786 2698 hic
816 2657 935 2699 nobis
969 2656 1083 2699 solus
1116 2656 1191 2699 ille
1222 2658 1351 2700 codex
1386 2657 1596 2708 „melior”
1630 2662 1796 2714 praesto

212 2725 353 2769 esset?

271 2865 358 2908 345
391 2866 513 2909 Ultra
543 2870 690 2909 autem
722 2881 888 2922 sperare
924 2866 1086 2924 aliquid
1118 2872 1236 2924 potes
1268 2870 1404 2924 impia
1435 2869 1583 2926 virgo?

210 2934 280 2979 Sic
319 2935 550 2994 legendum
587 2951 685 2979 cum
719 2937 981 2988 „deteriore”
1015 2938 1104 2982 cod.
1138 2949 1176 2982 λ.
1212 2938 1317 2982 Vide
1349 2942 1568 3000 egregiam
1599 2941 1795 2986 Ehwaldi
