2034 3334
971 395 1052 432 193

225 525 387 566 senem,
420 517 469 555 ut
499 516 668 556 invidos
698 517 860 557 faceret
876 518 948 567 qui
974 529 1078 558 vera
1103 519 1418 568 prodiderant.'’
1446 519 1527 558 Pro
1555 519 1794 558 honeste

225 592 394 641 legatur
438 593 691 631 honesti:
741 604 826 632 non
873 594 990 633 enim
1036 594 1177 634 fuerat
1221 596 1346 644 turpe
1391 595 1666 634 mendacium
1712 605 1795 643 quo

226 668 390 707 Laches
435 679 542 708 usus
589 670 693 708 erat.
738 660 819 708 Sed
861 670 961 718 quid
1002 670 1087 710 isto
1130 681 1259 720 ergo
1301 671 1618 710 revocanda
1660 681 1797 710 uxor

226 745 313 783 est
342 744 500 784 faciam
531 754 618 783 non
648 745 786 784 video.

284 820 355 859 43.
407 820 478 870 „Si
519 830 652 859 sanus
695 821 757 859 sis
799 821 896 860 iube
937 821 1058 861 illam
1100 822 1264 861 redire'’
1299 822 1499 861 Lachetis
1531 823 1663 862 verba
1693 823 1796 861 sunt

225 896 279 934 ad
325 895 596 944 Phidippum.
648 897 768 936 Sch.:
802 897 872 936 ‘Si
913 908 1084 936 sanus
1127 898 1232 944 sis]
1270 908 1382 947 „non
1415 909 1514 947 ergo
1547 898 1696 947 culpae
1729 899 1797 938 est

226 971 294 1010 cui
334 972 383 1010 ut
423 972 570 1010 redeat
608 972 752 1011 iubere
783 974 969 1021 potest.’'
1002 973 1083 1012 Pro
1117 974 1314 1022 culpae
1346 973 1441 1022 lego
1473 974 1527 1012 in
1559 974 1722 1023 culpa
1754 975 1797 1013 et

224 1046 410 1086 iuberi
451 1057 526 1096 pro
563 1048 778 1087 iubere:
817 1048 860 1086 Si
891 1049 1107 1097 Pamphili
1137 1059 1248 1087 uxor
1279 1049 1415 1088 iuberi
1447 1059 1472 1088 a
1502 1051 1623 1098 patre
1654 1050 1797 1098 potest

225 1123 362 1162 redire
404 1123 456 1162 ad
498 1124 718 1173 maritum,
763 1125 940 1172 apparet
981 1134 1078 1163 eam
1120 1125 1164 1163 in
1206 1125 1329 1173 culpa
1370 1135 1456 1164 non
1488 1135 1583 1164 esse
1616 1126 1659 1164 et
1689 1125 1797 1164 nihil

225 1198 379 1238 fecisse
411 1199 523 1247 quod
554 1199 882 1238 matrimonium
914 1200 1158 1240 necessario
1190 1201 1235 1238 in
1265 1202 1520 1250 perpetuum
1552 1201 1739 1240 dirimat.

285 1275 340 1313 49
383 1284 446 1322 sq.
489 1274 670 1324 Cognita
710 1275 995 1314 adolescentis
1036 1275 1251 1324 Pamphili
1294 1276 1565 1316 contumacia
1603 1277 1792 1325 indigna-

225 1350 394 1388 bundus
425 1360 560 1389 senex
593 1351 849 1399 Phidippus:

460 1426 555 1464 Non
586 1426 744 1464 credidi
776 1426 923 1474 edepol
955 1426 1058 1465 adeo
1091 1426 1379 1465 inhumanum
1409 1428 1512 1466 fore.

461 1502 532 1540 Ita
562 1512 676 1540 nunc
707 1502 744 1540 is
777 1502 858 1540 sibi
890 1512 961 1540 me
994 1502 1336 1550 supplicaturum
1367 1503 1524 1550 putat?

228 1577 347 1616 Son:
391 1577 502 1616 sibi
543 1580 648 1623 me]
698 1577 765 1627 „id
808 1578 875 1616 est
906 1588 1061 1626 genero
1093 1588 1303 1627 socerum,
1337 1578 1407 1616 vel
1439 1578 1665 1627 Pamphilo
1697 1579 1791 1617 Phi-

227 1654 415 1703 dippum,
458 1654 528 1692 vel
569 1654 606 1692 si
648 1654 748 1701 quid
790 1653 875 1692 tale
913 1654 1171 1692 inveneris.’'
1205 1654 1255 1692 ln
1287 1654 1444 1702 ineptis
1475 1654 1593 1693 hisce
1625 1654 1714 1693 vel
1745 1654 1793 1693 si

227 1729 356 1777 quid
387 1729 502 1768 tale
531 1729 825 1768 inveneris
851 1729 984 1768 latere
1012 1730 1226 1778 suspicor:
1256 1729 1343 1768 vel
1370 1739 1558 1768 senem
1585 1730 1790 1769 iuveni.

225 1803 319 1843 Hoc
349 1804 466 1843 enim
497 1804 639 1843 solum
672 1805 772 1843 addi
805 1804 938 1843 etiam
970 1805 1125 1853 potest.

286 1880 354 1918 61.
398 1880 690 1918 Postremo
731 1880 883 1918 inter
914 1890 970 1919 se
1001 1880 1355 1928 transigant]
1394 1891 1505 1930 „non
1537 1881 1654 1919 enim
1685 1881 1792 1920 haec

226 1957 374 1996 votiva
419 1957 532 2005 sunt,
582 1956 736 2004 quibus
783 1957 993 1995 interesse
1039 1957 1264 1995 delectet.’'
1314 1957 1518 1996 Potestne
1560 1958 1793 1996 votivus

227 2033 343 2072 idem
374 2032 462 2071 fere
494 2031 736 2080 significare
768 2032 880 2079 quod
927 2032 1237 2071 iucundus?

285 2185 355 2235 IV,
390 2186 425 2234 1,
458 2186 524 2224 16.
553 2184 819 2232 Tempore
846 2186 958 2229 suo]
992 2214 1008 2233 „
1030 2184 1200 2231 ...quia
1226 2186 1270 2222 et
1296 2184 1480 2232 septimo
1507 2194 1657 2223 mense
1673 2182 1793 2222 nasci

226 2261 408 2300 solent.”
470 2260 535 2298 Ex
595 2260 674 2298 hoc
735 2259 909 2308 scholio,
968 2259 1171 2306 quoniam
1226 2259 1443 2298 sincerum
1500 2260 1578 2309 est,
1636 2259 1793 2297 melius

227 2337 361 2375 etiam
398 2346 530 2384 quam
576 2346 632 2374 ex
677 2335 749 2373 illo
796 2335 848 2373 ad
889 2335 964 2384 ΙΙΙ,
1009 2335 1047 2383 3,
1092 2335 1146 2373 33
1190 2336 1366 2383 apparet
1407 2335 1794 2373 commentatorem

227 2413 343 2451 recte
389 2410 687 2459 quaestionem
734 2410 785 2448 de
826 2410 1049 2448 mensibus
1090 2409 1368 2448 intellexisse.
1414 2410 1483 2448 Sic
1524 2411 1671 2449 autem
1713 2409 1792 2449 sol-

226 2487 365 2526 vitur:
411 2487 448 2525 1.
491 2484 613 2525 Nunc
654 2466 808 2524 abhinc
848 2495 1006 2524 novem
1047 2495 1221 2524 menses
1263 2494 1510 2542 compressa
1551 2486 1618 2524 est
1657 2485 1791 2533 virgo.

229 2564 267 2603 2.
311 2563 475 2602 duobus
515 2562 738 2601 mensibus
779 2562 887 2610 post,
932 2571 1031 2609 ergo
1072 2571 1185 2599 nunc
1227 2561 1381 2599 abhinc
1421 2562 1588 2610 septem
1607 2565 1794 2600 *menses

227 2639 375 2688 nupsit
429 2638 666 2686 Pamphilo.
726 2638 765 2676 3.
824 2637 981 2676 iterum
1038 2637 1201 2675 duobus
1257 2637 1480 2675 mensibus
1535 2638 1645 2686 post,
1694 2647 1794 2686 ergo

227 2725 340 2754 nunc
398 2714 551 2753 abhinc
602 2714 786 2761 quinque
833 2723 1018 2761 menseS,
1066 2711 1318 2760 Pamphilus
1363 2712 1552 2760 primum
1599 2723 1698 2751 cum
1745 2723 1796 2751 ea

229 2801 323 2829 rem
354 2789 516 2829 habuit.

289 2867 359 2905 36.
397 2865 709 2904 Exeuntem
741 2865 836 2903 aut
867 2864 1268 2910 introeuntem]
1303 2862 1520 2914 ,,σύλληψις
1547 2862 1725 2909 διανοίας
1752 2864 1796 2902 et

230 2941 374 2980 mollis
416 2942 504 2979 est:
548 2940 648 2987 quia
687 2939 848 2978 luditur
890 2939 940 2977 de
982 2939 1259 2986 sequentibus
1301 2940 1353 2977 ad
1390 2939 1620 2978 amicam.’'
1652 2939 1796 2978 Arena

1656 3009 1691 3036 13
