2034 3334
1000 272 1054 316 15

289 396 404 450 Quae
443 397 622 438 minime
662 393 842 436 absurda
873 406 962 436 esse
995 394 1138 449 quivis
1170 393 1380 436 concedet.
1414 393 1579 445 Quanto
1612 395 1726 436 enim
1758 395 1822 436 in-

228 468 394 524 gratior
424 466 477 508 ad
508 479 631 508 aures
665 464 827 507 accedit
859 477 1007 506 versus
1039 462 1177 519 qualis
1208 464 1278 506 hic
1310 467 1398 506 est:

410 535 571 585 Πηλεὺς
606 537 673 585 θήν
705 550 772 585 μοι
808 533 956 576 ἔπειτα
989 534 1003 591 l
1035 539 1215 585 γυναῖκα
1249 532 1263 591 s
1294 535 1563 585 γαμέσσεται
1597 534 1719 581 αὐτός

230 621 361 664 quam

410 676 552 719 πολλὰ
585 677 618 718 δ’
652 674 714 727 ἄρ’
748 674 842 717 ἔνθα
875 674 941 716 καὶ
976 673 1050 716 ἔνθ’
1083 673 1097 732 s
1129 673 1235 717 ἴθυσε
1268 673 1283 732 Ι
1315 675 1439 728 μάχη
1474 675 1637 717 πεδίοιο.

289 749 347 791 At
376 762 460 791 non
490 761 661 805 prorsus
688 746 868 789 Miilleri
893 750 1147 802 argumento
1176 745 1319 788 Latini
1343 750 1492 802 poetae
1521 746 1818 798 defenduntur,

227 834 324 876 pars
356 818 506 875 culpae
538 822 741 860 remanet.
776 817 934 860 Versus
965 819 1081 859 enim
1114 816 1260 872 quales
1292 821 1416 859 sunt:

409 889 467 932 Et
497 889 652 945 quibus
685 891 749 930 est
778 887 904 930 undis
936 885 951 945 l
980 886 1150 938 audita,
1183 885 1198 944 s
1230 889 1415 930 coercuit
1448 901 1595 930 omnes

226 959 297 1004 vel

411 1030 571 1072 Ponere
603 1029 808 1071 duritiem
840 1026 854 1085 Ι
885 1041 1058 1083 coepere
1089 1026 1104 1085 l
1135 1041 1346 1083 suumque
1377 1029 1566 1085 rigorem

228 1100 420 1143 elumbes
451 1103 552 1142 sunt
583 1103 627 1142 et
656 1099 939 1149 habebuntur,
972 1098 1178 1154 quamdiu
1211 1097 1394 1141 Graecos
1420 1099 1673 1141 habebimus
1700 1099 1824 1142 hexa-

228 1174 388 1214 metros
421 1170 474 1213 ad
505 1184 691 1226 quorum
723 1169 984 1226 elegantiam
1015 1183 1085 1211 eos
1115 1170 1423 1211 examinemus.

288 1240 401 1285 Cum
449 1255 551 1298 ergo
601 1240 806 1283 Ovidium
855 1240 1059 1282 vidissem
1100 1241 1146 1281 in
1186 1241 1374 1295 primum
1417 1239 1822 1296 Metamorphoseon

224 1311 387 1354 librum
419 1316 510 1354 tam
536 1311 776 1367 frequenter
801 1309 910 1352 illud
937 1310 1236 1353 admittentem
1264 1312 1448 1360 vitium,
1477 1310 1630 1353 alibine
1656 1312 1822 1353 cautius

228 1384 388 1438 egisset
429 1396 527 1424 sum
557 1385 868 1437 perscrutatus,
902 1386 1029 1437 atque
1061 1382 1252 1436 primum
1285 1395 1385 1423 cum
1417 1383 1555 1437 primo
1587 1381 1696 1424 libro
1730 1396 1824 1424 con-

228 1453 313 1496 tuli
359 1452 528 1504 locum,
576 1466 660 1508 quo
707 1452 879 1494 nullum
926 1452 1103 1494 fortasse
1150 1453 1389 1494 accuratius
1438 1451 1675 1494 elaboravit
1720 1451 1820 1494 ille:

227 1523 461 1566 Armorum
486 1522 716 1565 Iudicium.
744 1522 808 1564 Ibi
836 1536 1039 1565 versuum
1067 1521 1155 1564 398
1182 1522 1307 1564 hosce
1333 1524 1479 1564 inveni
1506 1527 1602 1578 post
1619 1526 1822 1578 quartum

228 1595 384 1637 incisos
415 1593 689 1636 trochaeum:

319 1663 376 1706 23
408 1663 581 1706 Moenia
614 1664 690 1719 qui
721 1663 822 1705 forti
854 1662 1036 1705 Troiana
1068 1661 1082 1720 s
1115 1663 1193 1705 sub
1227 1662 1414 1705 Hercule
1447 1664 1572 1718 cepit.

321 1734 377 1776 25
411 1735 574 1776 Aeacus
605 1735 707 1776 huic
738 1739 859 1790 pater
891 1737 976 1785 est,
1011 1736 1086 1789 qui
1116 1735 1212 1775 iura
1238 1732 1253 1791 l
1283 1733 1508 1776 silentibus
1539 1732 1643 1775 illic.

319 1804 375 1847 32
408 1805 614 1861 Sisyphio
645 1805 856 1861 furtisque
891 1808 934 1847 et
966 1804 1115 1847 fraude
1147 1804 1161 1862 s
1193 1803 1445 1846 simillimus
1476 1803 1557 1845 illi.

318 1874 374 1918 36
409 1876 539 1918 Arma
570 1875 763 1932 neganda
795 1875 905 1918 mihi
937 1877 1158 1931 potiorque
1190 1873 1204 1932 s
1236 1874 1453 1918 videbitur
1484 1874 1570 1917 ille.

318 1945 375 1988 42
408 1944 657 1988 Obtulimus
689 1947 789 2001 quia
819 1960 895 1988 nos
927 1946 979 1988 ad
1010 1947 1151 2001 prima
1182 1944 1196 2003 s
1228 1945 1417 2001 pericula
1450 1947 1598 1987 simus.

320 2015 376 2059 66
408 2015 592 2058 Vulnere
622 2016 769 2058 tardus
800 2017 898 2071 equi
930 2016 1150 2072 fessusque
1181 2015 1196 2073 s
1227 2015 1431 2058 senilibus
1464 2017 1598 2058 annis.

291 2086 377 2129 110
409 2087 496 2129 Nec
530 2085 714 2141 clipeus,
750 2088 862 2129 vasti
893 2086 1081 2129 caelatus
1113 2085 1128 2144 s
1158 2088 1349 2142 imagine
1381 2086 1546 2128 mundi.

292 2156 377 2198 154
410 2157 499 2198 Aut
531 2157 567 2198 si
599 2157 850 2212 proximitas
882 2158 1133 2212 primusque
1165 2155 1179 2214 Ι
1210 2158 1444 2212 requiritur
1474 2157 1610 2198 heres.

290 2225 375 2268 174
406 2226 462 2268 Et
493 2225 693 2274 Tenedon
725 2225 1003 2282 Chrysenque
1037 2231 1079 2268 et
1112 2225 1265 2283 Oyllan
1297 2225 1310 2284 f
1343 2225 1554 2281 Apollinis
1587 2226 1725 2268 urbes.

287 2296 375 2339 216
408 2296 515 2339 Ecce
546 2296 661 2339 Iovis
692 2298 861 2339 monitu
894 2297 1094 2352 deceptus
1126 2295 1140 2354 l
1169 2298 1361 2353 imagine
1394 2297 1545 2347 somni,

288 2366 375 2409 253
409 2365 544 2410 Cuius
576 2380 705 2422 equos
737 2368 925 2422 pretium
958 2381 1035 2423 pro
1068 2372 1190 2409 nocte
1222 2365 1237 2424 Ι
1268 2370 1515 2422 poposcerat
1547 2367 1696 2408 hostis.

290 2437 378 2479 254
411 2438 544 2479 Arma
574 2441 727 2493 negate
759 2437 892 2487 mihi,
925 2437 1141 2492 fueritque
1175 2435 1187 2492 l
1221 2437 1443 2493 benignior
1474 2437 1597 2478 Aiax.

288 2506 374 2551 276
408 2507 461 2550 Se
491 2511 616 2563 putat
648 2507 807 2550 oblitus
839 2509 1038 2563 regisque
1071 2506 1084 2563 l
1117 2507 1360 2562 ducumque
1392 2508 1576 2562 meique.

289 2577 375 2620 316
408 2578 468 2620 Ut
500 2592 543 2620 se
576 2578 842 2620 subtraheret
870 2576 1054 2632 bellique
1086 2576 1100 2634 s
1131 2579 1309 2632 viaeque
1340 2576 1478 2619 labori
1499 2577 1543 2627 ¹).

291 2648 376 2691 325
411 2648 573 2699 Stabit,
605 2651 647 2690 et
677 2647 889 2690 auxilium
920 2650 1144 2704 promittet
1175 2646 1190 2705 l
1218 2647 1377 2689 Achaia
1407 2646 1570 2689 Troiae.

291 2718 377 2762 357
409 2718 497 2762 Nec
529 2720 672 2761 minus
703 2718 954 2761 Idomeneus
986 2719 1207 2774 patriaque
1238 2716 1253 2775 s
1284 2721 1450 2760 creatus
1482 2717 1642 2760 eadem.

280 2916 315 2956 l)
348 2914 510 2946 Eiusmodi
543 2923 651 2945 versus
675 2912 776 2944 videri
799 2912 932 2943 fortasse
954 2912 1085 2953 possunt
1108 2921 1171 2942 non
1196 2920 1323 2952 peccare
1345 2910 1378 2941 in
1403 2911 1599 2943 Graecorum
1623 2911 1820 2943 hexametro-

230 2979 302 3013 rum
320 2969 440 3010 legem3
464 2979 534 3000 v.v.
548 2969 699 2999 Leeuwen
720 2967 817 2998 Ench.
839 2977 869 3008 p.
883 2966 925 2996 20
945 2966 1039 2997 infra.
1060 2965 1120 2996 Sed
1142 2965 1192 2996 his
1213 2965 1348 3007 demptis
1366 2975 1429 2997 non
1448 2968 1591 2997 mutatur
1612 2966 1813 2998 ratiocinatio

234 3026 351 3056 nostra.
