2034 3334
0 3253 10 3260 w
0 3025 12 3226 wmvr*⁷v-w
0 2979 3 2982 -

970 217 1054 260 145

426 340 561 393 Quam
591 341 792 382 miseram
817 339 1064 395 amplexans
1093 353 1172 395 ego
1200 343 1294 381 tum
1323 339 1541 395 patrisque
1570 337 1760 380 dolorem

431 409 564 454 Corde
596 409 692 452 tuli.

219 482 290 525 Sic
321 484 386 524 est
414 483 458 523 in
488 480 717 531 codicibus,
750 482 833 522 nisi
866 480 980 536 quod
1013 480 1239 523 deteriores
1272 479 1473 535 praebent
1500 493 1615 534 quam
1643 477 1760 519 miser
1788 492 1809 519 o

218 552 350 606 pietas
382 552 492 607 quod
523 551 648 592 nihili
682 554 766 602 est,
801 555 843 593 et
875 565 948 606 pro
969 550 1181 606 patrisque
1210 548 1280 593 vel
1303 549 1526 605 patruique
1552 547 1621 591 vel
1640 553 1811 602 patruo-

218 637 304 679 que.
337 622 459 665 Unde
493 637 571 679 ego
603 622 816 679 profectus
848 622 956 664 hanc
987 635 1173 678 propono
1206 620 1434 663 lectionem

433 693 569 745 Quam
601 694 732 734 miser
763 691 1009 747 amplexans
1038 693 1172 747 patris
1205 692 1431 747 patruique
1464 690 1651 733 dolorem

434 762 572 807 Corde
604 762 688 804 tuli

220 834 372 878 collato
404 834 501 885 XII,
536 833 646 876 592:
680 835 822 875 animo
854 834 1012 889 pariter
1042 834 1270 889 patruique
1303 846 1463 888 suoque
1495 831 1739 888 indulgens.

223 904 449 961 „Duplex”
498 906 559 947 ait
608 903 726 961 Ceyx
776 903 922 955 „dolor
961 917 1084 945 meus
1125 903 1229 945 fuit:
1276 902 1318 944 et
1361 907 1583 958 tamquam
1616 904 1736 958 pater
1771 900 1813 943 et

223 980 442 1031 tamquam
474 982 654 1031 patruus
686 989 779 1017 eam
811 973 1061 1031 lugebam''.

284 1106 371 1150 358
432 1107 548 1149 Nant
578 1105 653 1148 alii
685 1106 884 1162 celsoque
913 1107 1074 1148 instant
1105 1120 1231 1162 super
1262 1119 1444 1161 aequora
1477 1104 1600 1147 collo.

222 1178 383 1221 Nautes
425 1177 508 1219 dici
550 1181 730 1233 possunt
771 1177 934 1232 aequori
975 1176 1141 1227 instare,
1187 1176 1259 1218 sed
1300 1191 1419 1230 super
1456 1190 1628 1231 aequora
1661 1175 1814 1217 instare

222 1250 438 1305 congeries
480 1250 543 1290 est
575 1246 882 1290 vocabulorum
916 1246 1090 1288 adversa
1121 1248 1232 1289 inter
1264 1260 1306 1288 se
1338 1247 1475 1288 fronte
1505 1246 1809 1302 pugnantium.

225 1319 384 1374 Utique
429 1318 665 1360 revocanda
706 1321 876 1360 vetusta
916 1316 1043 1359 lectio
1085 1321 1252 1359 exstant.
1299 1316 1436 1358 Aliter
1477 1316 1659 1358 scribere
1701 1316 1813 1358 mihi

227 1388 406 1432 Ovidius
437 1402 488 1430 ne
515 1389 709 1443 potuisse
740 1387 912 1442 quidem
947 1386 1128 1430 videtur.

288 1519 374 1562 359
392 1533 480 1575 sqq.
513 1519 569 1561 Et
601 1518 684 1561 alia
716 1522 859 1561 narrat
889 1518 1083 1561 Phoceus
1115 1517 1272 1561 Onetor
1304 1521 1346 1560 et
1376 1518 1502 1561 haec:

434 1589 611 1645 Templa
643 1591 752 1631 mari
785 1589 967 1631 subsunt

435 1659 636 1702 Nereides
667 1659 914 1715 Nereusque
945 1662 1090 1701 tenent
1122 1659 1217 1710 (hos
1250 1660 1396 1701 navita
1420 1659 1541 1712 ponti

435 1730 583 1773 Edidit
613 1745 704 1773 esse
736 1730 833 1772 deos
866 1729 970 1772 dum
1002 1731 1109 1772 retia
1139 1729 1282 1772 littore
1314 1731 1473 1781 siccat).

224 1801 395 1857 Ergone
427 1805 643 1856 pastorem
674 1804 869 1843 nostrum
900 1801 1046 1842 navita
1077 1799 1174 1850 ille,
1206 1802 1251 1841 in
1282 1813 1359 1841 suo
1391 1799 1534 1841 labore
1568 1802 1814 1855 occupatus,

226 1871 544 1928 mythologiam
586 1869 793 1913 Graecam
826 1868 998 1912 docuit?
1035 1870 1174 1912 Immo
1207 1871 1385 1912 restitue
1418 1869 1528 1925 quod
1561 1869 1666 1911 olim
1699 1867 1811 1925 lege-

226 1942 372 1983 batur:
408 1940 555 1994 templi.
601 1939 763 1991 „Cuius
795 1939 1009 1995 templum
1041 1944 1150 1982 esset
1182 1953 1262 1994 ego
1293 1940 1499 1995 rogabam
1531 1943 1708 1981 nautam
1741 1939 1816 1993 qui

227 2012 335 2054 forte
374 2012 436 2053 ibi
477 2010 673 2059 adderat,
716 2014 757 2051 et
797 2009 872 2052 ille
903 2009 1140 2064 respondit:
1174 2009 1300 2051 Nerei
1332 2013 1374 2050 et
1405 2008 1683 2051 Nereidum'’.
1717 2007 1814 2050 Hoc

227 2095 277 2124 ex
308 2083 400 2137 ipsa
432 2082 524 2123 vita
554 2084 792 2135 sumptum.

287 2212 374 2254 422
530 2211 612 2254 Ubi
642 2214 706 2253 est
737 2224 844 2266 quae
875 2224 975 2252 cura
1007 2212 1095 2252 mei
1117 2211 1236 2263 prior
1267 2223 1354 2252 esse
1386 2207 1577 2252 solebat?

227 2281 424 2332 Soloece3
456 2281 550 2338 lege
583 2295 680 2323 cum
713 2281 992 2323 deterioribus
1015 2281 1147 2334 prius.
1182 2281 1271 2322 Aut
1300 2278 1554 2336 simpliciter
1580 2294 1676 2320 eura
1693 2279 1814 2332 prior

228 2352 454 2395 dicendum
486 2355 550 2395 est
578 2356 653 2394 aut
683 2351 1012 2407 periphrastice:
1047 2364 1176 2401 „cura
1207 2363 1313 2405 quae
1345 2351 1463 2405 prius
1490 2363 1579 2392 esse
1608 2348 1814 2392 solebat''.

290 2470 376 2516 437
394 2485 454 2527 sq.
488 2469 803 2513 Pulcherrimos
834 2470 957 2512 hosce
989 2484 1138 2513 versus
1171 2471 1337 2512 omittit
1368 2470 1432 2511 M.

216 2565 226 2572 ·
293 2592 377 2635 451
397 2606 457 2647 sq.
1077 2589 1159 2632 Sed
1191 2590 1270 2632 tibi
1301 2591 1395 2632 iuro

441 2663 523 2704 Per
554 2662 712 2716 patrios
743 2662 888 2716 ignes,
924 2661 960 2702 si
994 2674 1061 2702 me
1094 2659 1219 2702 modo
1250 2660 1337 2702 fata
1368 2661 1603 2710 remittent,

442 2733 552 2774 Ante
582 2744 856 2773 reversurum
890 2743 1017 2785 quam
1047 2730 1149 2771 luna
1180 2730 1246 2772 bis
1277 2729 1454 2785 impleat
1488 2730 1647 2772 orbem.

232 2803 288 2846 Et
327 2803 630 2859 grammaticae
672 2805 713 2843 et
747 2800 884 2842 multo
916 2801 1051 2841 maior
1082 2799 1318 2855 elegantiae
1352 2814 1454 2842 cura
1487 2813 1557 2841 me
1590 2802 1738 2841 movet
1770 2804 1820 2841 ut

233 2873 303 2915 hic
333 2872 501 2929 legam:
537 2884 655 2922 „me‚
690 2872 726 2912 si
757 2869 883 2911 modo
916 2869 1003 2911 fata
1028 2868 1292 2911 remittent''.
1325 2869 1441 2911 Haec
1466 2873 1534 2911 est
1559 2869 1820 2924 parenthesis

237 2942 427 2998 eleganti
455 2945 580 2998 poeta
613 2941 767 2996 digna:
802 2943 867 2989 „si
898 2938 1023 2981 modo
1054 2939 1140 2981 fata
1171 2938 1435 2981 remittent’'.

1582 3016 1624 3048 10
