2034 3334
996 351 1080 391 190

315 476 368 516 27
402 485 493 525 sqq.
527 475 669 516 Verba
699 477 803 516 sunt
834 476 1035 516 Lachetis
1067 487 1246 517 uxorem
1281 478 1656 528 reprehendentis:

373 552 463 592 Rus
494 552 739 592 habitatum
771 552 869 603 abii,
903 553 1141 593 concedens
1172 554 1295 594 vobis
1327 556 1371 595 et
1402 555 1464 595 rei
1495 555 1704 607 serviens,
1762 572 1763 575 ¹

373 628 553 668 Sumtus
585 630 754 668 vestros
786 629 1009 678 otiumque
1040 630 1089 668 ut
1120 631 1270 670 nostra
1300 640 1370 670 res
1401 632 1548 680 posset
1579 631 1683 683 pati,

372 705 464 744 Meo
475 704 610 744 labori
624 705 738 744 haud
750 715 930 754 parcens
940 706 1111 755 praeter
1122 716 1306 757 aequom
1318 708 1447 756 atque
1459 708 1650 748 aetatem
1660 717 1823 750 meam.

371 781 464 820 Non
496 782 539 821 te
570 791 646 830 pro
678 779 747 820 his
779 791 954 821 curasse
986 782 1126 832 rebus,
1159 792 1212 822 ne
1245 782 1345 832 quid
1377 793 1504 833 aegre
1535 785 1653 824 esset
1683 783 1826 825 mihi‘?

253 857 486 897 Praeter
527 859 784 906 aequom]
832 857 959 907 „quia
989 867 1068 897 vos
1100 859 1207 898 estis
1239 859 1446 899 domini.”
1479 859 1622 900 Immo
1653 859 1824 906 domi:

255 943 372 983 „vos,
420 932 638 982 mulieres,
687 933 852 973 otiosae
899 933 1015 973 domi
1062 934 1291 984 sedebatis,
1341 934 1445 974 dum
1495 945 1574 985 ego
1619 935 1709 976 ruri
1753 946 1826 977 me

253 1009 587 1059 defetigabam.'’

313 1086 382 1125 39.
415 1085 663 1135 Respondet
692 1085 850 1125 marito
884 1085 1102 1126 Sostrata:

373 1161 452 1212 Qui
481 1162 580 1212 scis,
615 1171 671 1201 an
702 1171 754 1201 ea
785 1171 927 1211 causa,
961 1162 1023 1200 mi
1054 1162 1132 1212 vir,
1167 1172 1238 1202 me
1270 1163 1412 1202 odisse
1444 1163 1772 1206 adsimulaverit

371 1238 432 1278 Ut
463 1248 563 1278 cum
594 1239 736 1278 matre
767 1247 854 1277 una
884 1237 981 1287 plus
1013 1239 1164 1278 esset?

252 1315 322 1354 Ut
364 1325 482 1354 cum
523 1316 703 1354 matre
744 1325 850 1354 una
886 1314 1012 1364 plus
1044 1316 1224 1362 esset]
1263 1313 1494 1365 ηἰὸιωτικῶς
1525 1315 1650 1367 dixit,
1682 1316 1726 1357 id
1757 1318 1827 1357 est

253 1391 325 1430 diu
371 1401 421 1431 ac
466 1391 678 1430 maiorem
725 1391 937 1441 partem.”
987 1391 1212 1431 Sententia
1258 1391 1373 1431 haud
1415 1392 1541 1432 dubie
1583 1392 1690 1433 haec
1732 1394 1824 1433 est:

256 1467 433 1516 „rustici
480 1468 548 1507 est
593 1467 729 1507 oratio
770 1467 895 1516 plus
937 1467 1076 1507 dicere
1118 1467 1171 1507 ad
1202 1469 1376 1518 tempus
1408 1468 1728 1509 indicandum.”
1761 1467 1822 1509 cf.

253 1543 392 1583 Schol.
421 1544 472 1583 de
499 1544 668 1593 impuro
694 1553 895 1583 sermone
921 1543 1075 1583 militis
1102 1544 1146 1583 in
1173 1543 1378 1583 Eunucho
1406 1545 1534 1584 huius
1560 1544 1658 1584 libri
1682 1554 1723 1594 p.
1753 1544 1822 1584 78.

254 1620 335 1660 Sed
368 1620 458 1660 diu
490 1630 549 1660 ac
581 1621 844 1670 corruptum.
878 1619 1089 1660 Coniicio:
1124 1620 1252 1660 diei.

313 1747 366 1820 112
402 1771 440 1820 2,
476 1771 544 1810 20.
578 1770 718 1810 verba
749 1770 950 1810 Lachetis
983 1770 1036 1810 ad
1068 1769 1350 1819 Phidippum:

371 1847 518 1895 Neque
550 1846 655 1886 adeo
687 1846 800 1886 clam
831 1856 903 1885 me
935 1848 1014 1896 est,
1048 1856 1180 1895 quarn
1213 1856 1309 1885 esse
1341 1856 1442 1885 eum
1475 1849 1548 1892 (sc.
1581 1844 1720 1887 fllium

993 1925 1171 1970 [meum)
1204 1922 1395 1972 graviter
1424 1922 1618 1962 laturum
1651 1922 1825 1963 credam

372 1999 465 2038 Hoc
506 1999 544 2038 si
579 1999 785 2038 rescierit.
803 1999 878 2038 'Eo
910 1999 1088 2038 domum
1120 1999 1272 2038 studeo
1304 1998 1411 2050 haec
1441 1998 1560 2048 prius
1591 2009 1722 2048 quam
1753 1998 1825 2039 ille

816 2130 817 2133 Ἰ
1510 2076 1575 2122 [ut
1604 2075 1764 2115 redeat.

254 2151 393 2190 Schol.
430 2151 525 2201 „hic
552 2151 768 2190 subtiliter
795 2151 929 2190 etiam
955 2152 1165 2190 terrorem
1192 2150 1338 2189 iniecit
1364 2150 1608 2190 iracundiae
1634 2150 1824 2190 mariti.”

254 2227 334 2266 Pro
368 2227 701 2266 iracundiae
734 2227 964 2276 legendum
996 2228 1099 2276 puto
1132 2226 1407 2266 iracundi.

314 2378 388 2427 III,
427 2379 464 2427 1,
502 2379 567 2417 11.

432 2454 541 2492 Rem
584 2463 915 2503 cognosces:
959 2453 1069 2492 iram
1108 2452 1322 2502 expedieS,
1356 2463 1530 2492 rursum
1563 2453 1607 2492 in
1637 2452 1823 2502 gratiam

1530 2528 1763 2575 [restitues.

256 2606 375 2644 Sch.:
414 2604 624 2657 „volumius
656 2606 886 2645 sententia.
918 2605 972 2644 Et
1002 2605 1113 2644 bono
1141 2604 1287 2643 ordine
1315 2614 1420 2643 usus
1448 2605 1527 2644 est.
1555 2604 1681 2644 Prius
1706 2604 1823 2644 enim

254 2680 302 2720 fit
335 2682 519 2731 querela,
556 2682 707 2721 deinde
739 2682 912 2731 ponitur
942 2681 1173 2731 iracundia,
1207 2682 1426 2730 postremo
1458 2681 1621 2720 reditur
1651 2679 1697 2719 in
1727 2689 1822 2720 con-

255 2757 414 2796 silium.
463 2757 621 2805 Utique
668 2758 910 2807 recipienda
955 2757 1247 2796 Westerhovii
1294 2756 1539 2795 coniectura
1578 2755 1823 2805 gratiam

255 2844 329 2882 pro
378 2834 695 2873 consilium.
745 2835 825 2873 Pro
873 2834 1104 2883 querela
1150 2833 1381 2882 requiritur
1427 2833 1750 2872 substantivum
1797 2842 1824 2872 a

256 2910 562 2957 miserendi
595 2911 724 2949 verbo
757 2911 1013 2949 derivatum.
1048 2910 1319 2958 Scriptumne
1351 2908 1535 2947 fortasse
1561 2907 1642 2947 fuit
1669 2917 1821 2956 quae-
