2034 3334
907 390 962 431 95

180 514 420 558 laritatem''
462 515 676 571 quandam
721 517 876 557 nactus
907 517 982 558 est.
1014 515 1161 571 Atque
1191 504 1295 557 haec
1328 515 1538 557 sententia
1569 514 1684 556 haud

180 593 330 635 leviter
359 591 636 634 confirmatur
667 592 720 634 iis
753 605 863 647 quae
896 591 1067 646 Fronto,
1098 592 1165 633 vir
1191 591 1424 634 multarum
1451 591 1687 646 literarum,

181 669 233 711 ad
266 668 458 711 Marcum
490 669 718 711 Aurelium
752 669 921 724 scripsit
953 669 1006 724 (p.
1039 669 1095 710 23
1129 667 1274 721 Nab.):

359 777 491 820 Plane
534 777 719 820 multum
753 778 859 819 mihi
889 777 1138 820 facetiarum
1172 777 1353 819 contulit
1383 778 1479 819 istic
1512 776 1686 819 Oratius

299 854 477 897 Flaccus
510 853 797 896 memorabilis
825 857 948 910 poeta
975 855 1168 911 mihique
1195 857 1366 910 propter
1393 853 1683 897 Maecenatem

301 944 351 972 ac
383 931 723 973 maecenatianos
755 931 900 973 hortos
931 943 1048 973 meos
1083 944 1169 973 non
1202 931 1383 975 alienus·

212 1098 214 1100 v
241 1047 339 1090 Non
372 1049 487 1090 enim
519 1048 622 1091 haec
654 1049 747 1091 eius
777 1047 907 1091 verba
938 1051 1042 1091 sunt
1074 1053 1149 1104 qui
1182 1048 1234 1090 de
1265 1049 1438 1091 homine
1463 1050 1548 1091 iam
1578 1048 1686 1091 cele-

183 1123 366 1166 berrimo
413 1123 614 1179 loquitur.
656 1123 767 1166 Nam
811 1124 926 1180 quod
967 1124 1171 1168 Hertzius
1213 1125 1316 1167 huic
1349 1125 1685 1181 disputationum

183 1213 358 1243 suarum
389 1201 500 1256 parti
531 1201 669 1243 addit:
709 1200 804 1255 „Ex
836 1202 888 1244 iis
921 1214 1031 1258 quae
1056 1202 1282 1258 hucusque
1308 1203 1626 1258 proposuimus,
1641 1203 1685 1244 id

184 1289 287 1319 sane
328 1276 478 1328 elucet,
519 1276 688 1320 Horatii
719 1279 909 1320 carmina
939 1282 1037 1321 ante
1067 1282 1246 1321 aetatem
1278 1278 1565 1321 Neronianam
1598 1291 1685 1320 non

186 1353 380 1410 neglecta
410 1353 543 1408 esse‚''
575 1354 631 1408 id,
664 1357 713 1396 ut
742 1355 883 1396 virum
916 1355 1190 1411 praedoctum
1224 1355 1410 1410 decebat,
1442 1359 1565 1398 caute
1593 1357 1687 1411 qui-

185 1429 281 1472 dem
323 1433 365 1472 et
405 1431 711 1486 circumspecte
743 1430 904 1473 dictum
936 1434 1013 1487 est,
1045 1431 1120 1474 sed
1152 1443 1207 1473 ne
1237 1430 1345 1474 illud
1379 1431 1552 1487 quidem
1586 1445 1687 1474 eum

185 1507 444 1562 scripturum
486 1506 620 1550 fuisse
661 1507 813 1562 opinor
850 1507 935 1549 nisi
965 1507 1019 1550 iis
1052 1520 1162 1563 quae
1192 1508 1284 1563 ipse
1315 1509 1576 1564 conquisivit
1607 1508 1689 1550 alia

185 1586 436 1639 argumenta
462 1584 742 1626 accessissent
770 1596 880 1639 quae
909 1583 1043 1626 multo
1061 1584 1311 1627 viderentur
1326 1585 1537 1640 graviora.
1556 1584 1690 1628 Credo

187 1660 297 1702 enim
332 1661 549 1716 egregium
584 1661 723 1703 virum
755 1660 905 1703 alienis
938 1660 1194 1716 quibusdam
1228 1663 1475 1718 pracsertim
1511 1662 1689 1704 ductum

190 1747 283 1778 esse
312 1735 701 1780 lucubrationibus.
736 1736 855 1787 Quae
881 1737 978 1780 illae
1005 1739 1091 1780 sint
1117 1738 1202 1780 iam
1229 1738 1390 1780 dicam:
1419 1738 1690 1794 Propertium

188 1812 301 1854 enim
349 1816 390 1855 et
437 1812 640 1859 Ovidium
680 1814 892 1870 permulta
935 1813 1113 1857 Horatio
1157 1814 1309 1857 debere
1350 1815 1515 1870 ingenti
1546 1814 1691 1858 labore

189 1888 273 1931 duo
314 1890 396 1931 viri
428 1890 539 1932 docti
571 1890 860 1933 demonstrare
892 1892 1034 1933 conati
1065 1895 1167 1933 sunt
1199 1895 1241 1934 et
1271 1890 1498 1934 Hertzium
1531 1891 1691 1934 habent

188 1964 502 2008 assentientem.
544 1965 729 2009 Rectene
770 1980 824 2009 an
871 1979 957 2009 non
1001 1969 1085 2010 iam
1130 1968 1377 2022 videamus3
1422 1969 1474 2011 de
1506 1973 1691 2024 utroque

189 2044 332 2084 autem
364 2046 487 2098 poeta
518 2047 560 2086 et
591 2047 775 2099 utroque
806 2045 898 2086 viro
937 2045 1061 2087 docto
1093 2058 1285 2088 seorsum
1320 2045 1557 2102 disputabo.
