2034 3334
1074 381 1156 422 114

541 504 704 548 Cuncta
733 509 837 549 tuus
868 506 1064 562 sepelivit
1094 519 1223 561 amor,
1255 518 1334 549 nec
1364 505 1523 550 femina
1553 511 1650 564 post
1679 511 1722 552 te

601 581 697 624 Ulla
728 582 843 625 dedit
874 582 983 625 collo
1015 580 1157 624 dulcia
1189 582 1331 624 vincla
1358 595 1465 626 meo.

421 708 477 751 Et
508 708 706 751 admonet
739 721 806 751 me
838 709 954 764 prior
980 708 1052 751 ille
1082 708 1202 750 locus
1229 708 1478 752 recentioris
1494 709 1630 752 multo
1648 710 1864 766 carminis,

364 785 478 841 quod
525 786 594 827 hic
640 786 867 841 praeterire
916 798 999 827 non
1043 798 1235 840 possum.
1276 784 1406 827 Anno
1447 786 1582 828 nostri
1613 786 1774 829 saeculi
1807 785 1863 829 64

363 875 532 905 carmen
566 862 780 918 quoddam
815 861 982 904 Goethii
1014 875 1037 904 e
1069 861 1256 904 tenebris
1289 864 1552 917 protractum
1584 866 1660 918 est,
1691 863 1736 905 in
1769 863 1864 919 qui-

361 938 443 981 bus
489 937 646 981 latebat
692 942 838 991 antea3
888 938 1063 981 titulum
1109 937 1236 1002 habet
1280 938 1382 992 „das
1422 938 1679 995 Tagebuch’'
1712 942 1865 996 estque

362 1015 572 1058 eiusmodi
613 1018 660 1057 ut
689 1028 888 1057 censores
920 1016 1154 1057 severiores
1187 1027 1315 1070 quam
1347 1014 1648 1071 prudentiores
1677 1016 1865 1072 graviter

361 1091 669 1147 reprehendere
708 1092 895 1147 possint3
942 1091 1015 1134 sed
1059 1092 1134 1147 qui
1168 1091 1302 1134 solam
1334 1092 1420 1134 vim
1453 1093 1658 1148 poeticam
1692 1092 1738 1134 in
1771 1105 1863 1135 car-

362 1168 476 1210 mine
522 1171 693 1224 spectat,
737 1167 800 1208 illi
842 1181 927 1209 non
966 1170 1104 1223 potest
1146 1180 1234 1210 non
1269 1168 1488 1224 egregium
1518 1167 1665 1211 videri.
1695 1167 1861 1211 Ansam

361 1243 478 1287 illius
508 1243 690 1287 faciendi
722 1243 803 1286 sibi
834 1244 912 1286 hos
943 1244 1110 1287 dedisse
1140 1243 1403 1287 Tibullianos
1433 1257 1587 1288 versus
1618 1245 1711 1301 ipse
1737 1247 1869 1301 poeta

364 1320 548 1363 declarat
580 1319 629 1375 (I,
662 1321 700 1376 5,
734 1321 789 1362 39
823 1323 922 1376 sq.):

541 1436 674 1493 Saepe
706 1437 832 1479 aliam
864 1439 996 1492 tenui,
1027 1438 1101 1480 sed
1133 1439 1218 1480 iam
1251 1451 1387 1494 quum
1417 1438 1575 1493 gaudia
1600 1438 1762 1482 adirem

598 1514 837 1556 Admonuit
870 1514 1066 1557 dominae
1099 1515 1375 1570 deseruitque
1405 1514 1568 1570 Venus,

362 1639 458 1683 illos
500 1640 613 1682 enim
656 1641 746 1682 suis
781 1639 975 1682 versibus
1007 1640 1250 1696 praemittit.
1281 1638 1360 1683 Est
1390 1642 1546 1696 autem,
1580 1643 1628 1682 ut
1659 1638 1863 1692 dicebam,

364 1717 580 1772 egregium
628 1729 798 1758 carmen
844 1716 1108 1772 plenumque
1150 1716 1325 1767 ardoris,
1367 1728 1467 1772 ergo
1507 1715 1608 1758 licet
1647 1715 1693 1757 in
1723 1715 1863 1758 fronte

361 1791 624 1834 Tibullianos
672 1792 823 1834 habeat
865 1805 1026 1848 versus,
1068 1793 1204 1835 multo
1248 1793 1385 1848 magis
1427 1791 1697 1848 Propertium
1731 1805 1860 1848 quam
1904 1839 1907 1842 ,

362 1867 579 1911 Tibullum
625 1869 772 1911 lectori
817 1869 862 1910 in
908 1873 1091 1911 mentem
1135 1873 1270 1912 vocat.
1310 1868 1463 1924 Neque
1504 1870 1662 1911 mirum
1693 1869 1738 1911 id
1770 1871 1856 1912 est:

362 1945 480 1987 illius
526 1946 638 1988 enim
681 1947 802 2001 ignes
850 1945 1110 1988 Germanum
1165 1949 1331 2002 poetam
1377 1944 1722 1988 inflammarunt:
1769 1946 1862 2002 ipse

363 2021 442 2063 hoc
488 2021 675 2077 epistola,
723 2036 850 2077 quam
894 2024 949 2064 28
981 2022 1089 2065 Nov.
1124 2023 1239 2065 1798
1279 2022 1333 2064 ad
1364 2021 1622 2065 Knebelium
1655 2023 1784 2078 misit,
1813 2026 1863 2066 ut

362 2110 439 2153 pro
479 2096 689 2153 Propertii
720 2098 982 2141 carminibus
1015 2099 1068 2141 ab
1102 2099 1175 2141 illo
1206 2100 1252 2141 in
1286 2098 1589 2141 Germanicum
1621 2110 1860 2142 sermonem

364 2174 582 2216 conversis
611 2174 770 2230 gratias
803 2178 957 2230 ageret,
988 2175 1055 2218 his
1087 2178 1268 2218 testatur
1299 2173 1465 2217 verbis:

544 2290 644 2345 „Ich
676 2291 783 2334 habe
816 2292 898 2334 den
929 2296 1125 2348 grossten
1155 2292 1274 2335 Theil
1307 2292 1381 2335 der
1411 2291 1589 2348 Elegien
1617 2291 1776 2335 wieder
1789 2304 1862 2349 ge—

483 2368 612 2421 lesen,
658 2367 749 2409 und
795 2368 856 2410 sie
907 2368 1044 2411 haben
1094 2370 1189 2412 eine
1229 2368 1572 2424 Erschiitterung
1611 2369 1657 2411 in
1699 2368 1862 2411 meiner

483 2443 622 2485 Natur
651 2443 1016 2500 hervorgebracht,
1047 2446 1128 2488 wie
1154 2458 1199 2488 es
1228 2445 1385 2488 Werke
1412 2445 1550 2488 dieser
1574 2445 1656 2487 Art
1679 2457 1734 2486 zu
1753 2444 1862 2487 thun

484 2520 662 2575 pflegen,
708 2521 803 2562 eine
848 2519 955 2563 Lust
995 2525 1124 2564 etwas
1165 2521 1424 2564 Aehnliches
1456 2520 1862 2577 hervorzubringen‚

485 2596 573 2637 und
621 2597 687 2639 die
732 2597 801 2638 ich
842 2598 1085 2640 vermeiden
1127 2602 1301 2654 musste,
1344 2598 1441 2640 weil
1471 2598 1541 2640 ich
1571 2597 1862 2654 gegenwartig

484 2672 646 2713 freilich
677 2686 785 2728 ganz
817 2673 973 2716 andere
1004 2672 1144 2730 Dinge
1176 2673 1404 2717 vorhabe.'’

368 2795 580 2849 (Schillers
612 2798 701 2839 und
734 2797 915 2841 Goethes
948 2799 1112 2852 Briefe;
1145 2799 1303 2851 Berlin,
1336 2800 1463 2854 1870,
1493 2813 1532 2855 p.
1567 2799 1681 2852 335).

427 2872 535 2914 Prae
568 2872 748 2926 Cynthia
779 2874 948 2917 divitias
980 2878 1214 2918 contemnit
1243 2879 1367 2932 poeta
1398 2876 1446 2930 (I,
1480 2876 1547 2931 14,
1581 2876 1635 2916 15
1668 2875 1768 2931 sq.):
