2034 3334
1037 424 1095 466 36

275 552 434 600 servat,
460 561 483 591 e
500 551 699 592 vocativo
721 550 832 592 Gna
844 550 940 592 tho
963 551 1153 602 apparet,
1171 560 1305 601 quem
1321 550 1468 594 adiicit
1483 550 1613 592 miles
1626 549 1730 601 quiz
1744 559 1843 592 cum

277 626 435 666 doloris
466 627 653 676 quodam
685 627 874 677 loquitur
905 637 1051 668 sensu,

337 702 508 743 Solatur
549 703 772 744 hominem
803 703 975 744 Gnatho
1006 703 1207 744 dicendo:
1244 705 1314 754 „te
1345 704 1467 744 amat
1495 703 1598 752 quia
1628 702 1741 744 dona
1769 704 1848 744 ma

275 780 438 820 amat.'’
470 779 582 819 Tum
613 780 779 821 Thraso
810 783 889 828 (vs.
922 781 1047 827 451):

423 857 675 897 Benedixti:
707 867 760 897 ac
779 852 806 903 ¹)
838 856 947 896 mihi
979 857 1093 896 istuc
1123 866 1209 896 non
1240 855 1285 895 in
1315 857 1511 896 mentem
1541 856 1722 895 venerat

275 934 320 972 et
350 932 520 973 Gnatho
553 934 654 980 (452
685 936 788 983 sq.):

541 1010 811 1050 Ridiculum:
843 1020 930 1050 non
963 1009 1080 1050 enim
1112 1009 1349 1059 cogitaras:
1383 1009 1577 1049 ceterum

453 1085 574 1126 Idem
605 1086 687 1126 hoc
717 1086 812 1126 tute
844 1085 1003 1125 melius
1033 1086 1195 1134 quanto
1227 1084 1483 1134 invenisseS,
1515 1083 1703 1124 Thraso!

275 1161 413 1211 Quam
454 1162 631 1202 ridicule
672 1162 806 1202 etiam
847 1161 1122 1212 sagacissimi
1160 1161 1360 1201 homines
1400 1170 1543 1201 errare
1566 1190 1571 1194 .
1578 1159 1749 1211 possint
1787 1169 1845 1201 ex
2002 1186 2034 1208 ψ

272 1237 354 1277 hac
408 1237 591 1287 Bentleji
648 1238 826 1288 apparet
877 1237 1178 1278 annotatione:
1230 1237 1293 1286 „si
1340 1237 1456 1277 idem
1502 1238 1583 1287 est,
1628 1235 1844 1287 quomodo

272 1314 462 1354 melius?
504 1314 639 1363 Lege:
684 1313 830 1353 idem
861 1313 962 1353 hoc
993 1314 1089 1353 aut
1118 1313 1327 1353 melius
1356 1314 1481 1353 tute
1512 1312 1845 1354 invenisses

274 1388 307 1428 Τ
320 1389 530 1430 hraso.’‘
559 1389 688 1439 Fugit
714 1389 856 1428 virum
884 1389 1312 1448 praestantissimum
1339 1399 1438 1429 rara
1463 1388 1593 1429 huius
1612 1387 1695 1429 loci
1710 1392 1840 1429 venu-

269 1467 378 1523 Q
406 1465 518 1506 Nam
534 1475 688 1505 verum
705 1465 879 1514 quidem
897 1466 965 1504 est
981 1465 1163 1505 eandem
1179 1475 1273 1505 rem
1289 1464 1448 1504 melius
1462 1464 1641 1514 peiusve
1655 1462 1842 1518 inveniri

272 1551 358 1582 non
398 1552 538 1592 posse,
581 1541 657 1581 sed
698 1541 743 1581 in
784 1541 865 1580 hoc
905 1541 998 1591 ipso
1039 1550 1242 1581 summus
1282 1541 1350 1580 est
1389 1540 1493 1580 dicti
1533 1539 1663 1590 lepor,
1701 1549 1840 1591 neque

272 1619 441 1666 poterat
481 1618 664 1657 facetius
705 1616 876 1657 Gnatho
917 1617 1083 1657 homini
1123 1616 1258 1656 stulto
1295 1615 1460 1656 adulari
1490 1625 1622 1664 quam
1652 1614 1740 1656 sic:
1775 1615 1840 1666 „si

271 1694 318 1733 tu
352 1693 534 1733 eandem
566 1688 660 1732 rem
693 1693 886 1734 invenire
918 1692 1120 1741 dignatus
1153 1701 1285 1741 esses,
1319 1691 1478 1731 melius
1508 1691 1795 1732 invenisseS.”

806 1966 952 2006 Acrus
984 1965 1047 2004 III
1080 1965 1224 2004 SanA
1257 1964 1297 2003 2.

329 2091 476 2130 Prodit
507 2090 649 2139 Thais,
684 2090 848 2129 salutat
877 2090 1077 2140 militem,
1105 2090 1178 2139 qui
1204 2090 1357 2129 statim
1385 2099 1483 2129 eam
1509 2089 1713 2130 admonet
1738 2089 1839 2131 doni

270 2176 295 2204 a
327 2177 374 2205 se
406 2167 507 2206 dati.
542 2167 622 2205 Hic
655 2167 867 2206 Parmeno
900 2170 979 2213 (vs.
1013 2149 1138 2216 457):

879 2253 1011 2291 quam
1043 2245 1248 2282 venuste:
1281 2243 1393 2291 quod
1424 2243 1541 2282 dedit

675 2318 938 2367 Principium
971 2318 1227 2363 adveniens!

270 2393 440 2431 (nutias
472 2394 599 2432 militi
634 2394 724 2442 agit
755 2394 908 2442 Thais;
942 2396 1037 2433 tum
1070 2394 1272 2433 continuo
1303 2394 1543 2442 parasitus:

671 2469 832 2508 Eamus
864 2479 964 2518 ergo
996 2469 1048 2508 ad
1082 2479 1274 2508 coenam.

271 2544 322 2582 Et
354 2545 564 2583 Parmeno
596 2555 768 2583 secum:

774 2602 777 2606 ι
1066 2620 1179 2660 Hem
1211 2604 1420 2660 alterum:

670 2696 733 2734 Ex
767 2696 941 2735 homine
973 2696 1086 2735 hunc
1119 2699 1271 2735 natum
1303 2697 1453 2736 dicas?

270 2770 518 2809 Coniectum
562 2772 629 2809 hic
673 2774 761 2810 est:
809 2772 1050 2821 „abdomini
1094 2772 1207 2811 hunc
1248 2773 1400 2811 natum
1443 2772 1602 2811 dicae.”
1644 2772 1682 2810 A
1717 2772 1834 2820 quo?

270 2846 332 2883 Ab
366 2847 561 2893 aliquone
594 2849 765 2885 nostrae
797 2848 954 2886 aetatis
986 2848 1077 2886 viro
1110 2848 1259 2887 insane
1291 2847 1447 2886 docto?
1478 2847 1619 2886 Immo
1650 2858 1676 2886 a
1707 2847 1831 2887 Bent-

309 2998 327 3027 ἰ
349 2998 399 3024 δίε
420 2998 539 3026 ΡΙΘςΚ,;
562 3001 579 3026 1.
600 3002 652 3026 at.
