2034 3334
997 357 1080 398 168

250 482 376 523 stulit
406 483 584 523 dicendo
615 484 845 524 iterum:
880 486 929 523 ut
959 494 1045 524 non
1077 485 1228 525 eadem
1260 485 1315 525 lis
1346 487 1475 536 esset,
1508 485 1561 526 de
1581 495 1670 535 qua
1692 476 1824 536 supra

251 559 414 599 Demea
459 561 638 608 questus
685 562 764 610 est,
807 560 883 600 sed
925 560 1168 601 instaurata
1198 562 1446 602 nascatur.”
1478 561 1687 612 corrupta
1715 561 1824 604 haec

253 635 358 675 adeo
389 637 439 675 ut
469 636 520 676 de
553 636 854 677 emendatione
885 637 1123 687 desperem.

311 711 473 752 Eadem
504 712 676 753 videtur
706 713 893 754 conditio
924 714 1077 754 scholii
1108 714 1161 754 ad
1192 724 1257 755 vs.
1295 715 1371 754 11:

386 788 497 828 Novi
530 799 608 838 ego
640 790 788 830 vestra
819 790 948 830 haec:
982 790 1142 831 nollem
1173 791 1352 841 factum,
1385 791 1686 832 iusiurandum

1436 867 1622 915 [dabitur
1651 867 1697 908 te
1726 876 1824 908 esse

387 941 617 990 Indignum
649 942 806 982 iniun’a
836 942 929 992 hac,

252 1017 324 1056 ubi
369 1019 590 1067 praestare
637 1017 792 1057 dicitur
838 1018 1075 1068 separatim
1115 1019 1257 1069 legere
1303 1019 1700 1060 iusiurandum
1744 1018 1822 1059 da-

251 1093 406 1132 bitur
437 1094 482 1133 et
512 1093 748 1143 separatim
779 1094 833 1133 te
866 1103 991 1134 esse
1023 1094 1316 1144 indignum
1348 1095 1563 1135 iniuria
1593 1095 1715 1145 hac,
1743 1094 1826 1134 hoc

252 1171 531 1219 argumento:
578 1170 737 1219 „verba
779 1170 895 1210 enim
937 1170 1235 1220 satisfaciunt;
1268 1181 1403 1220 quum
1433 1181 1504 1211 res
1535 1170 1750 1221 colligitur
1779 1170 1826 1210 in

251 1246 523 1295 generalibus
570 1246 725 1295 causis,
770 1256 872 1286 nam
915 1256 1044 1296 saepe
1086 1247 1175 1286 irae
1207 1257 1257 1287 ac
1288 1247 1388 1288 lites
1419 1247 1692 1288 iureiurando
1721 1247 1826 1287 sunt

251 1322 554 1362 terminatae.”

314 1398 383 1438 23.
432 1397 607 1438 Certam
654 1409 750 1438 esse
791 1399 1039 1449 formulam,
1085 1410 1170 1448 qua
1210 1400 1248 1439 is
1284 1386 1536 1449 utaturqui
1565 1399 1627 1440 nil
1657 1399 1822 1450 debeat,

253 1485 358 1514 non
399 1485 480 1514 me
522 1475 681 1514 novit
720 1475 962 1515 Scholiasta
993 1476 1128 1526 docet,
1163 1476 1388 1525 additque:
1424 1486 1536 1527 „non
1567 1475 1679 1526 quod
1708 1474 1823 1525 igno-

252 1552 382 1601 retur,
417 1552 493 1591 sed
524 1535 636 1600 quod
670 1552 714 1591 in
746 1552 837 1592 iure
864 1562 951 1591 non
978 1554 1221 1593 cernatur.”
1250 1553 1447 1593 Alteram
1473 1553 1629 1593 horum
1653 1553 1825 1602 partem

254 1629 501 1677 corruptam
533 1637 700 1667 censeo.

313 1704 382 1743 29.
417 1703 640 1743 Scholion:
678 1704 828 1753 „quasi
860 1704 1033 1755 diceret,
1068 1705 1139 1744 ubi
1166 1715 1251 1745 non
1277 1706 1357 1755 est,
1387 1704 1556 1754 quando
1580 1703 1824 1745 Aeschinus

249 1780 466 1829 loquitur''
508 1780 858 1830 ingeniosissime
901 1791 926 1820 a
967 1781 1270 1821 Westerhovio
1307 1781 1587 1831 distinguitur
1617 1781 1662 1821 et
1692 1780 1823 1831 expli-

249 1857 390 1895 catur:
413 1856 563 1906 „quasi
579 1856 760 1896 diceret:
778 1857 863 1896 ubi
891 1867 990 1897 non
1022 1858 1121 1896 est.
1141 1857 1316 1907 Quando
1333 1857 1576 1897 Aeschinus
1592 1856 1823 1905 loquitur.”

248 1931 351 1971 Vult
393 1932 510 1971 enim
551 1932 745 1972 Donatus
784 1933 1050 1973 Sannionem
1080 1933 1204 1983 plura
1235 1933 1451 1973 dicturum
1482 1933 1630 1983 fuisse,
1663 1932 1740 1973 sed
1770 1931 1824 1972 ab

246 2008 464 2049 Aeschino
496 2000 821 2058 interpellatum
851 2009 1085 2049 tacuisse.'’

307 2086 376 2125 37.
529 2085 655 2124 Minis
687 2085 842 2135 viginti
874 2087 923 2125 tu
957 2085 1079 2125 illam
1112 2086 1281 2126 emisti:
1316 2096 1426 2135 quae
1457 2095 1528 2125 res
1558 2084 1637 2125 tibi

1459 2161 1619 2208 [vortat
1634 2159 1762 2200 male.

246 2236 510 2276 Scholiasta:
547 2237 720 2286 „adiicit
754 2236 1077 2287 contumeliam,
1122 2237 1247 2286 quasi
1288 2238 1332 2277 et
1363 2237 1445 2277 hoc
1474 2236 1665 2276 multum
1694 2235 1755 2275 sit
1779 2219 1843 2276 et'

245 2313 514 2352 inimicum.”
558 2313 671 2352 Hoc
712 2314 801 2353 est:
845 2323 921 2362 pro
956 2313 1114 2352 ancilla
1144 2313 1315 2353 solvere
1346 2312 1490 2352 lenoni
1520 2311 1709 2361 pretium
1738 2321 1823 2360 quo

245 2390 392 2438 empta
438 2390 526 2437 est;
576 2390 870 2430 inimicum
919 2391 1168 2439 corruptum
1210 2389 1404 2438 videtur3
1447 2388 1680 2438 requiritur
1708 2387 1821 2428 fere:

244 2475 350 2503 non
381 2465 688 2504 ferendum.
722 2467 791 2505 An
823 2465 1111 2513 iniquum?

302 2541 371 2579 46.
466 2541 643 2580 Homini
670 2541 830 2580 misero
858 2540 954 2590 plus
982 2541 1241 2590 quingentos
1258 2541 1461 2590 colaphos
1478 2541 1653 2590 infregit
1666 2540 1790 2581 mihi.

245 2616 407 2655 Schol.:
455 2647 472 2665 „
498 2618 630 2656 ...et
662 2617 861 2656 flebiliter
898 2617 1266 2666 pronuntiandum
1297 2618 1387 2656 est:
1421 2617 1502 2656 hoc
1532 2617 1650 2656 enim
1682 2615 1820 2666 expri-

242 2691 387 2741 mitur,
436 2694 485 2730 ut
527 2694 676 2731 tamen
718 2693 886 2732 incuset
928 2692 973 2731 in
1016 2692 1155 2732 alieno
1196 2693 1311 2732 facto
1342 2693 1562 2732 fortunam
1593 2702 1733 2731 suam.
1767 2690 1823 2731 Et

242 2767 339 2807 vide
387 2770 598 2816 quantum
643 2769 723 2808 hoc
765 2769 897 2807 distet
940 2769 991 2808 ab
1035 2769 1107 2808 illo
1140 2769 1251 2818 quod
1282 2779 1412 2818 supra
1444 2769 1634 2808 dicebat:
1669 2768 1821 2807 istuc

242 2843 367 2881 volo
400 2854 528 2891 ergo
563 2844 744 2892 ipsum
777 2844 1055 2893 experiri:
1090 2845 1170 2884 hoc
1203 2845 1303 2893 quia
1329 2845 1448 2884 solus
1474 2846 1552 2894 est,
1582 2844 1688 2883 illud
1719 2843 1820 2892 quia

242 2929 339 2958 cum
383 2920 672 2959 adversario.’'
715 2904 879 2960 Sensus
923 2922 1011 2959 est:
1061 2931 1353 2970 „quamquam
1385 2921 1436 2960 de
1467 2921 1582 2960 facto
1613 2919 1820 2960 Aeschini
