2034 3334
966 372 1020 413 12

239 514 368 558 quam
415 500 653 557 genuinum
699 497 867 541 Horatii
913 509 1084 539 carmen
1127 498 1289 550 tractat,
1331 495 1628 538 annotationes
1668 493 1742 536 ad-

238 577 398 632 scribit,
428 575 768 620 emendationem
803 577 950 616 tentat.
982 571 1147 615 Deinde
1178 572 1281 614 haec
1312 571 1510 614 subiicit:

422 685 611 740 „Quodsi
651 684 726 727 tali
767 683 1071 726 commentario
1114 683 1367 738 interpretes
1411 681 1484 724 alii
1516 694 1596 724 sua
1623 680 1743 724 iden·

359 762 490 806 tidem
535 761 811 815 addidissent,
858 772 1055 815 novaque
1094 758 1179 800 huc
1219 757 1324 800 illuc
1364 758 1614 800 accessisset
1643 770 1744 800 con-

359 840 532 890 iectura,
578 838 715 892 hodie,
748 837 886 892 credo,
918 835 1155 892 insipidum
1187 847 1358 878 carmen
1390 836 1436 877 in
1467 833 1744 878 multitudine

362 915 543 958 aliorum
586 915 754 958 lateret:
798 914 887 957 fere
920 917 968 956 ut
999 914 1084 955 duo
1117 917 1204 956 tres
1236 913 1405 955 nummi
1437 912 1667 955 adulterini
1698 912 1744 954 in

360 994 565 1035 comitatu
592 990 638 1035 et'
659 991 870 1047 praesidio
899 990 1133 1033 multorum
1163 1001 1393 1032 aureorum
1426 988 1572 1031 oculos
1587 987 1746 1044 Alphei

362 1069 546 1112 alicuius
591 1069 768 1111 mentito
816 1066 1042 1123 splendore
1083 1066 1415 1122 praestringunt,
1460 1077 1600 1120 neque
1629 1065 1667 1107 is
1697 1065 1745 1107 in

363 1145 499 1200 Lydio
527 1145 704 1202 probare
729 1144 869 1200 lapide
896 1147 970 1186 aut
997 1156 1151 1186 sonum
1179 1142 1358 1185 auribus
1374 1140 1559 1198 experiri
1576 1141 1745 1198 cogitat.

362 1222 492 1265 Nunc
539 1234 682 1264 meum
729 1233 899 1263 carmen
948 1223 1031 1262 stat
1079 1219 1219 1262 solum
1265 1222 1306 1261 et
1354 1218 1532 1272 nudum,
1574 1220 1617 1260 et
1657 1230 1746 1260 una

361 1298 511 1341 turbae
553 1298 777 1340 clamantis
819 1309 907 1338 vox
953 1299 1038 1338 est:
1083 1294 1296 1351 prehende
1325 1294 1489 1336 furem!
1522 1292 1568 1336 Si
1599 1294 1746 1350 itaque

364 1374 629 1417 ostenderem
661 1374 741 1415 1100
772 1385 944 1415 carmen
977 1384 1070 1414 esse
1102 1372 1311 1427 spurium,
1339 1383 1430 1412 rem
1457 1370 1582 1426 plane
1598 1381 1746 1426 super-

363 1464 543 1494 vacuam
588 1463 769 1506 agerem,
818 1450 919 1505 quia
967 1461 1092 1491 nemo
1139 1446 1316 1490 dubitat.
1360 1446 1484 1498 Quod
1525 1450 1668 1490 autem
1698 1447 1744 1488 in

364 1527 458 1570 aliis
501 1526 764 1570 carminibus
806 1530 848 1569 et
889 1525 1099 1579 versibus,
1131 1524 1369 1566 Horatio
1400 1536 1576 1580 aeque
1604 1523 1746 1566 indi-

365 1604 517 1659 gnis,
556 1602 649 1654 feci,
689 1603 769 1645 hoc
811 1602 935 1644 multi
965 1602 1115 1657 inique
1144 1600 1292 1655 ferent,
1324 1603 1366 1642 et
1397 1612 1465 1643 me
1496 1600 1589 1642 sine
1620 1598 1746 1642 modo

366 1693 416 1722 ac
462 1692 580 1722 more
626 1681 672 1721 in
719 1681 842 1735 poe'ta
889 1678 1114 1721 Venusino
1156 1690 1250 1720 esse
1289 1680 1542 1733 grassatum,
1583 1679 1625 1720 et
1654 1689 1746 1720 rem

366 1756 596 1812 periculosi
626 1755 779 1798 fecisse
810 1754 1011 1811 exempli,
1044 1752 1293 1797 dolebunt.”

309 1872 518 1929 Lepidum
565 1871 707 1915 hercle
737 1875 801 1915 est
830 1871 1114 1927 Peerlkampii
1144 1874 1460 1927 argumentum,
1490 1870 1565 1914 sed
1594 1883 1747 1927 parum

249 1949 452 1992 idoneum
499 1953 540 1992 et
583 1949 746 2005 logicae
788 1949 891 1991 artis
937 1948 1173 2004 praeceptis
1221 1948 1494 1990 contrarium.
1535 1946 1747 2003 Equidem

251 2026 394 2082 potius
426 2025 488 2068 sic
519 2026 814 2068 ratiocinarer:
850 2023 1061 2075 Quoniam
1089 2024 1205 2067 istud
1233 2036 1404 2066 carmen
1430 2023 1749 2066 aPallavicinio

250 2104 508 2158 protractum
548 2102 594 2143 in
635 2100 882 2144 melioribus
923 2099 1091 2143 Horatii
1131 2101 1431 2156 manuscriptis
1462 2113 1549 2142 non
1582 2100 1752 2157 legitur,

251 2191 378 2220 num
407 2178 718 2234 genuinum
749 2178 825 2220 sit
852 2176 1074 2230 dubit03
1110 2178 1148 2219 si
1173 2177 1219 2218 in
1245 2176 1330 2219 11113
1349 2177 1751 2232 quoqueinvenire-

251 2258 321 2297 tur
367 2253 561 2297 dubitare
606 2266 693 2311 11011
739 2253 969 2296 auderem.
1002 2251 1117 2304 Quid
1167 2253 1315 2296 enim?
1357 2252 1581 2296 Inficetum
1615 2255 1754 2340 03101

250 2330 496 2373 absurdum.
528 2329 618 2389 Sed
626 2333 683 2385 01
710 2329 797 2382 alia
829 2329 931 2372 fecit
962 2329 1169 2372 Horatius
1203 2330 1276 2372 illo
1309 2343 1394 2373 non
1428 2330 1652 2373 meliora&

312 2407 524 2449 Adiiciam
570 2420 688 2449 nunc
735 2419 885 2449 eorum
932 2419 1062 2449 causa
1105 2406 1263 2462 quibus
1306 2419 1448 2462 neque
1479 2405 1591 2448 Ianii
1621 2404 1751 2448 editio

252 2496 354 2540 prae
385 2483 584 2526 manibus
617 2486 692 2538 est,
724 2495 864 2539 neque
890 2482 1116 2525 Villoisoni
1145 2483 1197 2525 ad
1224 2482 1360 2539 Longi
1386 2482 1621 2525 Pastoralia
1637 2494 1751 2524 com-

254 2561 499 2614 mentarius,
531 2572 671 2615 neque
703 2559 885 2602 diarium
922 2559 1018 2613 „the
1051 2559 1327 2620 Gentlemans
1359 2556 1619 2615 Magasine'',
1649 2557 1751 2600 alte-

255 2649 351 2677 rum
397 2635 506 2677 illud
554 2636 820 2678 Pallavicinii
867 2648 1052 2691 carmen,
1092 2627 1274 2692 quoad
1316 2636 1569 2679 sententiam
1613 2646 1750 2677 meam

254 2712 550 2755 illustrandam
606 2716 712 2755 utar.
760 2710 925 2755 Deinde
973 2726 1101 2769 quam
1151 2713 1468 2755 accuratissime
1514 2710 1753 2753 describere

258 2787 442 2830 conabor
488 2788 727 2830 cuiusmodi
775 2789 860 2830 31111
907 2789 978 2831 illa
1020 2790 1124 2831 vitia
1167 2801 1277 2844 quae
1319 2788 1425 2843 quin
1456 2786 1509 2828 ab
1542 2787 1635 2842 ipso
1667 2787 1753 2828 sint

256 2864 481 2906 commissa
511 2863 688 2905 Horatio
720 2864 839 2906 nulla
871 2877 964 2907 esse
995 2865 1139 2920 possit*
1160 2864 1367 2907 dubitatio
1400 2866 1442 2905 et
1473 2875 1496 2905 e
1524 2875 1609 2918 quo
1635 2861 1752 2905 fonte
