2034 3334
940 365 1022 405 125

221 492 427 535 immunis
483 493 547 533 est
594 490 697 532 vitio
745 488 949 544 Cynthia:
998 503 1126 532 avara
1172 491 1246 532 est.
1294 487 1575 544 Lepidissime
1621 502 1722 545 ergo

222 566 330 621 παρὰ
360 564 586 620 προσδοκίαν
619 565 670 608 de
705 578 752 608 ea
785 566 847 608 sic
877 566 1043 608 iocatur
1074 568 1219 622 poe’ta:
1292 573 1406 614 :2317
1425 564 1449 598 ἑ]
1478 554 1485 560 ’
1514 581 1517 584 ·
1546 591 1557 605 ⁷
1582 565 1597 589 s
1609 560 1627 600 7
1646 582 1660 594 ··
1680 572 1697 609 »ί
1716 579 1739 586 ’

402 700 585 755 Cynthia
618 713 697 743 nec
728 701 924 757 sequitur
954 699 1091 742 fasces
1122 712 1201 742 nec
1231 702 1353 741 curat
1387 699 1580 754 honores,

464 776 638 832 Semper
669 779 905 818 amatorum
938 775 1144 831 ponderat
1174 775 1247 816 illa
1279 776 1410 818 sinus.

286 918 350 962 De
382 919 601 961 communi
632 918 705 960 illo
737 917 966 960 mulierum
1001 916 1148 959 morbo
1181 917 1328 959 multis
1355 917 1614 959 lamentatur
1630 930 1726 959 ver-

228 994 348 1038 sibus
379 995 454 1050 IV,
491 996 558 1048 12,
589 997 631 1037 et
658 995 704 1035 in
736 994 985 1036 memoriam
1017 993 1126 1035 redit
1157 994 1329 1049 pristini
1359 994 1572 1049 temporis,
1591 1006 1726 1048 quum

228 1070 308 1114 sub
351 1070 534 1114 Saturno
574 1070 762 1112 mundus
794 1073 905 1123 erat3
940 1072 981 1111 at
1013 1082 1161 1112 omnes
1193 1072 1341 1125 poetae
1373 1069 1508 1124 latini,
1540 1070 1614 1124 ais,
1645 1069 1727 1111 isto

228 1147 405 1190 flosculo
453 1148 641 1189 carmina
687 1160 764 1189 sua
811 1150 1085 1188 exornarunt.
1134 1145 1200 1188 Ita
1245 1149 1320 1201 est,
1368 1146 1442 1188 sed
1485 1146 1629 1188 nescio
1672 1159 1726 1188 an

228 1225 378 1266 ceteris
426 1223 624 1266 omnibus
665 1223 816 1266 melius
859 1222 1120 1279 Propertius.
1162 1221 1305 1264 Habet
1345 1223 1459 1265 enim
1504 1223 1572 1264 hic
1604 1222 1724 1265 locus

230 1301 301 1354 (25
334 1301 462 1356 sqq->2

405 1424 526 1467 Felix
557 1427 771 1480 agrestum
805 1424 1022 1479 quondam
1053 1427 1200 1479 pacata
1232 1425 1447 1478 iuventus,

463 1500 648 1543 Divitiae
681 1497 865 1556 quorum
896 1501 1047 1543 messis
1079 1504 1120 1542 et
1152 1499 1278 1542 arbor
1310 1504 1440 1542 erant.

404 1577 496 1619 Illis
528 1590 686 1619 munus
718 1580 807 1619 erat
839 1577 1018 1619 decussa
1051 1575 1241 1629 Cydonia
1271 1589 1403 1631 ramo,

463 1653 519 1696 Et
550 1654 650 1696 dare
680 1654 873 1710 puniceis
904 1653 1029 1709 plena
1062 1654 1245 1695 canistra
1275 1653 1407 1708 rubis,

407 1730 534 1773 Nunc
565 1731 700 1773 violas
732 1731 908 1772 tondere
941 1743 1084 1785 manu,
1116 1742 1232 1771 nunc
1266 1730 1400 1772 mixta
1432 1729 1588 1772 referre

466 1805 574 1848 Lilia
606 1807 819 1862 virgineos
850 1806 994 1848 lucida
1025 1819 1099 1861 per
1129 1806 1328 1861 calathos,

408 1882 464 1924 Et
494 1886 660 1938 portare
692 1884 783 1925 suis
816 1883 990 1925 vestitas
1022 1882 1246 1924 frondibus
1278 1896 1385 1943 uffa}

466 1959 556 2000 Aut
587 1959 748 2000 variam
779 1958 951 2014 plumae
982 1958 1252 2000 versicoloris
1283 1971 1418 2000 avem,

410 2032 492 2076 His
522 2037 613 2076 tum
650 2034 866 2076 blanditiis
896 2034 1054 2076 furtiva
1084 2047 1161 2090 per
1191 2038 1313 2076 antra
1344 2034 1510 2089 puellae

471 2107 627 2151 Oscula
658 2110 860 2152 silvicolis
893 2114 1033 2166 empta
1065 2110 1218 2153 dedere
1245 2111 1361 2165 viris,

234 2239 421 2293 ἐνέργειαν
465 2243 691 2299 quandam,
734 2257 862 2299 quam
904 2243 1063 2286 frustra
1094 2243 1208 2299 apud
1242 2244 1347 2286 alios
1379 2247 1537 2299 poetas,
1569 2245 1644 2299 qui
1677 2243 1728 2286 de

235 2331 362 2360 aureo
405 2319 575 2360 saeculo
621 2320 879 2374 cecinerunt,
923 2332 1124 2375 quaeras:
1168 2319 1231 2360 illi
1262 2319 1498 2362 declamare
1530 2320 1730 2362 videntur

235 2397 276 2436 et
322 2397 541 2449 tamquam
587 2394 712 2435 inviti
757 2398 1054 2437 ornamentum
1097 2395 1218 2449 illud,
1261 2395 1374 2450 quod
1416 2396 1609 2437 omittere
1641 2408 1728 2437 non

234 2471 410 2526 possint,
441 2469 659 2523 adbibere3
692 2470 792 2511 huic
824 2482 925 2512 vera
958 2472 1167 2513 moestitia
1194 2474 1343 2526 sponte
1360 2471 1658 2526 cogitationem
1676 2471 1728 2513 de

236 2546 422 2589 feliciore
455 2546 575 2588 offert
606 2545 785 2588 saeculo.

297 2623 454 2666 Nullus
486 2623 573 2665 fere
607 2636 796 2678 unquam
829 2622 911 2664 fuit
941 2625 1074 2678 poeta,
1107 2623 1181 2678 qui
1207 2636 1293 2664 non
1319 2623 1547 2665 identidem
1576 2636 1730 2665 aurum

239 2703 509 2742 execraretur
551 2702 591 2741 et
620 2699 864 2740 divitiarum
896 2699 1152 2754 potentiam,
1185 2698 1389 2741 Romanis
1420 2704 1562 2742 autem
1593 2701 1729 2755 poetis

240 2789 368 2831 quam
413 2775 541 2817 fuerit
579 2776 624 2816 in
670 2774 832 2816 deliciis
872 2774 944 2816 ille
975 2774 1094 2816 locus
1125 2787 1250 2816 nemo
1282 2775 1434 2818 melius
1467 2776 1729 2818 demonstrat

240 2865 368 2908 quam
408 2850 614 2906 Tibullus,
645 2851 689 2892 in
721 2851 844 2892 cuius
876 2849 1148 2906 carminibus,
1179 2864 1289 2906 quae
1320 2865 1456 2907 pauca
1487 2855 1731 2908 supersunt,
