2034 3334
1067 372 1150 413 116

415 499 493 555 111,
525 499 593 554 24,
628 500 648 540 1
683 511 746 554 sq.

532 609 723 665 Iuppiter
753 606 925 650 affectae
956 606 1128 649 tandem
1167 606 1368 648 miserere
1398 605 1587 661 puellae:

590 685 690 727 Tam
722 684 908 726 formosa
938 686 1061 726 tuum
1096 685 1263 725 mortua
1297 682 1459 725 crimen
1496 683 1587 726 erit.

412 794 490 851 ΠΙ,
522 795 591 850 25,
627 794 650 835 7
685 807 747 850 sq.

531 905 577 948 Si
608 918 694 947 non
729 905 873 958 unius,
907 916 1078 959 quaese,
1109 903 1312 946 miserere
1346 902 1544 959 duorum,

594 981 762 1036 Vivam,
794 982 830 1024 si
864 982 1000 1023 vivet:
1035 981 1073 1022 si
1105 979 1228 1022 cadet
1258 979 1343 1036 illa,
1373 979 1533 1022 cadam.

414 1091 492 1147 111,
525 1092 595 1148 26,
629 1092 654 1133 3
695 1104 757 1146 sq.

532 1201 643 1244 Sunt
675 1200 789 1256 apud
820 1200 1008 1243 infernos
1039 1202 1101 1242 tot
1133 1199 1250 1241 milia
1281 1198 1590 1242 formosarum:

591 1276 777 1319 Pulchra
810 1277 864 1319 sit
894 1277 939 1318 in
971 1276 1150 1331 superis,
1182 1276 1219 1318 si
1249 1275 1360 1330 licet,
1390 1289 1479 1318 una
1509 1276 1626 1319 locis.

413 1386 468 1429 Et
515 1399 607 1429 esse
653 1389 770 1428 tanto
819 1385 990 1440 dignam
1037 1397 1181 1427 amore
1224 1383 1450 1438 Cynthiam
1478 1385 1643 1428 ‘lectori
1679 1384 1858 1428 firmiter

355 1462 582 1519 persuadet
623 1465 754 1517 poeta.
799 1459 903 1511 Quis
940 1461 1051 1503 enim
1086 1461 1138 1503 de
1169 1461 1327 1503 eximia
1357 1460 1475 1503 illius
1506 1460 1643 1503 forma
1678 1459 1857 1515 dubitet,

186 1559 194 1568 ι
266 1557 292 1581 2
356 1539 408 1581 de
455 1552 540 1594 qua
585 1539 734 1594 legerit
779 1538 1008 1593 pulchrum
1050 1550 1221 1591 carmen
1253 1536 1286 1590 I²
1317 1538 1355 1594 2,
1397 1550 1482 1593 quo
1513 1537 1575 1578 illi
1609 1537 1731 1579 nullo
1761 1549 1856 1580 esse

356 1619 508 1658 ornatu
550 1628 657 1671 opus
700 1615 971 1669 demonstrat,
1014 1627 1200 1670 quocum
1243 1613 1442 1661 conferas.
1467 1613 1560 1669 (ΠΙ,
1595 1614 1662 1668 11,
1695 1613 1719 1654 7
1754 1614 1854 1669 sq.):
1886 1613 2034 1663 ⁶²²⁷·st

536 1722 600 1766 De
633 1736 712 1778 me,
743 1736 811 1766 me
842 1726 954 1766 certe
984 1724 1142 1779 poteris
1172 1723 1357 1765 formosa
1388 1722 1547 1775 videri;

597 1799 657 1842 Mi
688 1799 873 1842 formosa
906 1803 971 1842 sat
1002 1813 1059 1855 es,
1090 1801 1127 1842 si
1159 1799 1283 1842 modo
1316 1811 1441 1855 saepe
1474 1799 1607 1841 venis.

417 1909 568 1966 Neque
594 1909 777 1951 inaniter
802 1911 969 1964 poetam
986 1909 1221 1951 declamare
1237 1909 1303 1951 his
1320 1908 1516 1951 versibus
1533 1907 1604 1964 (ΙΙ,
1620 1909 1663 1963 2,
1683 1908 1735 1950 13
1753 1910 1830 1965 sq.)
1846 1922 1855 1950 :

536 2016 680 2060 Cedite
711 2018 809 2071 iam,
841 2017 975 2072 divae,
1007 2031 1114 2073 quas
1144 2020 1290 2074 pastor
1320 2017 1485 2060 viderat
1516 2017 1616 2060 olim

594 2093 733 2136 Idaeis
764 2095 933 2136 tunicas
966 2107 1125 2150 ponere
1157 2093 1401 2149 verticibus,

360 2205 528 2258 propter
567 2208 705 2244 cetera
746 2203 889 2244 omnia
928 2202 1127 2246 lubenter
1157 2203 1381 2246 credimus.
1415 2202 1498 2246 Sed
1531 2203 1628 2259 quis
1662 2216 1855 2260 unquam
1882 2247 1886 2252 ,

361 2280 594 2335 quidquam
639 2292 685 2321 se
727 2292 780 2321 ex
826 2279 904 2321 hoc
935 2293 1090 2335 genere
1122 2281 1276 2336 legisse
1308 2279 1498 2334 affirmet,
1531 2280 1646 2339 quod
1677 2281 1856 2322 carmini

359 2355 421 2396 illi
469 2354 520 2397 de
567 2353 749 2408 Cynthia
795 2355 1030 2411 dQHiiente
1077 2360 1271 2412 praestet,
1321 2369 1344 2399 e
1387 2369 1473 2412 quo
1514 2356 1618 2398 haec
1649 2355 1776 2398 affero
1809 2354 1857 2411 (Ι,

363 2431 400 2485 3,
433 2431 486 2471 27
523 2433 651 2486 sqq.):

538 2537 592 2580 Et
625 2539 822 2593 quotiens
853 2553 947 2582 raro
981 2540 1108 2583 duxti
1140 2542 1326 2598 suspiria
1358 2544 1489 2595 mom,

597 2613 809 2670 Obstupui
841 2629 953 2658 vano
984 2617 1184 2660 credulus
1217 2618 1420 2673 auspicio,

539 2688 603 2731 Ne
636 2703 719 2744 qua
751 2690 827 2732 tibi
859 2692 1055 2735 insolitos
1086 2697 1306 2748 portarent
1337 2694 1430 2735 visa
1464 2693 1650 2747 timores,

599 2765 716 2808 Neve
749 2768 846 2821 quis
876 2769 1054 2810 invitam
1086 2773 1254 2825 cogeret
1286 2782 1379 2812 esse
1411 2782 1566 2811 suam.v
