2034 3334
999 449 1056 488 46

300 586 362 616 vs.
397 577 483 616 592
515 586 537 616 s
570 607 579 616 .

326 651 439 692 Dum
466 587 573 692 haece
598 662 772 692 mecum
798 654 962 703 reputo,
991 626 1225 693 arcessitur
1250 652 1446 693 lavatum
1473 652 1640 694 interea
1660 628 1806 706 virgo:

326 728 394 779 Iit,
428 728 548 779 lavit,
581 728 731 769 rediit:
763 729 915 769 deinde
942 739 1041 769 eam
1073 728 1117 768 in
1147 729 1311 770 lectum
1342 729 1442 770 illae
1473 729 1750 771 collocarunt.

236 805 570 845 Arcessitur
620 807 665 846 et
709 805 1070 846 collocarunt
1115 805 1313 862 leffl'tima
1358 815 1454 846 esse
1499 805 1710 848 vocabula
1753 806 1806 850 de

236 882 363 922 iustis
394 883 557 937 nuptiis
593 868 796 924 observat
827 883 1090 924 Scholiasta:
1119 883 1233 924 haud
1259 883 1415 935 inepte,
1443 883 1657 934 siquidem
1683 882 1804 924 illam

236 958 375 1008 ipsam
408 958 622 1009 virginem
653 970 763 1014 mog}
791 959 954 1000 iustam
984 969 1167 1000 uxorem
1199 958 1390 1000 Chaerea
1420 960 1560 1000 ducet.

295 1020 380 1082 592
417 1035 711 1086 „Ancillarum
742 1047 830 1076 una

201 1143 282 1186 »Μ’
1169 1190 1176 1198 .
1247 1189 1255 1198 .
1371 1190 1379 1198 .
1822 1183 1827 1191 .

51 1209 122 1259 ψ’
147 1166 296 1256 Ᾰρφῆ
383 1188 495 1239 Cape
512 1189 593 1229 hoc
608 1189 841 1240 flabellum,
861 1190 1087 1230 ventulum
1103 1190 1204 1230 hulc
1220 1200 1283 1230 Slc
1298 1189 1442 1241 facito,
1460 1190 1564 1230 dum
1579 1189 1801 1230 lavamur:

59 1246 191 1314 κᾹυΨίι
382 1264 465 1304 Ubi
497 1275 576 1305 nos
607 1265 856 1316 laverimus,
891 1265 929 1305 si
961 1266 1094 1317 voles,
1127 1266 1317 1306 lavato.’'

49 1301 94 1349 (s
233 1340 433 1380 Ludibrio
464 1341 626 1381 habent
657 1342 903 1382 eunuchum
934 1341 1114 1392 puellae.
1147 1341 1280 1382 Recte
1311 1342 1429 1382 enim
1457 1341 1621 1382 Schol.:
1651 1341 1802 1393 „quasi

232 1416 542 1456 satisfacientis
558 1419 626 1457 est
642 1418 753 1466 quod
765 1418 908 1458 solum
921 1417 1044 1457 illum
1057 1417 1302 1467 relinquant
1313 1428 1413 1458 cum
1424 1417 1634 1469 virgine,”
1645 1416 1802 1467 quibus

231 1492 375 1532 verbis
391 1493 498 1533 bene
515 1493 706 1533 illustrat
714 1494 1076 1534 muliercularum
1092 1494 1137 1534 in
1153 1494 1281 1534 domo
1297 1493 1543 1535 meretricia
1557 1493 1798 1547 lasciQ.

290 1567 387 1608 Toti
425 1568 639 1609 Chaereae
671 1570 908 1610 narrationi
939 1572 1170 1620 postquam
1202 1580 1351 1610 aurem
1382 1569 1579 1620 praebuit
1605 1569 1799 1620 Antipho

230 1645 375 1693 rogat:
417 1645 525 1694 „Sed
557 1645 732 1685 interim
765 1646 816 1685 de
847 1646 1059 1695 symbolis
1091 1646 1260 1695 (quibus
1290 1648 1334 1686 te
1364 1645 1665 1696 praefecimus)
1697 1645 1799 1695 quid

230 1721 377 1759 actum
409 1723 477 1760 est
487 1722 536 1760 ?''

292 1794 359 1836 Ch.
393 1797 655 1837 Paratumst.
689 1797 772 1837 An.
804 1798 934 1847 Frugi
966 1808 1035 1838 es:
1068 1791 1172 1843 ubi?
1204 1798 1383 1839 domin?
1418 1797 1486 1838 Gn.
1514 1798 1657 1839 Immo
1683 1798 1796 1849 apud

321 1875 339 1888 ⁶
1294 1874 1512 1922 [libertum
1543 1874 1734 1915 Discum.
1796 1860 1801 1869 ⁴

287 1949 369 1988 An.
413 1949 676 1999 Perlongest.
713 1948 781 1990 Ch.
816 1950 897 1990 Sed
928 1952 1050 1991 tanto
1082 1950 1202 1991 ocius
1233 1961 1526 2001 properemus
1559 1950 1642 1991 An.
1675 1949 1796 1991 Muta

1536 2028 1734 2074 [vestem.

226 2101 357 2140 Recte
398 2111 477 2140 nos
519 2103 669 2141 monet
710 2102 973 2142 Scholiasta:
1021 2103 1155 2152 „haec
1187 2101 1393 2154 οἰκονομία
1425 2104 1493 2142 est
1523 2102 1577 2142 ad
1608 2101 1651 2142 id
1681 2101 1795 2152 quod

226 2177 269 2215 in
302 2177 479 2216 domum
513 2177 689 2217 Thaidis
720 2179 936 2218 rediturus
968 2180 1036 2218 est
1067 2178 1299 2218 Chaerea.”
1332 2178 1402 2218 Fit
1431 2178 1513 2219 hoc
1542 2188 1608 2218 vs.
1641 2177 1742 2218 840.

289 2253 397 2302 „Ubi
424 2257 591 2293 mutem
604 2255 652 2293 ?'’
682 2255 838 2294 anxius
865 2254 1056 2294 Chaerea
1077 2256 1200 2304 rogat
1220 2256 1362 2305 „certe
1378 2265 1464 2295 non
1481 2253 1597 2294 domi
1614 2253 1687 2293 ubi
1702 2253 1792 2294 iam

225 2339 374 2367 vereor
410 2340 463 2368 ne
495 2331 539 2368 et
569 2331 691 2379 pater
723 2332 766 2369 et
796 2330 930 2370 frater
960 2330 1060 2381 sint,
1095 2341 1121 2370 a
1151 2331 1305 2380 quibus
1337 2330 1525 2380 conspici
1557 2330 1639 2370 hac
1667 2329 1792 2371 veste

225 2404 400 2443 indutus
432 2405 610 2444 nolim.’'
643 2406 707 2444 Ibi
739 2406 952 2456 Antipho:
989 2416 1168 2456 „eamus
1200 2407 1252 2446 ad
1284 2407 1398 2446 me.‘’

284 2480 440 2519 Probat
496 2481 575 2520 hoc
632 2482 859 2521 consilium
917 2482 1107 2522 Chaerea
1163 2484 1207 2521 et
1259 2482 1311 2521 ad
1357 2481 1617 2532 ‘Antiphonis
1662 2479 1791 2521 aedes

224 2555 382 2594 abeunt
409 2556 548 2595 ambo.
1746 2557 1756 2568 ⁴

1052 1113 1161 1153 heus
1191 1114 1252 1163 tu,
1286 1113 1438 1164 inquit,
1470 1113 1594 1164 Dore,

766 2755 914 2795 Ac'rus
945 2755 1004 2794 IV
1037 2755 1181 2795 SCENA
1216 2756 1253 2795 1.

280 2863 442 2911 Dorias,
487 2864 613 2903 modo
656 2875 681 2902 a
717 2865 877 2903 Thaide
910 2864 1111 2914 profecta,
1144 2866 1194 2903 ut
1224 2863 1442 2903 Chremeti
1473 2863 1600 2902 aedes
1630 2862 1785 2902 militis

222 2941 494 2986 monstraret,
540 2939 636 2977 inde
678 2940 800 2978 redit.
844 2940 1041 2978 Accurrit
1082 2941 1228 2978 autem
1266 2939 1486 2988 anhelans,
1519 2937 1781 2989 exanimata,

221 3014 380 3050 terrore
424 3014 629 3060 perculsa.
674 3014 787 3052 Cur?
830 3015 1071 3053 Chremetis
1114 3015 1229 3053 illius
1270 3015 1481 3053 adventus
1511 3013 1621 3053 iram
1653 3014 1783 3053 militi
