2034 3334
948 361 1003 400 79

251 488 332 528 Hic
372 487 515 527 verbis
556 487 878 536 superbissimis
914 486 1097 525 exitium
1129 485 1294 524 homini
1324 485 1515 524 minatur
1546 484 1755 534 Phaedria

193 564 231 603 si
261 573 452 612 unquam
483 563 663 612 posthac
694 563 794 601 ante
826 562 1000 601 Thaidis
1031 562 1158 600 aedes
1190 562 1444 610 conspectus
1475 560 1615 600 fuerit.
1644 560 1754 599 Tum

193 639 380 680 Gnatho:
427 639 550 688 „heia
585 639 699 677 haud
731 638 794 677 sic
824 638 987 677 decet.'’
1020 637 1158 676 Heia
1188 637 1341 676 leniter
1371 637 1632 688 increpantis
1664 637 1753 675 est:

193 716 394 755 novimus
440 715 556 754 enim
603 724 732 762 quam
778 713 932 752 blande
973 713 1172 761 mitigare
1214 713 1351 752 soleat
1392 712 1560 752 Gnatho
1602 712 1755 751 militis

193 791 474 830 adversarios.
1712 827 1714 830 ,

253 867 335 906 Sed
375 866 483 905 nihil
523 866 772 905 remittente
813 864 1034 914 Phaedria,
1078 864 1265 903 militem
1307 864 1424 903 iubet
1455 863 1624 903 Gnatho
1655 873 1754 912 pau-

193 942 323 992 lisper
363 941 559 981 recedere
602 942 645 980 et
685 941 942 980 Phaedriam
974 939 1293 988 Chaereamque
1325 939 1387 978 sic
1419 939 1576 987 alloqui
1607 938 1756 988 incipit

195 1019 324 1065 (1069
342 1020 420 1067 sq.)
437 1029 445 1056 :

311 1094 523 1142 Principio
550 1103 627 1142 ego
643 1102 722 1131 vos
740 1092 908 1131 credere
927 1092 1077 1131 ambos
1094 1092 1175 1131 hoc
1189 1091 1297 1131 mihi
1314 1091 1593 1130 vehementer
1609 1090 1753 1139 velim,

313 1170 379 1208 Me
410 1169 538 1208 huius
570 1168 773 1217 quidquid
805 1168 914 1206 facio
947 1168 988 1206 id
1020 1168 1160 1207 facere
1192 1168 1386 1206 maxime
1418 1177 1548 1206 causa
1579 1177 1690 1205 mea.

194 1245 303 1284 Illud
334 1255 430 1294 „me
456 1245 596 1283 facere
613 1253 744 1283 causa
760 1244 886 1282 mea'’
907 1243 1146 1282 Scholiasta
1162 1244 1286 1292 putat
1301 1243 1394 1282 ideo
1412 1243 1494 1281 dici
1511 1253 1536 1281 a
1552 1242 1754 1291 parasito,

194 1321 398 1369 quoniam
440 1321 531 1369 ipse
572 1320 806 1359 Phaedriae
847 1320 992 1358 minus
1029 1319 1124 1358 odio
1156 1320 1214 1358 sit
1245 1329 1376 1367 quam
1407 1319 1546 1368 mileS,
1580 1319 1756 1366 eiusque

198 1406 355 1446 „causa
386 1396 644 1444 parasitica”
676 1395 821 1433 minus
854 1405 984 1442 quam
1011 1395 1164 1433 militis
1191 1405 1324 1433 amor.
1354 1395 1491 1443 Falso,
1520 1395 1569 1433 ut
1595 1395 1754 1443 opinor.

194 1471 226 1510 E
258 1471 454 1520 sequenti
486 1481 637 1510 versu:

311 1547 473 1586 Verum
505 1546 542 1585 si
574 1547 688 1585 idem
719 1546 842 1585 vobis
873 1547 1058 1595 prodest,
1091 1556 1170 1584 vos
1202 1556 1286 1584 non
1317 1546 1456 1585 facere
1489 1546 1704 1585 inscitiast

195 1625 372 1672 apparet
417 1623 689 1662 Gnathonem
730 1623 811 1661 hoc
851 1623 984 1661 velle:
1032 1633 1322 1672 „quamquam
1364 1633 1463 1662 mea
1506 1633 1636 1662 causa
1678 1623 1757 1661 hoc

195 1700 300 1749 dico,
348 1701 496 1738 tamen
542 1699 583 1737 id
625 1699 768 1747 ipsum
810 1700 853 1737 et
893 1699 1016 1737 vobis
1057 1699 1260 1747 prodesse
1300 1699 1485 1748 potest,”
1529 1699 1604 1738 sed
1646 1699 1757 1737 hanc

195 1775 457 1814 sententiam
498 1775 548 1814 de
591 1775 801 1813 industria
842 1774 1085 1813 ioculariter
1126 1774 1188 1813 sic
1221 1775 1514 1823 composuisse
1545 1775 1594 1813 ut
1625 1774 1755 1812 Phae-

196 1851 334 1890 driam
359 1848 466 1901 παρὰ
491 1849 734 1901 προσδοκίαν
762 1850 906 1888 iubeat
932 1850 974 1888 id
1001 1850 1170 1888 credere
1192 1850 1303 1897 quod
1320 1850 1401 1888 sibi
1418 1850 1488 1889 ille
1506 1849 1757 1888 iamdudum

195 1935 451 1974 persuasum
479 1925 647 1964 habeat.

259 1999 393 2050 „Quid
424 2000 466 2039 id
498 2001 622 2039 est?”
655 1995 866 2039 Phaedria
896 2002 1030 2048 rogat.
1065 2000 1310 2048 Respondet
1343 2000 1510 2039 Gnatho
1544 2001 1687 2046 (1072)

463 2075 643 2114 Militem
675 2085 752 2123 ego
784 2075 965 2114 rivalem
997 2075 1292 2124 recipiundum
1325 2086 1490 2115 censeo.

198 2151 279 2190 Hic
324 2151 533 2190 Phaedria
574 2151 812 2190 exclamat:
861 2151 1052 2200 „Heml”
1094 2151 1266 2190 Nullam
1310 2153 1483 2200 scripsit
1520 2152 1759 2191 Scholiasta

197 2226 414 2265 utiliorem
461 2226 785 2265 annotationem
831 2236 962 2274 quam
1009 2237 1059 2264 ea
1105 2227 1172 2265 est
1218 2236 1326 2274 quae
1369 2227 1421 2265 ad
1462 2227 1576 2266 hunc
1616 2227 1758 2266 locum

197 2301 374 2349 legitur:
407 2301 663 2350 „Considera
689 2312 771 2350 quo
798 2301 921 2340 vultu
948 2301 1027 2340 hoc
1055 2301 1281 2340 dicendum
1308 2302 1377 2351 sit,
1407 2304 1450 2341 et
1476 2303 1689 2351 intelliges
1716 2304 1759 2342 et

198 2377 442 2416 militem
484 2379 527 2416 et
568 2377 828 2425 rivalem,
863 2378 906 2415 et
937 2377 1323 2425 recipiendum
1355 2379 1398 2416 et
1429 2388 1525 2427 ego
1558 2389 1758 2418 censeo

199 2454 360 2500 quanta
390 2452 674 2501 significent.”
707 2452 866 2491 Deinde
894 2453 944 2491 de
976 2453 1156 2501 singulis
1188 2454 1364 2492 vocibus
1396 2455 1458 2493 sic
1489 2455 1680 2504 disputat
1710 2458 1759 2494 ut

199 2527 279 2566 hoc
326 2538 426 2566 eum
466 2528 576 2566 velle
617 2527 787 2566 videas:
835 2528 1006 2576 „omnia
1047 2528 1108 2566 ita
1150 2538 1244 2568 esse
1287 2530 1509 2569 enuntiata
1549 2532 1597 2569 ut
1628 2541 1758 2579 quam

200 2604 576 2652 impudentissima
602 2604 827 2642 videantur
841 2604 878 2652 ;”
907 2604 998 2642 sive
1020 2604 1131 2652 quod
1148 2615 1277 2653 supra
1292 2605 1469 2654 legitur:
1491 2606 1759 2655 „Artificiose

200 2680 308 2718 satis
339 2679 474 2718 semel
495 2674 521 2724 ¹)
549 2679 696 2718 intulit
723 2689 850 2718 omne
877 2679 987 2727 quod
1014 2679 1168 2718 durum
1195 2681 1310 2719 dictu
1337 2682 1389 2720 ad
1414 2682 1758 2730 persuadendum

201 2755 320 2793 erat’'
354 2756 418 2793 et:
455 2754 656 2803 „Fiducia
686 2754 749 2792 sic
780 2754 960 2793 dicentis
986 2756 1110 2803 parat
1136 2756 1304 2795 animos
1331 2756 1383 2795 ad
1410 2757 1620 2797 audienda
1650 2768 1758 2806 quae

240 2930 261 2962 ¹)
281 2929 422 2959 Semel.
441 2930 524 2965 Lege
544 2929 688 2958 Simul:
710 2930 823 2958 omnia
841 2930 930 2959 enim
951 2931 1052 2959 simul
1070 2932 1105 2960 et
1123 2939 1203 2960 voce
1221 2939 1387 2967 nusquam
1406 2933 1610 2962 subsistente
1626 2934 1761 2969 profert.

537 2966 683 2979 ‚—-.—-
