2034 3334
1001 263 1089 308 100

426 383 695 428 Servandum
725 383 898 428 dederat
927 385 989 428 sic
1019 385 1256 429 inconfessa
1286 384 1391 443 quid
1420 388 1546 432 esset.

240 454 413 499 Scilicet
452 455 568 499 haud
609 454 770 499 tulerat
810 454 966 500 sciolus
1008 455 1252 514 elegantem
1283 456 1514 501 verborum
1543 458 1833 501 structuram.

242 527 348 569 bunc
378 526 600 581 viminibus
628 531 667 569 et
690 526 812 581 legem
835 527 1003 571 dederat
1025 538 1101 585 pro
1127 526 1396 586 quotidiana.
1423 526 1646 583 viminibus
1671 526 1842 577 dederat

243 598 348 641 hunc
378 602 417 640 et
447 597 603 652 (simul)
634 597 768 652 leym.

303 743 391 788 644
417 758 507 802 sqq.
550 743 754 807 Nondum
783 746 959 788 inventa
990 744 1164 789 videtur
1193 743 1427 802 probabilis
1458 743 1703 790 emendatio
1727 743 1846 804 loci..

242 830 373 873 quem
403 819 654 872 corruptum
684 829 774 859 esse
805 829 859 859 ne
889 817 1187 860 tenacissimus
1213 815 1388 874 quidem
1413 815 1671 861 traditarum
1694 814 1840 861 lectio-

242 900 350 930 num
383 900 541 944 negare
574 889 737 943 potest:

850 958 1030 1002 Animas
1061 958 1143 1002 tibi
1173 957 1348 1003 reddere
1378 958 1599 1017 ademptas

424 1027 504 1071 Fas
536 1029 619 1071 erit
630 1041 641 1081 ;
673 1028 795 1085 idque
826 1028 960 1073 semel
991 1019 1056 1072 dis
1087 1029 1416 1088 indignantibus
1446 1043 1578 1074 ausus

425 1098 556 1142 Posse
586 1098 686 1143 dare
721 1100 794 1142 hoe
822 1101 984 1143 iterum
1015 1099 1192 1144 flamma
1222 1101 1502 1158 prohibebere
1531 1101 1663 1146 avita.

242 1169 365 1214 Nihil
395 1171 513 1214 enim
543 1169 778 1214 Ehwaldus
809 1167 996 1215 annotat.

307 1305 394 1351 673
421 1321 482 1364 sq.
746 1311 881 1365 utque
913 1310 1016 1366 vagi
1047 1309 1184 1352 crines
1214 1322 1291 1366 per
1322 1307 1432 1353 colla
1461 1309 1658 1353 iacebant

425 1377 475 1420 In
508 1377 678 1421 dextras
709 1379 850 1422 abiere
879 1379 1018 1423 iubas.

243 1448 327 1491 Pro
367 1449 531 1491 dextras
571 1450 752 1492 coniecit
793 1450 938 1492 demas
978 1449 1151 1493 Riesius
1191 1451 1429 1494 rectissime
1469 1454 1520 1494 ut
1559 1464 1643 1509 ego
1673 1451 1838 1508 opinor.

243 1518 326 1563 Sed
352 1523 482 1577 negat
507 1519 741 1563 Ehwaldus
767 1520 972 1577 affertque
998 1520 1145 1564 locum
1171 1535 1194 1564 e
1221 1520 1406 1565 Varrone
1431 1521 1483 1565 de
1498 1536 1532 1564 r.
1550 1536 1584 1565 r.
1602 1519 1699 1576 (111,
1717 1518 1759 1574 ¹7,
1777 1520 1838 1575 5),

243 1589 319 1633 ubi
364 1589 553 1647 legimus
601 1591 777 1647 signum
823 1605 915 1634 esse
955 1591 1055 1634 boni
1096 1591 1196 1647 equi
1236 1593 1273 1634 si
1313 1591 1416 1635 iuba
1456 1593 1550 1636 eius
1591 1593 1650 1636 sit
1678 1591 1839 1644 crebra,

235 1661 368 1718 fusca
381 1693 392 1713 ,
424 1661 632 1716 subeo-ispa
644 1693 655 1713 ,
688 1661 944 1704 mbtenuibus
974 1661 1118 1713 saetis,
1149 1661 1360 1716 implicata
1391 1661 1561 1719 (ecquid
1590 1659 1839 1716 inclindai')
1871 1709 1878 1715 ,
1952 1647 1990 1690 ..¹

242 1732 288 1773 in
309 1731 569 1774 docter-iorem
587 1736 749 1787 partem
775 1731 953 1774 cervicis.
981 1731 1142 1775 Verum
1167 1746 1274 1775 num
1295 1732 1479 1777 Ovidius
1494 1747 1664 1791 quoque
1678 1732 1841 1776 sciebat

241 1801 354 1845 illud
380 1805 423 1846 et
450 1804 556 1846 scire
582 1817 653 1846 eos
681 1804 755 1860 qui
781 1801 1152 1860 Metamorphoses
1167 1802 1323 1847 lecturi
1338 1808 1460 1848 erant
1475 1808 1626 1862 putare
1643 1800 1839 1862 poterat?

243 1873 418 1916 Accedit
447 1874 526 1917 hoc
557 1873 670 1930 quod
700 1875 879 1931 gravius
910 1877 974 1917 est
1001 1875 1156 1917 etiam:
1186 1874 1559 1932 Metamorphoses
1584 1888 1733 1919 omnes
1756 1874 1838 1918 hoo

241 1944 423 1987 habent:
470 1948 548 1996 „ut
589 1959 672 2001 quo
716 1944 903 2002 quidque
933 1944 1026 1988 loco
1058 1945 1315 2002 deprensum
1347 1949 1412 1990 est
1444 1950 1607 2004 perstet
1633 1947 1680 1990 in
1710 1943 1834 1990 fflo”.

240 2014 310 2058 Sic
350 2015 481 2072 longa
513 2015 752 2072 Ocyrrhoes
784 2014 898 2072 palla
928 2015 1062 2059 cauda
1092 2015 1153 2059 fit.
1197 2014 1345 2061 Crines
1376 2031 1480 2075 ergo
1511 2018 1604 2061 eius
1635 2018 1683 2061 in
1712 2016 1838 2061 iubas

241 2090 468 2130 mutantur
498 2086 671 2138 densas,
704 2086 777 2129 sed
806 2090 857 2129 ut
889 2086 1058 2129 fuerant
1088 2087 1180 2140 vaqi
1203 2102 1283 2142 per
1308 2087 1413 2130 eolla
1440 2089 1501 2131 sic
1527 2101 1640 2131 nunc
1665 2078 1837 2145 quoque

241 2159 294 2202 ab
335 2163 503 2214 utraque
543 2162 663 2215 parte
705 2157 892 2214 pendent
932 2156 1045 2200 colli.
1089 2158 1338 2201 Absurdum
1368 2158 1543 2202 videtur
1571 2172 1664 2203 esse
1693 2161 1838 2202 totum

243 2229 355 2272 illud
398 2228 513 2286 quod
553 2228 604 2271 de
645 2228 799 2270 destris
838 2228 945 2270 iubis
984 2227 1115 2272 Varro
1154 2228 1299 2281 docet,
1342 2229 1417 2273 sed
1455 2231 1513 2272 sit
1543 2243 1721 2282 verum,
1759 2229 1837 2286 qui

244 2299 475 2343 Varronem
523 2314 606 2343 non
654 2298 765 2356 leg-it
806 2312 942 2356 neque
988 2300 1051 2342 rei
1093 2301 1279 2356 equestri
1322 2299 1440 2343 dedit
1480 2314 1655 2357 operam
1684 2302 1837 2358 putare

245 2371 370 2413 debet
411 2375 520 2421 arte,
564 2384 647 2413 non
688 2373 863 2421 natura,
907 2368 998 2412 fieri
1038 2372 1089 2413 ut
1128 2370 1231 2414 iuba
1272 2369 1543 2414 dextrorsum
1584 2369 1834 2428 dependeat.

246 2441 302 2483 Et
334 2443 394 2484 sic
425 2441 551 2497 Prop.
583 2440 655 2491 IV,
689 2440 730 2492 4,
751 2438 807 2484 37
826 2453 911 2497 sq.:

427 2511 507 2554 Ille
539 2525 673 2568 equus
708 2543 867 2555 ......

489 2580 571 2625 Cui
602 2581 751 2625 Tatius
783 2581 952 2625 dextras
985 2580 1164 2625 collocat
1193 2583 1284 2639 ipse
1314 2583 1452 2626 iubas.

309 2724 395 2769 773
423 2740 483 2782 sq.
515 2726 622 2769 Iuno
655 2727 763 2769 irata
796 2727 848 2769 ad
879 2727 1095 2772 Invidiam
1127 2730 1260 2773 venit.

428 2796 570 2852 thue
598 2797 720 2839 deam
747 2797 860 2840 vidit
884 2798 1086 2852 (Invidia)
1112 2800 1334 2856 formaque
1358 2801 1574 2856 armisque
1599 2798 1796 2842 decoram

427 2866 646 2922 Ingemuit
679 2867 937 2924 vultumque
970 2870 1071 2913 deae
1102 2870 1157 2913 ad
1188 2872 1374 2927 suspiria
1404 2870 1541 2913 duxit.

246 2934 466 2978 'Px-aditam
503 2936 731 2980 lectionem
775 2939 873 2980 deae
909 2941 966 2980 ad
1004 2942 1196 2983 restituit
1226 2939 1480 2991 Ehwaldus,
1513 2939 1745 2996 locumque
1776 2940 1838 2981 sic

245 3006 573 3062 interpretatur:
609 3007 707 3058 „Sie
740 3009 911 3050 stohnte
943 3010 1030 3051 und
1057 3024 1214 3067 verzog
1237 3009 1537 3063 (vetii-chtlich)
1561 3010 1631 3053 ihr
1645 3008 1838 3062 Gesicht,
