2034 3334
1052 394 1108 435 68

281 519 354 559 ubi
396 530 484 559 cre
497 519 558 559 do
595 529 728 582 guam
759 519 872 560 solet
902 519 1111 560 ironicam
1125 518 1127 520 ’
1141 520 1234 560 vim
1264 519 1418 575 11110οῃ·Ι
1450 522 1595 562 cetera
1623 519 1731 564 flent
1756 532 1850 574 vper-

282 597 431 646 spicua
474 596 512 635 si
560 595 830 646 reputaveris
870 596 943 646 qui
984 596 1172 637 maiores
1212 607 1374 647 poenas
1413 598 1562 638 sumat
1601 607 1735 647 quam
1772 607 1851 649 pro

281 672 442 712 scelere
474 672 666 712 admisso
699 673 812 722 apud
843 672 967 713 illum
998 672 1131 713 debiti
1161 672 1322 723 aliquid
1352 674 1553 715 residere.

341 748 451 788 Tum
483 748 635 788 statim
667 748 821 788 Thais:
857 749 1016 799 „Missa
1046 749 1154 796 haec
1183 732 1439 790 faciamus.”
1470 749 1620 791 Haec
1643 748 1850 792 iocularia

283 827 326 864 et
366 824 519 864 futilia.
564 824 634 864 Sic
675 824 939 865 Scholiasta:
982 825 1248 865 rectissime:
1291 835 1377 866 non
1419 825 1536 866 enim
1563 825 1658 881 iam
1687 825 1851 869 Dorum

283 911 382 940 eum
414 901 603 950 appellat
633 901 703 941 vel
735 911 835 941 cum
868 912 917 941 eo
949 903 1176 951 tamquam
1209 912 1309 942 cum
1341 911 1467 942 servo
1498 902 1700 956 loquitur.

340 977 524 1017 Deinde:
561 977 681 1027 „Non
707 978 751 1017 te
777 977 968 1028 dignum,
998 977 1200 1028 Chaerea,
1227 977 1413 1018 fecisti.’'
1439 977 1608 1018 Nomen
1633 965 1865 1021 Chaereae.

1997 1015 2004 1037 ὁ
2026 1021 2031 1041 1

282 1053 345 1092 sic
389 1053 606 1093 adiectum
653 1053 1077 1094 commiserationem
1124 1053 1341 1103 quandam
1382 1053 1525 1094 habet.
1567 1053 1679 1095 Tum
1719 1064 1853 1112 suum*
1930 1063 1938 1094 ᾳ
1999 1072 2002 1076 ¹

283 1129 511 1169 consilium
543 1130 655 1178 quod
686 1130 817 1170 fuerit
848 1130 1048 1180 exponit;
1082 1131 1324 1180 postremo:

1021 1205 1297 1246 conturbasti
1328 1205 1438 1245 mihi

549 1282 756 1322 Rationes
787 1283 943 1333 omnis,
976 1283 1026 1322 ut
1058 1293 1157 1322 eam
1187 1292 1274 1322 non
1304 1281 1470 1332 possim
1501 1281 1595 1322 suis

417 1359 516 1398 870.
549 1360 617 1399 Ita
647 1361 697 1399 ut
728 1370 911 1408 aequom
942 1359 1084 1398 fuerat
1115 1360 1244 1408 atque
1275 1360 1325 1398 ut
1354 1358 1501 1398 studui
1531 1358 1716 1410 tradere,

548 1435 609 1474 Ut
639 1435 826 1474 solidum
857 1445 1054 1484 parerem
1085 1435 1148 1474 mi
1178 1435 1260 1474 hoc
1289 1433 1559 1485 beneficium,
1595 1434 1805 1487 Chaerea.¹

340 1510 418 1560 Qui
444 1503 701 1550 beneficium
729 1510 844 1560 facit,
874 1511 911 1550 is
937 1511 1019 1550 sibi
1046 1510 1158 1560 apud
1185 1520 1286 1550 eum
1303 1510 1370 1550 cui
1386 1510 1491 1550 facit
1505 1511 1693 1560 gratiam
1708 1511 1845 1562 parit3

279 1588 322 1626 et
362 1586 503 1635 gratia
543 1586 617 1626 illa
658 1586 850 1626 thesauri
891 1587 1116 1626 cuiusdam
1158 1587 1296 1626 instar
1337 1588 1416 1626 est.
1455 1585 1516 1627 Cf.
1549 1586 1844 1629 Herodoteum

278 1658 304 1720 ἡ
345 1661 454 1720 χάρις
496 1660 710 1702 ἀπόκειται.
752 1662 970 1702 Flebiliter
1011 1673 1111 1712 ergo
1152 1663 1346 1711 queritur
1381 1662 1535 1702 Thais:
1568 1665 1848 1713 speraveram

277 1738 367 1777 fore
407 1741 457 1778 ut
496 1739 600 1778 illud
640 1737 896 1778 beneficium
938 1738 1046 1778 mihi
1087 1738 1318 1778 thesaurus
1354 1738 1530 1787 quidam
1560 1737 1695 1788 fieret,
1728 1749 1844 1779 nunc

279 1816 325 1852 tu
358 1814 466 1853 mihi
498 1825 596 1854 eam
628 1825 751 1864 spem
783 1814 998 1854 ademisti.

339 1890 497 1929 Contra
528 1890 718 1930 Chaerea
749 1891 849 1936 (872
882 1893 1012 1939 sqq.):

426 1968 485 2005 At
516 1977 629 2005 nuno
660 1966 813 2006 dehinc
843 1976 968 2015 spero
995 1968 1217 2006 aeternam
1249 1966 1362 2006 inter
1392 1977 1471 2006 nos
1502 1966 1691 2016 gratiam

428 2043 547 2092 Fore,
581 2042 724 2082 Thais.
758 2052 886 2091 saepe
919 2052 974 2081 ex
1004 2042 1251 2081 huiusmodi
1282 2052 1328 2081 re
1360 2042 1564 2092 quapiam

432 2119 541 2157 Malo
574 2118 780 2167 principio
813 2128 973 2167 magna
1003 2118 1278 2157 familiaritas

430 2194 679 2233 Conflatast.

280 2270 404 2308 Haud
442 2281 621 2318 parvam
659 2270 885 2319 emphasin
916 2270 1047 2309 habet
1077 2270 1181 2309 illud
1205 2271 1290 2326 Q:
1324 2269 1512 2309 affirmat
1538 2269 1656 2308 enim
1676 2269 1847 2310 iuvenis

281 2347 451 2384 tantum
505 2346 656 2385 abesse
707 2347 756 2385 ut
797 2346 1005 2385 damnum
1047 2330 1368 2385 fecerit'Thais
1408 2347 1457 2384 ut
1502 2344 1617 2384 haud
1662 2353 1847 2394 parvum

280 2420 446 2458 1110111111
490 2422 542 2459 ad
585 2432 681 2460 eam
724 2422 969 2470 perveniat:
1012 2432 1087 2471 pro
1129 2420 1313 2460 solido
1354 2419 1641 2460 beneficio
1672 2419 1848 2460 habebit

281 2499 570 2535 aeternam
629 2498 886 2546 gratiam.
942 2498 1023 2537 Sed
1074 2507 1231 2536 sanum
1278 2506 1374 2535 esse
1420 2495 1746 2536 huiusmodi
1790 2506 1847 2536 re

281 2573 540 2619 quapiam
584 2574 658 2611 vix
702 2574 826 2612 credo
863 2575 907 2612 et
948 2574 992 2612 in
1033 2575 1126 2612 tam
1157 2572 1310 2622 lepidis
1340 2572 1567 2610 versieulis
1598 2571 1847 2620 languidam
1924 2570 1927 2574 ”

282 2647 410 2685 istam
445 2648 673 2687 verborum
706 2649 949 2687 ubertatem
982 2659 1066 2687 non
1097 2649 1200 2698 fero,
1234 2648 1309 2686 sed
1341 2647 1441 2696 quid
1473 2657 1601 2696 agam
1632 2646 1791 2687 nescio.

340 2723 501 2761 Ludere
539 2727 686 2762 tamen
720 2726 762 2762 et
794 2724 985 2763 deridere
1017 2723 1167 2763 fiotum
1199 2723 1454 2762 Eunuchum
1485 2722 1625 2771 pergit
1650 2722 1843 2772 Pythias,

282 2798 560 2845 consultoque
594 2809 656 2837 vs.
692 2799 801 2837 882:

429 2873 486 2911 Te
519 2884 685 2921 quoque
719 2875 806 2913 iam
839 2875 981 2924 Thais,
1015 2875 1079 2914 ita
1108 2885 1180 2914 me
1212 2874 1254 2913 di
1283 2874 1392 2913 bene
1423 2875 1583 2922 ament,
1617 2883 1729 2912 amo.

280 2947 396 2985 Haec
439 2950 548 3001 grati
592 2950 723 2987 animi
768 2951 954 2989 testandi
998 2950 1183 2989 formula
1227 2952 1297 2998 „te
1339 2949 1465 2988 amo⁹⁹
1510 2949 1685 2997 (gratias
1728 2949 1844 2987 enim
