2034 3334
1027 387 1109 428 162

274 514 503 554 Klotziana
546 513 731 554 lectione
744 524 752 552 :
805 543 822 563 ,‚
831 512 903 563 qui
949 515 1248 566 apparuerant,
1291 515 1461 564 quoties
1501 526 1664 567 coquus
1704 517 1842 571 amnt,

276 590 342 630 vel
384 590 554 640 quoties
586 589 834 630 convivium
866 591 934 629 est
964 589 1295 631 constitutum.”
1328 591 1476 632 Malim
1507 593 1658 635 tamen
1689 604 1717 635 a
1725 605 1753 645 p
1762 605 1791 646 p
1802 604 1843 636 a·

273 677 332 706 ru
345 669 521 706 erunt.
551 666 796 706 Perfectum
823 667 972 706 autem
994 666 1038 705 in
1054 666 1198 707 verbis
1226 676 1327 717 app
1340 677 1365 707 a
1378 678 1472 708 rue
1485 670 1626 720 runt,
1654 669 1842 722 affuit,

273 745 360 783 est
396 743 780 787 constitutum
819 753 912 783 rem
943 741 1172 793 significat,
1205 753 1316 792 quae
1347 745 1592 785 antehac
1622 752 1846 797 semper

271 819 387 859 facta
426 819 496 859 sit.
541 818 794 860 Conclamat
824 819 952 859 miles
984 828 1058 859 eos
1089 818 1161 868 qui
1191 821 1419 869 praesente
1450 831 1585 871 coquo
1616 821 1845 864 abfuerunt

271 906 505 946 nunquam.
563 896 794 936 Praeterea
844 906 930 936 non
975 895 1206 946 legendum
1252 907 1280 936 v
1293 896 1342 937 el
1389 907 1416 947 q
1426 907 1455 937 u
1467 907 1492 938 o
1503 898 1547 938 ti
1560 908 1584 938 e
1594 908 1617 938 s
1663 909 1686 940 c
1697 909 1722 940 o
1733 909 1763 939 n
1772 909 1802 940 v
1812 899 1842 940 i·

270 973 421 1013 vium
453 975 540 1014 est
572 973 958 1014 constitutum
984 972 1084 1013 sed:
1118 972 1170 1013 id
1203 974 1290 1013 est
1321 974 1551 1022 quoties
1582 985 1618 1016 c.
1637 986 1672 1016 e.
1691 985 1727 1016 c.

327 1109 377 1161 V,
416 1110 456 1161 3,
491 1111 531 1150 9.
564 1110 763 1150 Eccum
794 1110 1199 1149 Parmenonem
1232 1110 1498 1151 incedere
1531 1111 1709 1160 video]
1745 1121 1842 1163 „res

267 1186 363 1226 odio
405 1186 582 1236 dignior,
627 1186 820 1226 novitate
862 1185 1028 1225 seilicet
1065 1186 1306 1226 incessus.”
1349 1185 1512 1227 Sensus
1553 1187 1624 1228 hic
1658 1187 1767 1229 latet
1797 1188 1842 1229 in

267 1263 411 1304 verbis
463 1263 674 1313 corruptis
688 1274 696 1302 ε
750 1263 805 1302 in
817 1273 839 1302 c-
851 1273 874 1302 e
887 1263 913 1302 d
925 1273 947 1302 e
959 1273 989 1302 n
1000 1263 1026 1302 d
1039 1263 1052 1302 i
1094 1262 1277 1302 verbum
1321 1265 1365 1303 et
1405 1264 1730 1306 substantivum
1771 1265 1841 1306 in-

268 1350 291 1379 c
303 1350 325 1379 e
337 1350 359 1378 s
371 1350 393 1379 s
404 1350 432 1379 u
444 1349 466 1379 s
498 1340 549 1379 de
581 1339 763 1389 superbo
796 1349 846 1379 ac
877 1339 1096 1388 arroganti
1128 1339 1305 1379 homine
1339 1340 1577 1381 adhibetur.

327 1475 377 1526 V,
422 1477 461 1526 5,
509 1476 575 1515 19.
622 1475 857 1526 „Pythias”
901 1475 1142 1515 Scholiasta
1183 1476 1245 1514 ait
1289 1476 1516 1526 „laborans
1547 1477 1599 1517 ad
1631 1477 1840 1519 contradi·

267 1553 451 1592 cendum
498 1553 720 1592 amitteret
765 1551 895 1591 fldem
941 1551 1147 1601 supplicis
1192 1553 1444 1602 personae.”
1487 1553 1841 1603 Ingeniosissime

266 1628 593 1677 rectissimeque
649 1627 978 1667 Westerhovius
1029 1637 1104 1676 pro
1151 1627 1436 1677 supplicis
1482 1628 1674 1678 reposuit
1717 1629 1838 1669 sim-

267 1703 453 1753 plicis,

325 1839 375 1891 V,
419 1841 458 1890 6,
507 1841 542 1879 1.
590 1840 834 1890 „Firmatur
874 1840 1036 1879 mentis
1077 1841 1220 1880 status
1252 1841 1508 1890 trepidantis
1539 1842 1657 1882 senis
1686 1843 1738 1882 ut
1767 1852 1837 1893 ap·

264 1918 414 1966 pareat
445 1927 576 1965 quam
609 1916 872 1966 inopinato.''
906 1916 1032 1956 Haud
1065 1916 1190 1955 dubie
1218 1919 1418 1966 corrupta
1443 1917 1563 1958 haec.
1590 1917 1839 1968 Requiritur
1901 1971 1905 1981 1

263 1994 503 2033 sententia:
556 1992 734 2043 „firmus
780 1993 943 2033 mentis
989 1994 1133 2033 status
1176 1993 1434 2043 (depingitur
1474 1995 1670 2043 minime)
1711 1996 1837 2046 trepi-

263 2070 407 2110 dantis
448 2071 594 2110 senis”
638 2071 663 2110 i.
683 2081 718 2110 e.
767 2081 927 2121 „senex
969 2070 1149 2110 verbose
1191 2071 1440 2120 placideque
1470 2082 1620 2112 secum
1650 2072 1838 2122 loquitur

263 2148 312 2186 ut
343 2147 415 2195 qui
446 2147 551 2186 mali
582 2149 753 2187 metuat
783 2147 932 2186 nihil.”

326 2224 394 2263 24.
428 2224 561 2263 Num
604 2224 733 2273 quid
766 2225 853 2263 est
884 2223 1038 2263 aliud
1070 2224 1206 2263 mali
1239 2224 1515 2271 damnive]
1551 2223 1687 2274 „Cum
1717 2212 1836 2267 dam·

263 2310 369 2339 num
396 2300 562 2340 malum
590 2300 660 2350 sit,
690 2300 741 2339 de
768 2300 966 2349 proximo
994 2299 1199 2339 collatum
1227 2300 1526 2340 discernitur.”
1554 2300 1624 2340 Sic
1649 2301 1834 2351 accipio:

266 2376 501 2425 „damnum
543 2377 710 2415 malum
753 2375 927 2424 quidem
969 2376 1049 2424 est,
1092 2375 1168 2414 sed
1209 2375 1247 2414 si
1278 2376 1475 2424 proxime
1507 2376 1619 2416 inter
1649 2385 1698 2417 se
1727 2377 1835 2418 haec

263 2452 471 2491 vocabula
503 2454 731 2502 ponuntur,
765 2451 998 2491 discrimen
1029 2450 1264 2490 nascitur.”

323 2586 371 2636 V,
428 2588 466 2636 8,
520 2590 555 2626 l.
608 2587 687 2637 „Et
732 2597 862 2636 supra
908 2596 1042 2635 quum
1089 2586 1142 2625 ad
1188 2586 1310 2625 litem
1355 2587 1540 2637 venitur,
1589 2597 1644 2627 ex
1688 2587 1833 2628 verbis

265 2662 498 2702 Thrasonis
555 2663 837 2702 manifestum
895 2664 962 2702 est
1018 2664 1062 2701 et
1113 2661 1386 2701 Gnathonem
1433 2663 1619 2702 invitum
1665 2663 1830 2713 sequi.”

266 2738 526 2788 Quantocius
559 2741 745 2779 alterum
778 2740 893 2779 istud
925 2741 979 2778 et
1009 2738 1324 2788 expellendum.

324 2874 372 2925 V,
408 2876 446 2924 9,
478 2876 546 2914 20.
575 2876 667 2914 Hoc
698 2875 890 2935 scholion
918 2875 961 2913 et
987 2873 1098 2922 quod
1124 2874 1318 2921 sequitur
1343 2873 1450 2913 bene
1478 2885 1503 2913 a
1529 2874 1829 2916 Westerhovio

263 2954 363 2989 sunt
396 2952 609 2990 restituta.
