<?xml version="1.0" encoding="UTF-8"?>
<!DOCTYPE html PUBLIC "-//W3C//DTD XHTML 1.0 Transitional//EN"
    "http://www.w3.org/TR/xhtml1/DTD/xhtml1-transitional.dtd">
<html xmlns="http://www.w3.org/1999/xhtml" xml:lang="en" lang="en">
 <head>
  <title>
</title>
<meta http-equiv="Content-Type" content="text/html;charset=utf-8" />
  <meta name='ocr-system' content='tesseract 3.04.00' />
  <meta name='ocr-capabilities' content='ocr_page ocr_carea ocr_par ocr_line ocrx_word'/>
</head>
<body>
  <div class='ocr_page' id='page_1' title='image "./dehoratiopota00hartuoft_0294.png"; bbox 0 0 2034 3334; ppageno 0'>
   <div class='ocr_carea' id='block_1_1' title="bbox 0 0 532 214">
    <p class='ocr_par' dir='ltr' id='par_1_1' title="bbox 0 0 532 214">
     <span class='ocr_line' id='line_1_1' title="bbox 0 0 532 214; baseline 0 3120"><span class='ocrx_word' id='word_1_1' title='bbox 0 0 532 214; x_wconf 95' lang='lat' dir='ltr'><strong> </strong></span> 
     </span>
    </p>
   </div>
   <div class='ocr_carea' id='block_1_2' title="bbox 1027 263 1087 310">
    <p class='ocr_par' dir='ltr' id='par_1_2' title="bbox 1027 263 1087 310">
     <span class='ocr_line' id='line_1_2' title="bbox 1027 263 1087 310; baseline 0 0"><span class='ocrx_word' id='word_1_2' title='bbox 1027 263 1087 310; x_wconf 77' lang='lat'><strong>78</strong></span> 
     </span>
    </p>
   </div>
   <div class='ocr_carea' id='block_1_3' title="bbox 253 367 1996 447">
    <p class='ocr_par' dir='ltr' id='par_1_3' title="bbox 253 355 1996 456">
     <span class='ocr_line' id='line_1_3' title="bbox 253 367 1996 447; baseline -0.017 -15"><span class='ocrx_word' id='word_1_3' title='bbox 253 402 379 432; x_wconf 85' lang='lat' dir='ltr'><strong>suam</strong></span> <span class='ocrx_word' id='word_1_4' title='bbox 409 388 674 446; x_wconf 84' lang='lat' dir='ltr'><strong>praebuerit:</strong></span> <span class='ocrx_word' id='word_1_5' title='bbox 707 389 845 431; x_wconf 87' lang='lat' dir='ltr'><strong>iratus</strong></span> <span class='ocrx_word' id='word_1_6' title='bbox 876 389 919 431; x_wconf 91' lang='lat' dir='ltr'><strong>et</strong></span> <span class='ocrx_word' id='word_1_7' title='bbox 949 386 1002 431; x_wconf 92' lang='lat' dir='ltr'><strong>ad</strong></span> <span class='ocrx_word' id='word_1_8' title='bbox 1034 386 1326 432; x_wconf 87' lang='lat' dir='ltr'><strong>ulciscendum</strong></span> <span class='ocrx_word' id='word_1_9' title='bbox 1358 390 1532 446; x_wconf 80' lang='lat' dir='ltr'><strong>paratus</strong></span> <span class='ocrx_word' id='word_1_10' title='bbox 1562 389 1659 447; x_wconf 79' lang='lat' dir='ltr'><strong>quis</strong></span> <span class='ocrx_word' id='word_1_11' title='bbox 1688 370 1766 435; x_wconf 68' lang='lat'><strong>1110</strong></span> <span class='ocrx_word' id='word_1_12' title='bbox 1793 388 1861 435; x_wconf 71' lang='lat' dir='ltr'><strong>flit&#39;</strong></span> <span class='ocrx_word' id='word_1_13' title='bbox 1919 396 1922 398; x_wconf 87' lang='lat'><em>-</em></span> <span class='ocrx_word' id='word_1_14' title='bbox 1988 367 1996 405; x_wconf 74' lang='grc' dir='ltr'><strong>,ζ</strong></span> 
     </span>
    </p>
   </div>
   <div class='ocr_carea' id='block_1_4' title="bbox 252 456 1867 1649">
    <p class='ocr_par' dir='ltr' id='par_1_4' title="bbox 252 456 1867 1153">
     <span class='ocr_line' id='line_1_4' title="bbox 254 456 1861 518; baseline 0.002 -16"><span class='ocrx_word' id='word_1_15' title='bbox 254 462 405 516; x_wconf 82' lang='lat' dir='ltr'><strong>rogat:</strong></span> <span class='ocrx_word' id='word_1_16' title='bbox 448 458 654 502; x_wconf 87' lang='lat' dir='ltr'><strong>Ovidium</strong></span> <span class='ocrx_word' id='word_1_17' title='bbox 686 471 778 501; x_wconf 89' lang='lat' dir='ltr'><strong>esse</strong></span> <span class='ocrx_word' id='word_1_18' title='bbox 808 457 944 501; x_wconf 89' lang='lat' dir='ltr'><strong>audit.</strong></span> <span class='ocrx_word' id='word_1_19' title='bbox 976 456 1091 501; x_wconf 81' lang='lat' dir='ltr'><strong>Tum</strong></span> <span class='ocrx_word' id='word_1_20' title='bbox 1123 471 1224 502; x_wconf 83' lang='lat' dir='ltr'><strong>vero</strong></span> <span class='ocrx_word' id='word_1_21' title='bbox 1255 472 1300 503; x_wconf 88' lang='lat' dir='ltr'><strong>se</strong></span> <span class='ocrx_word' id='word_1_22' title='bbox 1329 460 1546 503; x_wconf 86' lang='lat' dir='ltr'><strong>continere</strong></span> <span class='ocrx_word' id='word_1_23' title='bbox 1576 473 1660 504; x_wconf 88' lang='lat' dir='ltr'><strong>non</strong></span> <span class='ocrx_word' id='word_1_24' title='bbox 1689 462 1861 518; x_wconf 51' lang='lat' dir='ltr'><strong>potest}</strong></span> 
     </span>
     <span class='ocr_line' id='line_1_5' title="bbox 255 528 1856 580; baseline 0.002 -8"><span class='ocrx_word' id='word_1_25' title='bbox 255 531 318 573; x_wconf 87' lang='lat' dir='ltr'><strong>ira</strong></span> <span class='ocrx_word' id='word_1_26' title='bbox 350 529 584 573; x_wconf 79' lang='lat' dir='ltr'><strong>exardescit</strong></span> <span class='ocrx_word' id='word_1_27' title='bbox 615 531 679 572; x_wconf 88' lang='lat' dir='ltr'><strong>et:</strong></span> <span class='ocrx_word' id='word_1_28' title='bbox 716 542 796 580; x_wconf 90' lang='lat' dir='ltr'><strong>„en</strong></span> <span class='ocrx_word' id='word_1_29' title='bbox 826 530 986 572; x_wconf 86' lang='lat' dir='ltr'><strong>iterum</strong></span> <span class='ocrx_word' id='word_1_30' title='bbox 1019 528 1230 573; x_wconf 75' lang='lat' dir='ltr'><strong>exclamat</strong></span> <span class='ocrx_word' id='word_1_31' title='bbox 1261 528 1398 573; x_wconf 81' lang='lat' dir='ltr'><strong>scelus</strong></span> <span class='ocrx_word' id='word_1_32' title='bbox 1428 529 1547 574; x_wconf 87' lang='lat' dir='ltr'><strong>istud</strong></span> <span class='ocrx_word' id='word_1_33' title='bbox 1570 530 1758 576; x_wconf 78' lang='lat' dir='ltr'><strong>hominis</strong></span> <span class='ocrx_word' id='word_1_34' title='bbox 1782 529 1856 577; x_wconf 70' lang='lat' dir='ltr'><strong>mo</strong></span> 
     </span>
     <span class='ocr_line' id='line_1_6' title="bbox 255 599 1865 657; baseline 0.004 -14"><span class='ocrx_word' id='word_1_35' title='bbox 255 602 384 657; x_wconf 82' lang='lat' dir='ltr'><strong>petit,</strong></span> <span class='ocrx_word' id='word_1_36' title='bbox 426 614 497 643; x_wconf 91' lang='lat' dir='ltr'><strong>me</strong></span> <span class='ocrx_word' id='word_1_37' title='bbox 537 603 780 656; x_wconf 81' lang='lat' dir='ltr'><strong>oppugnat3</strong></span> <span class='ocrx_word' id='word_1_38' title='bbox 823 603 921 643; x_wconf 91' lang='lat' dir='ltr'><strong>ante</strong></span> <span class='ocrx_word' id='word_1_39' title='bbox 962 613 1121 644; x_wconf 86' lang='lat' dir='ltr'><strong>novem</strong></span> <span class='ocrx_word' id='word_1_40' title='bbox 1162 613 1293 644; x_wconf 86' lang='lat' dir='ltr'><strong>annos</strong></span> <span class='ocrx_word' id='word_1_41' title='bbox 1329 600 1489 644; x_wconf 86' lang='lat' dir='ltr'><strong>nefaria</strong></span> <span class='ocrx_word' id='word_1_42' title='bbox 1519 602 1605 644; x_wconf 86' lang='lat' dir='ltr'><strong>ista</strong></span> <span class='ocrx_word' id='word_1_43' title='bbox 1633 599 1865 649; x_wconf 67' lang='lat' dir='ltr'><strong>scribenda*</strong></span> 
     </span>
     <span class='ocr_line' id='line_1_7' title="bbox 256 670 1855 730; baseline 0.001 -16"><span class='ocrx_word' id='word_1_44' title='bbox 256 672 361 714; x_wconf 89' lang='lat' dir='ltr'><strong>Arte</strong></span> <span class='ocrx_word' id='word_1_45' title='bbox 402 670 539 714; x_wconf 84' lang='lat' dir='ltr'><strong>effecit</strong></span> <span class='ocrx_word' id='word_1_46' title='bbox 579 674 630 714; x_wconf 90' lang='lat' dir='ltr'><strong>ut</strong></span> <span class='ocrx_word' id='word_1_47' title='bbox 669 672 816 714; x_wconf 85' lang='lat' dir='ltr'><strong>irritae</strong></span> <span class='ocrx_word' id='word_1_48' title='bbox 859 676 999 714; x_wconf 79' lang='lat' dir='ltr'><strong>essent</strong></span> <span class='ocrx_word' id='word_1_49' title='bbox 1034 670 1155 727; x_wconf 87' lang='lat' dir='ltr'><strong>leges</strong></span> <span class='ocrx_word' id='word_1_50' title='bbox 1186 670 1296 714; x_wconf 87' lang='lat' dir='ltr'><strong>mihi</strong></span> <span class='ocrx_word' id='word_1_51' title='bbox 1327 674 1417 714; x_wconf 89' lang='lat' dir='ltr'><strong>tam</strong></span> <span class='ocrx_word' id='word_1_52' title='bbox 1448 684 1570 716; x_wconf 88' lang='lat' dir='ltr'><strong>carae</strong></span> <span class='ocrx_word' id='word_1_53' title='bbox 1600 674 1855 730; x_wconf 76' lang='lat' dir='ltr'><strong>sanctaeque</strong></span> 
     </span>
     <span class='ocr_line' id='line_1_8' title="bbox 256 740 1856 798; baseline 0.001 -14"><span class='ocrx_word' id='word_1_54' title='bbox 256 741 307 784; x_wconf 93' lang='lat' dir='ltr'><strong>de</strong></span> <span class='ocrx_word' id='word_1_55' title='bbox 348 740 583 792; x_wconf 85' lang='lat' dir='ltr'><strong>adulterio,</strong></span> <span class='ocrx_word' id='word_1_56' title='bbox 626 755 703 798; x_wconf 90' lang='lat' dir='ltr'><strong>per</strong></span> <span class='ocrx_word' id='word_1_57' title='bbox 734 744 876 784; x_wconf 88' lang='lat' dir='ltr'><strong>totum</strong></span> <span class='ocrx_word' id='word_1_58' title='bbox 907 740 1019 784; x_wconf 92' lang='lat' dir='ltr'><strong>illud</strong></span> <span class='ocrx_word' id='word_1_59' title='bbox 1050 746 1223 798; x_wconf 86' lang='lat' dir='ltr'><strong>tempus</strong></span> <span class='ocrx_word' id='word_1_60' title='bbox 1256 741 1378 784; x_wconf 64' lang='lat' dir='ltr'><strong>laesit</strong></span> <span class='ocrx_word' id='word_1_61' title='bbox 1405 741 1650 796; x_wconf 60' lang='lat' dir='ltr'><strong>rebifionem,</strong></span> <span class='ocrx_word' id='word_1_62' title='bbox 1681 740 1856 786; x_wconf 67' lang='lat' dir='ltr'><strong>violavit</strong></span> 
     </span>
     <span class='ocr_line' id='line_1_9' title="bbox 254 810 1867 870; baseline 0.003 -16"><span class='ocrx_word' id='word_1_63' title='bbox 254 811 510 863; x_wconf 70' lang='lat' dir='ltr'><strong>maiestatem,</strong></span> <span class='ocrx_word' id='word_1_64' title='bbox 558 825 670 855; x_wconf 89' lang='lat' dir='ltr'><strong>nunc</strong></span> <span class='ocrx_word' id='word_1_65' title='bbox 716 813 760 854; x_wconf 89' lang='lat' dir='ltr'><strong>in</strong></span> <span class='ocrx_word' id='word_1_66' title='bbox 803 811 981 855; x_wconf 92' lang='lat' dir='ltr'><strong>domum</strong></span> <span class='ocrx_word' id='word_1_67' title='bbox 1024 826 1167 855; x_wconf 90' lang='lat' dir='ltr'><strong>meam</strong></span> <span class='ocrx_word' id='word_1_68' title='bbox 1205 810 1291 855; x_wconf 88' lang='lat' dir='ltr'><strong>tela</strong></span> <span class='ocrx_word' id='word_1_69' title='bbox 1330 825 1409 856; x_wconf 83' lang='lat' dir='ltr'><strong>sua</strong></span> <span class='ocrx_word' id='word_1_70' title='bbox 1447 814 1574 865; x_wconf 79' lang='lat' dir='ltr'><strong>iacit,</strong></span> <span class='ocrx_word' id='word_1_71' title='bbox 1605 825 1683 870; x_wconf 80' lang='lat' dir='ltr'><strong>per</strong></span> <span class='ocrx_word' id='word_1_72' title='bbox 1709 824 1867 860; x_wconf 69' lang='lat' dir='ltr'><strong>metm</strong></span> 
     </span>
     <span class='ocr_line' id='line_1_10' title="bbox 254 882 1860 941; baseline 0.002 -16"><span class='ocrx_word' id='word_1_73' title='bbox 254 887 431 941; x_wconf 80' lang='lat' dir='ltr'><strong>gentem</strong></span> <span class='ocrx_word' id='word_1_74' title='bbox 465 896 630 926; x_wconf 86' lang='lat' dir='ltr'><strong>venena</strong></span> <span class='ocrx_word' id='word_1_75' title='bbox 659 896 737 925; x_wconf 88' lang='lat' dir='ltr'><strong>sua</strong></span> <span class='ocrx_word' id='word_1_76' title='bbox 769 882 967 940; x_wconf 83' lang='lat' dir='ltr'><strong>spargit&#39;&#39;</strong></span> <span class='ocrx_word' id='word_1_77' title='bbox 1000 915 1011 926; x_wconf 88' lang='lat'><strong>.</strong></span> <span class='ocrx_word' id='word_1_78' title='bbox 1031 915 1042 926; x_wconf 89' lang='lat'><strong>.</strong></span> <span class='ocrx_word' id='word_1_79' title='bbox 1062 914 1072 926; x_wconf 89' lang='lat'><strong>.</strong></span> <span class='ocrx_word' id='word_1_80' title='bbox 1092 914 1103 926; x_wconf 93' lang='lat'><strong>.</strong></span> <span class='ocrx_word' id='word_1_81' title='bbox 1135 886 1180 926; x_wconf 83' lang='lat' dir='ltr'><strong>et</strong></span> <span class='ocrx_word' id='word_1_82' title='bbox 1210 896 1440 940; x_wconf 83' lang='lat' dir='ltr'><strong>possumus</strong></span> <span class='ocrx_word' id='word_1_83' title='bbox 1471 884 1532 927; x_wconf 82' lang='lat' dir='ltr'><strong>sic</strong></span> <span class='ocrx_word' id='word_1_84' title='bbox 1563 896 1742 941; x_wconf 77' lang='lat' dir='ltr'><strong>pergere</strong></span> <span class='ocrx_word' id='word_1_85' title='bbox 1766 887 1860 928; x_wconf 72' lang='lat' dir='ltr'><strong>tan·</strong></span> 
     </span>
     <span class='ocr_line' id='line_1_11' title="bbox 255 953 1859 1011; baseline 0.002 -15"><span class='ocrx_word' id='word_1_86' title='bbox 255 954 438 1010; x_wconf 91' lang='lat' dir='ltr'><strong>demque</strong></span> <span class='ocrx_word' id='word_1_87' title='bbox 480 955 628 996; x_wconf 90' lang='lat' dir='ltr'><strong>mirari</strong></span> <span class='ocrx_word' id='word_1_88' title='bbox 670 953 784 1010; x_wconf 91' lang='lat' dir='ltr'><strong>quod</strong></span> <span class='ocrx_word' id='word_1_89' title='bbox 826 955 1023 1010; x_wconf 87' lang='lat' dir='ltr'><strong>princeps</strong></span> <span class='ocrx_word' id='word_1_90' title='bbox 1054 953 1316 1011; x_wconf 81' lang='lat' dir='ltr'><strong>relegatione</strong></span> <span class='ocrx_word' id='word_1_91' title='bbox 1346 953 1423 997; x_wconf 90' lang='lat' dir='ltr'><strong>illa</strong></span> <span class='ocrx_word' id='word_1_92' title='bbox 1452 955 1497 997; x_wconf 89' lang='lat' dir='ltr'><strong>in</strong></span> <span class='ocrx_word' id='word_1_93' title='bbox 1530 953 1736 999; x_wconf 84' lang='lat' dir='ltr'><strong>ultimam</strong></span> <span class='ocrx_word' id='word_1_94' title='bbox 1764 954 1859 999; x_wconf 82' lang='lat' dir='ltr'><strong>bar-</strong></span> 
     </span>
     <span class='ocr_line' id='line_1_12' title="bbox 253 1023 1856 1070; baseline 0.002 -4"><span class='ocrx_word' id='word_1_95' title='bbox 253 1025 416 1067; x_wconf 84' lang='lat' dir='ltr'><strong>bariem</strong></span> <span class='ocrx_word' id='word_1_96' title='bbox 458 1023 590 1067; x_wconf 84' lang='lat' dir='ltr'><strong>fuerit</strong></span> <span class='ocrx_word' id='word_1_97' title='bbox 629 1028 856 1067; x_wconf 88' lang='lat' dir='ltr'><strong>contentus</strong></span> <span class='ocrx_word' id='word_1_98' title='bbox 897 1030 941 1067; x_wconf 86' lang='lat' dir='ltr'><strong>et</strong></span> <span class='ocrx_word' id='word_1_99' title='bbox 982 1039 1066 1067; x_wconf 90' lang='lat' dir='ltr'><strong>non</strong></span> <span class='ocrx_word' id='word_1_100' title='bbox 1109 1038 1232 1067; x_wconf 91' lang='lat' dir='ltr'><strong>reum</strong></span> <span class='ocrx_word' id='word_1_101' title='bbox 1274 1024 1434 1068; x_wconf 77' lang='lat' dir='ltr'><strong>attrahi</strong></span> <span class='ocrx_word' id='word_1_102' title='bbox 1470 1025 1646 1068; x_wconf 88' lang='lat' dir='ltr'><strong>iusserit</strong></span> <span class='ocrx_word' id='word_1_103' title='bbox 1675 1028 1726 1069; x_wconf 86' lang='lat' dir='ltr'><strong>ut</strong></span> <span class='ocrx_word' id='word_1_104' title='bbox 1755 1027 1856 1070; x_wconf 77' lang='lat' dir='ltr'><strong>ante</strong></span> 
     </span>
     <span class='ocr_line' id='line_1_13' title="bbox 252 1093 1542 1153; baseline 0 -15"><span class='ocrx_word' id='word_1_105' title='bbox 252 1096 388 1152; x_wconf 89' lang='lat' dir='ltr'><strong>ipsius</strong></span> <span class='ocrx_word' id='word_1_106' title='bbox 420 1093 563 1138; x_wconf 88' lang='lat' dir='ltr'><strong>oculos</strong></span> <span class='ocrx_word' id='word_1_107' title='bbox 595 1095 699 1138; x_wconf 91' lang='lat' dir='ltr'><strong>diris</strong></span> <span class='ocrx_word' id='word_1_108' title='bbox 730 1095 988 1138; x_wconf 88' lang='lat' dir='ltr'><strong>cruciatibus</strong></span> <span class='ocrx_word' id='word_1_109' title='bbox 1019 1095 1072 1138; x_wconf 86' lang='lat' dir='ltr'><strong>ad</strong></span> <span class='ocrx_word' id='word_1_110' title='bbox 1104 1109 1251 1139; x_wconf 82' lang='lat' dir='ltr'><strong>necem</strong></span> <span class='ocrx_word' id='word_1_111' title='bbox 1283 1094 1542 1153; x_wconf 79' lang='lat' dir='ltr'><strong>adigeretur.</strong></span> 
     </span>
    </p>

    <p class='ocr_par' dir='ltr' id='par_1_5' title="bbox 252 1163 1862 1649">
     <span class='ocr_line' id='line_1_14' title="bbox 314 1163 1862 1223; baseline 0.001 -14"><span class='ocrx_word' id='word_1_112' title='bbox 314 1165 397 1209; x_wconf 85' lang='lat' dir='ltr'><strong>Sed</strong></span> <span class='ocrx_word' id='word_1_113' title='bbox 437 1180 544 1208; x_wconf 89' lang='lat' dir='ltr'><strong>num</strong></span> <span class='ocrx_word' id='word_1_114' title='bbox 589 1165 823 1222; x_wconf 86' lang='lat' dir='ltr'><strong>quidquam</strong></span> <span class='ocrx_word' id='word_1_115' title='bbox 865 1166 944 1210; x_wconf 88' lang='lat' dir='ltr'><strong>hac</strong></span> <span class='ocrx_word' id='word_1_116' title='bbox 985 1179 1210 1209; x_wconf 88' lang='lat' dir='ltr'><strong>causarum</strong></span> <span class='ocrx_word' id='word_1_117' title='bbox 1251 1167 1550 1210; x_wconf 88' lang='lat' dir='ltr'><strong>coniunctione</strong></span> <span class='ocrx_word' id='word_1_118' title='bbox 1580 1163 1862 1223; x_wconf 50' lang='lat' dir='ltr'><strong>proficimus?</strong></span> 
     </span>
     <span class='ocr_line' id='line_1_15' title="bbox 253 1235 1856 1294; baseline 0 -14"><span class='ocrx_word' id='word_1_119' title='bbox 253 1235 400 1288; x_wconf 88' lang='lat' dir='ltr'><strong>Nihil,</strong></span> <span class='ocrx_word' id='word_1_120' title='bbox 442 1242 493 1279; x_wconf 92' lang='lat' dir='ltr'><strong>ut</strong></span> <span class='ocrx_word' id='word_1_121' title='bbox 535 1238 697 1293; x_wconf 87' lang='lat' dir='ltr'><strong>opinor.</strong></span> <span class='ocrx_word' id='word_1_122' title='bbox 740 1237 889 1294; x_wconf 90' lang='lat' dir='ltr'><strong>Neque</strong></span> <span class='ocrx_word' id='word_1_123' title='bbox 931 1238 976 1279; x_wconf 91' lang='lat' dir='ltr'><strong>in</strong></span> <span class='ocrx_word' id='word_1_124' title='bbox 1020 1237 1124 1280; x_wconf 90' lang='lat' dir='ltr'><strong>Arte</strong></span> <span class='ocrx_word' id='word_1_125' title='bbox 1166 1237 1402 1294; x_wconf 87' lang='lat' dir='ltr'><strong>quidquam</strong></span> <span class='ocrx_word' id='word_1_126' title='bbox 1444 1241 1536 1280; x_wconf 90' lang='lat' dir='ltr'><strong>erat</strong></span> <span class='ocrx_word' id='word_1_127' title='bbox 1565 1236 1681 1294; x_wconf 87' lang='lat' dir='ltr'><strong>quod</strong></span> <span class='ocrx_word' id='word_1_128' title='bbox 1713 1235 1856 1289; x_wconf 78' lang='lat' dir='ltr'><strong>doceri</strong></span> 
     </span>
     <span class='ocr_line' id='line_1_16' title="bbox 253 1306 1855 1366; baseline 0.001 -15"><span class='ocrx_word' id='word_1_129' title='bbox 253 1312 382 1364; x_wconf 85' lang='lat' dir='ltr'><strong>atque</strong></span> <span class='ocrx_word' id='word_1_130' title='bbox 425 1306 528 1350; x_wconf 88' lang='lat' dir='ltr'><strong>adeo</strong></span> <span class='ocrx_word' id='word_1_131' title='bbox 569 1308 661 1350; x_wconf 87' lang='lat' dir='ltr'><strong>fieri</strong></span> <span class='ocrx_word' id='word_1_132' title='bbox 703 1306 769 1350; x_wconf 88' lang='lat' dir='ltr'><strong>vel</strong></span> <span class='ocrx_word' id='word_1_133' title='bbox 811 1306 882 1350; x_wconf 85' lang='lat' dir='ltr'><strong>lex</strong></span> <span class='ocrx_word' id='word_1_134' title='bbox 923 1306 1033 1350; x_wconf 91' lang='lat' dir='ltr'><strong>Iulia</strong></span> <span class='ocrx_word' id='word_1_135' title='bbox 1065 1307 1240 1351; x_wconf 85' lang='lat' dir='ltr'><strong>vetabat</strong></span> <span class='ocrx_word' id='word_1_136' title='bbox 1272 1307 1344 1351; x_wconf 83' lang='lat' dir='ltr'><strong>vel</strong></span> <span class='ocrx_word' id='word_1_137' title='bbox 1375 1309 1568 1351; x_wconf 81' lang='lat' dir='ltr'><strong>vatitura</strong></span> <span class='ocrx_word' id='word_1_138' title='bbox 1598 1310 1691 1352; x_wconf 83' lang='lat' dir='ltr'><strong>erat</strong></span> <span class='ocrx_word' id='word_1_139' title='bbox 1718 1306 1855 1366; x_wconf 80' lang='lat' dir='ltr'><strong>Papia</strong></span> 
     </span>
     <span class='ocr_line' id='line_1_17' title="bbox 253 1377 1853 1434; baseline 0.001 -13"><span class='ocrx_word' id='word_1_140' title='bbox 253 1378 476 1434; x_wconf 88' lang='lat' dir='ltr'><strong>Poppaea,</strong></span> <span class='ocrx_word' id='word_1_141' title='bbox 509 1381 553 1421; x_wconf 88' lang='lat' dir='ltr'><strong>et</strong></span> <span class='ocrx_word' id='word_1_142' title='bbox 583 1379 620 1420; x_wconf 89' lang='lat' dir='ltr'><strong>si</strong></span> <span class='ocrx_word' id='word_1_143' title='bbox 652 1381 796 1421; x_wconf 88' lang='lat' dir='ltr'><strong>tamen</strong></span> <span class='ocrx_word' id='word_1_144' title='bbox 829 1377 1009 1422; x_wconf 88' lang='lat' dir='ltr'><strong>credidit</strong></span> <span class='ocrx_word' id='word_1_145' title='bbox 1038 1377 1117 1421; x_wconf 90' lang='lat' dir='ltr'><strong>illo</strong></span> <span class='ocrx_word' id='word_1_146' title='bbox 1148 1380 1336 1422; x_wconf 82' lang='lat' dir='ltr'><strong>carmine</strong></span> <span class='ocrx_word' id='word_1_147' title='bbox 1367 1379 1531 1422; x_wconf 86' lang='lat' dir='ltr'><strong>civium</strong></span> <span class='ocrx_word' id='word_1_148' title='bbox 1562 1392 1740 1423; x_wconf 87' lang='lat' dir='ltr'><strong>suorum</strong></span> <span class='ocrx_word' id='word_1_149' title='bbox 1766 1392 1853 1423; x_wconf 81' lang='lat' dir='ltr'><strong>cor·</strong></span> 
     </span>
     <span class='ocr_line' id='line_1_18' title="bbox 252 1448 1860 1507; baseline 0.001 -16"><span class='ocrx_word' id='word_1_150' title='bbox 252 1450 398 1505; x_wconf 91' lang='lat' dir='ltr'><strong>rumpi</strong></span> <span class='ocrx_word' id='word_1_151' title='bbox 424 1462 566 1491; x_wconf 89' lang='lat' dir='ltr'><strong>mores</strong></span> <span class='ocrx_word' id='word_1_152' title='bbox 593 1449 842 1506; x_wconf 87' lang='lat' dir='ltr'><strong>Augustus,</strong></span> <span class='ocrx_word' id='word_1_153' title='bbox 872 1463 948 1505; x_wconf 90' lang='lat' dir='ltr'><strong>per</strong></span> <span class='ocrx_word' id='word_1_154' title='bbox 973 1449 1118 1492; x_wconf 88' lang='lat' dir='ltr'><strong>decem</strong></span> <span class='ocrx_word' id='word_1_155' title='bbox 1139 1449 1226 1492; x_wconf 88' lang='lat' dir='ltr'><strong>fere</strong></span> <span class='ocrx_word' id='word_1_156' title='bbox 1248 1463 1380 1492; x_wconf 86' lang='lat' dir='ltr'><strong>annos</strong></span> <span class='ocrx_word' id='word_1_157' title='bbox 1394 1448 1485 1507; x_wconf 82' lang='lat' dir='ltr'><strong>legi</strong></span> <span class='ocrx_word' id='word_1_158' title='bbox 1498 1448 1631 1501; x_wconf 90' lang='lat' dir='ltr'><strong>illud,</strong></span> <span class='ocrx_word' id='word_1_159' title='bbox 1647 1448 1830 1494; x_wconf 82' lang='lat' dir='ltr'><strong>describi</strong></span> <span class='ocrx_word' id='word_1_160' title='bbox 1839 1459 1860 1502; x_wconf 65' lang='lat'><strong>‚⁴</strong></span> 
     </span>
     <span class='ocr_line' id='line_1_19' title="bbox 254 1520 1852 1577; baseline 0.002 -15"><span class='ocrx_word' id='word_1_161' title='bbox 254 1521 399 1577; x_wconf 83' lang='lat' dir='ltr'><strong>spargi</strong></span> <span class='ocrx_word' id='word_1_162' title='bbox 442 1533 577 1576; x_wconf 86' lang='lat' dir='ltr'><strong>aequo</strong></span> <span class='ocrx_word' id='word_1_163' title='bbox 608 1520 854 1576; x_wconf 84' lang='lat' dir='ltr'><strong>patiebatur</strong></span> <span class='ocrx_word' id='word_1_164' title='bbox 885 1521 1051 1571; x_wconf 88' lang='lat' dir='ltr'><strong>animo,</strong></span> <span class='ocrx_word' id='word_1_165' title='bbox 1085 1524 1128 1563; x_wconf 92' lang='lat' dir='ltr'><strong>et</strong></span> <span class='ocrx_word' id='word_1_166' title='bbox 1159 1520 1333 1563; x_wconf 91' lang='lat' dir='ltr'><strong>demum</strong></span> <span class='ocrx_word' id='word_1_167' title='bbox 1365 1533 1411 1563; x_wconf 88' lang='lat' dir='ltr'><strong>re</strong></span> <span class='ocrx_word' id='word_1_168' title='bbox 1442 1532 1576 1571; x_wconf 83' lang='lat' dir='ltr'><strong>nova,</strong></span> <span class='ocrx_word' id='word_1_169' title='bbox 1610 1533 1719 1577; x_wconf 83' lang='lat' dir='ltr'><strong>quae</strong></span> <span class='ocrx_word' id='word_1_170' title='bbox 1749 1532 1852 1565; x_wconf 82' lang='lat' dir='ltr'><strong>oum</strong></span> 
     </span>
     <span class='ocr_line' id='line_1_20' title="bbox 253 1589 1852 1649; baseline 0.002 -17"><span class='ocrx_word' id='word_1_171' title='bbox 253 1589 374 1632; x_wconf 89' lang='lat' dir='ltr'><strong>libris</strong></span> <span class='ocrx_word' id='word_1_172' title='bbox 415 1589 503 1632; x_wconf 89' lang='lat' dir='ltr'><strong>illis</strong></span> <span class='ocrx_word' id='word_1_173' title='bbox 543 1604 770 1633; x_wconf 91' lang='lat' dir='ltr'><strong>commune</strong></span> <span class='ocrx_word' id='word_1_174' title='bbox 812 1590 988 1633; x_wconf 87' lang='lat' dir='ltr'><strong>haberet</strong></span> <span class='ocrx_word' id='word_1_175' title='bbox 1027 1590 1159 1641; x_wconf 89' lang='lat' dir='ltr'><strong>nihil,</strong></span> <span class='ocrx_word' id='word_1_176' title='bbox 1202 1595 1348 1633; x_wconf 89' lang='lat' dir='ltr'><strong>motus</strong></span> <span class='ocrx_word' id='word_1_177' title='bbox 1390 1604 1471 1634; x_wconf 92' lang='lat' dir='ltr'><strong>non</strong></span> <span class='ocrx_word' id='word_1_178' title='bbox 1514 1589 1615 1634; x_wconf 87' lang='lat' dir='ltr'><strong>illos</strong></span> <span class='ocrx_word' id='word_1_179' title='bbox 1656 1592 1852 1649; x_wconf 83' lang='lat' dir='ltr'><strong>conquiri</strong></span> 
     </span>
    </p>
   </div>
   <div class='ocr_carea' id='block_1_5' title="bbox 254 1660 1890 1719">
    <p class='ocr_par' dir='ltr' id='par_1_6' title="bbox 254 1639 1988 1719">
     <span class='ocr_line' id='line_1_21' title="bbox 254 1660 1890 1719; baseline -0.028 -16"><span class='ocrx_word' id='word_1_180' title='bbox 254 1661 531 1717; x_wconf 86' lang='lat' dir='ltr'><strong>comburique</strong></span> <span class='ocrx_word' id='word_1_181' title='bbox 556 1663 703 1712; x_wconf 89' lang='lat' dir='ltr'><strong>iussit,</strong></span> <span class='ocrx_word' id='word_1_182' title='bbox 730 1665 774 1704; x_wconf 89' lang='lat' dir='ltr'><strong>et</strong></span> <span class='ocrx_word' id='word_1_183' title='bbox 799 1660 970 1704; x_wconf 83' lang='lat' dir='ltr'><strong>venales</strong></span> <span class='ocrx_word' id='word_1_184' title='bbox 997 1666 1188 1717; x_wconf 86' lang='lat' dir='ltr'><strong>prostare</strong></span> <span class='ocrx_word' id='word_1_185' title='bbox 1212 1660 1386 1718; x_wconf 81' lang='lat' dir='ltr'><strong>legique</strong></span> <span class='ocrx_word' id='word_1_186' title='bbox 1414 1663 1555 1705; x_wconf 82' lang='lat' dir='ltr'><strong>vetuit</strong></span> <span class='ocrx_word' id='word_1_187' title='bbox 1580 1661 1654 1705; x_wconf 72' lang='lat' dir='ltr'><strong>sed</strong></span> <span class='ocrx_word' id='word_1_188' title='bbox 1675 1665 1850 1719; x_wconf 44' lang='lat' dir='ltr'><strong>penum</strong></span> <span class='ocrx_word' id='word_1_189' title='bbox 1884 1694 1890 1700; x_wconf 22' lang='grc' dir='ltr'>η</span> 
     </span>
    </p>
   </div>
   <div class='ocr_carea' id='block_1_6' title="bbox 250 1730 1853 3056">
    <p class='ocr_par' dir='ltr' id='par_1_7' title="bbox 253 1730 1426 1789">
     <span class='ocr_line' id='line_1_22' title="bbox 253 1730 1426 1789; baseline 0 -15"><span class='ocrx_word' id='word_1_190' title='bbox 253 1730 401 1788; x_wconf 90' lang='lat' dir='ltr'><strong>procul</strong></span> <span class='ocrx_word' id='word_1_191' title='bbox 432 1732 483 1774; x_wconf 92' lang='lat' dir='ltr'><strong>ab</strong></span> <span class='ocrx_word' id='word_1_192' title='bbox 516 1731 621 1774; x_wconf 86' lang='lat' dir='ltr'><strong>urbe</strong></span> <span class='ocrx_word' id='word_1_193' title='bbox 651 1733 853 1774; x_wconf 84' lang='lat' dir='ltr'><strong>miseram</strong></span> <span class='ocrx_word' id='word_1_194' title='bbox 886 1731 1054 1774; x_wconf 88' lang='lat' dir='ltr'><strong>trahere</strong></span> <span class='ocrx_word' id='word_1_195' title='bbox 1089 1733 1224 1775; x_wconf 87' lang='lat' dir='ltr'><strong>vitam</strong></span> <span class='ocrx_word' id='word_1_196' title='bbox 1255 1730 1426 1789; x_wconf 70' lang='lat' dir='ltr'><strong>coegit?</strong></span> 
     </span>
    </p>

    <p class='ocr_par' dir='ltr' id='par_1_8' title="bbox 253 1801 1853 2269">
     <span class='ocr_line' id='line_1_23' title="bbox 314 1801 1853 1859; baseline 0.001 -14"><span class='ocrx_word' id='word_1_197' title='bbox 314 1802 370 1845; x_wconf 85' lang='lat' dir='ltr'><strong>Et</strong></span> <span class='ocrx_word' id='word_1_198' title='bbox 412 1802 525 1858; x_wconf 91' lang='lat' dir='ltr'><strong>quod</strong></span> <span class='ocrx_word' id='word_1_199' title='bbox 567 1802 619 1844; x_wconf 88' lang='lat' dir='ltr'><strong>ad</strong></span> <span class='ocrx_word' id='word_1_200' title='bbox 663 1801 844 1845; x_wconf 91' lang='lat' dir='ltr'><strong>alteram</strong></span> <span class='ocrx_word' id='word_1_201' title='bbox 885 1801 1009 1844; x_wconf 87' lang='lat' dir='ltr'><strong>illam</strong></span> <span class='ocrx_word' id='word_1_202' title='bbox 1050 1816 1222 1845; x_wconf 88' lang='lat' dir='ltr'><strong>causam</strong></span> <span class='ocrx_word' id='word_1_203' title='bbox 1265 1804 1470 1859; x_wconf 88' lang='lat' dir='ltr'><strong>pertinet:</strong></span> <span class='ocrx_word' id='word_1_204' title='bbox 1514 1803 1723 1847; x_wconf 85' lang='lat' dir='ltr'><strong>faciamus</strong></span> <span class='ocrx_word' id='word_1_205' title='bbox 1751 1803 1853 1848; x_wconf 85' lang='lat' dir='ltr'><strong>reti-</strong></span> 
     </span>
     <span class='ocr_line' id='line_1_24' title="bbox 253 1871 1851 1930; baseline 0.002 -15"><span class='ocrx_word' id='word_1_206' title='bbox 253 1874 392 1915; x_wconf 89' lang='lat' dir='ltr'><strong>cuisse</strong></span> <span class='ocrx_word' id='word_1_207' title='bbox 424 1872 630 1915; x_wconf 86' lang='lat' dir='ltr'><strong>Ovidium</strong></span> <span class='ocrx_word' id='word_1_208' title='bbox 662 1871 799 1915; x_wconf 91' lang='lat' dir='ltr'><strong>Iuliae</strong></span> <span class='ocrx_word' id='word_1_209' title='bbox 831 1871 1004 1928; x_wconf 89' lang='lat' dir='ltr'><strong>culpam</strong></span> <span class='ocrx_word' id='word_1_210' title='bbox 1036 1873 1118 1915; x_wconf 89' lang='lat' dir='ltr'><strong>sibi</strong></span> <span class='ocrx_word' id='word_1_211' title='bbox 1150 1874 1389 1930; x_wconf 83' lang='lat' dir='ltr'><strong>cognitam,</strong></span> <span class='ocrx_word' id='word_1_212' title='bbox 1415 1874 1552 1916; x_wconf 90' lang='lat' dir='ltr'><strong>immo</strong></span> <span class='ocrx_word' id='word_1_213' title='bbox 1578 1886 1732 1917; x_wconf 83' lang='lat' dir='ltr'><strong>verum</strong></span> <span class='ocrx_word' id='word_1_214' title='bbox 1757 1887 1851 1918; x_wconf 81' lang='lat' dir='ltr'><strong>esse</strong></span> 
     </span>
     <span class='ocr_line' id='line_1_25' title="bbox 253 1942 1851 2000; baseline 0.002 -14"><span class='ocrx_word' id='word_1_215' title='bbox 253 1944 481 1994; x_wconf 87' lang='lat' dir='ltr'><strong>faciamus,</strong></span> <span class='ocrx_word' id='word_1_216' title='bbox 516 1942 651 2000; x_wconf 86' lang='lat' dir='ltr'><strong>quod,</strong></span> <span class='ocrx_word' id='word_1_217' title='bbox 685 1944 885 1999; x_wconf 91' lang='lat' dir='ltr'><strong>quoniam</strong></span> <span class='ocrx_word' id='word_1_218' title='bbox 917 1945 961 1985; x_wconf 92' lang='lat' dir='ltr'><strong>in</strong></span> <span class='ocrx_word' id='word_1_219' title='bbox 992 1957 1137 1986; x_wconf 90' lang='lat' dir='ltr'><strong>rerum</strong></span> <span class='ocrx_word' id='word_1_220' title='bbox 1170 1948 1323 1986; x_wconf 84' lang='lat' dir='ltr'><strong>natura</strong></span> <span class='ocrx_word' id='word_1_221' title='bbox 1354 1958 1437 1986; x_wconf 91' lang='lat' dir='ltr'><strong>non</strong></span> <span class='ocrx_word' id='word_1_222' title='bbox 1470 1945 1550 1995; x_wconf 88' lang='lat' dir='ltr'><strong>sit,</strong></span> <span class='ocrx_word' id='word_1_223' title='bbox 1579 1957 1733 1988; x_wconf 86' lang='lat' dir='ltr'><strong>verum</strong></span> <span class='ocrx_word' id='word_1_224' title='bbox 1759 1956 1851 1989; x_wconf 76' lang='lat' dir='ltr'><strong>esse</strong></span> 
     </span>
     <span class='ocr_line' id='line_1_26' title="bbox 253 2013 1851 2071; baseline 0.002 -15"><span class='ocrx_word' id='word_1_225' title='bbox 253 2016 443 2071; x_wconf 87' lang='lat' dir='ltr'><strong>potuerit</strong></span> <span class='ocrx_word' id='word_1_226' title='bbox 483 2027 728 2070; x_wconf 88' lang='lat' dir='ltr'><strong>nunquam:</strong></span> <span class='ocrx_word' id='word_1_227' title='bbox 772 2014 1051 2057; x_wconf 88' lang='lat' dir='ltr'><strong>concedamus</strong></span> <span class='ocrx_word' id='word_1_228' title='bbox 1093 2014 1300 2057; x_wconf 82' lang='lat' dir='ltr'><strong>Ovidium</strong></span> <span class='ocrx_word' id='word_1_229' title='bbox 1338 2016 1384 2056; x_wconf 89' lang='lat' dir='ltr'><strong>in</strong></span> <span class='ocrx_word' id='word_1_230' title='bbox 1425 2013 1502 2057; x_wconf 90' lang='lat' dir='ltr'><strong>illo</strong></span> <span class='ocrx_word' id='word_1_231' title='bbox 1533 2013 1744 2059; x_wconf 81' lang='lat' dir='ltr'><strong>adulterio</strong></span> <span class='ocrx_word' id='word_1_232' title='bbox 1773 2013 1851 2059; x_wconf 80' lang='lat' dir='ltr'><strong>ali-</strong></span> 
     </span>
     <span class='ocr_line' id='line_1_27' title="bbox 253 2084 1848 2143; baseline 0.002 -16"><span class='ocrx_word' id='word_1_233' title='bbox 253 2098 358 2140; x_wconf 89' lang='lat' dir='ltr'><strong>quas</strong></span> <span class='ocrx_word' id='word_1_234' title='bbox 405 2089 545 2141; x_wconf 90' lang='lat' dir='ltr'><strong>partes</strong></span> <span class='ocrx_word' id='word_1_235' title='bbox 593 2086 755 2141; x_wconf 85' lang='lat' dir='ltr'><strong>egisse,</strong></span> <span class='ocrx_word' id='word_1_236' title='bbox 800 2099 877 2127; x_wconf 90' lang='lat' dir='ltr'><strong>cur</strong></span> <span class='ocrx_word' id='word_1_237' title='bbox 918 2086 1138 2128; x_wconf 89' lang='lat' dir='ltr'><strong>conscium</strong></span> <span class='ocrx_word' id='word_1_238' title='bbox 1180 2085 1397 2128; x_wconf 87' lang='lat' dir='ltr'><strong>dirissima</strong></span> <span class='ocrx_word' id='word_1_239' title='bbox 1438 2084 1646 2128; x_wconf 85' lang='lat' dir='ltr'><strong>afficiebat</strong></span> <span class='ocrx_word' id='word_1_240' title='bbox 1685 2099 1848 2143; x_wconf 82' lang='lat' dir='ltr'><strong>poena,</strong></span> 
     </span>
     <span class='ocr_line' id='line_1_28' title="bbox 254 2154 1847 2212; baseline 0.002 -14"><span class='ocrx_word' id='word_1_241' title='bbox 254 2168 360 2211; x_wconf 88' lang='lat' dir='ltr'><strong>quae</strong></span> <span class='ocrx_word' id='word_1_242' title='bbox 392 2168 416 2197; x_wconf 90' lang='lat' dir='ltr'><strong>a</strong></span> <span class='ocrx_word' id='word_1_243' title='bbox 447 2159 588 2198; x_wconf 90' lang='lat' dir='ltr'><strong>morte</strong></span> <span class='ocrx_word' id='word_1_244' title='bbox 618 2169 703 2198; x_wconf 88' lang='lat' dir='ltr'><strong>non</strong></span> <span class='ocrx_word' id='word_1_245' title='bbox 735 2154 929 2198; x_wconf 85' lang='lat' dir='ltr'><strong>multum</strong></span> <span class='ocrx_word' id='word_1_246' title='bbox 961 2155 1172 2207; x_wconf 89' lang='lat' dir='ltr'><strong>distabat,</strong></span> <span class='ocrx_word' id='word_1_247' title='bbox 1204 2157 1250 2198; x_wconf 89' lang='lat' dir='ltr'><strong>in</strong></span> <span class='ocrx_word' id='word_1_248' title='bbox 1281 2157 1427 2212; x_wconf 90' lang='lat' dir='ltr'><strong>ipsum</strong></span> <span class='ocrx_word' id='word_1_249' title='bbox 1453 2154 1700 2200; x_wconf 87' lang='lat' dir='ltr'><strong>adulterum</strong></span> <span class='ocrx_word' id='word_1_250' title='bbox 1726 2159 1847 2201; x_wconf 83' lang='lat' dir='ltr'><strong>tanto</strong></span> 
     </span>
     <span class='ocr_line' id='line_1_29' title="bbox 254 2225 646 2269; baseline -0.003 0"><span class='ocrx_word' id='word_1_251' title='bbox 254 2227 338 2269; x_wconf 86' lang='lat' dir='ltr'><strong>fuit</strong></span> <span class='ocrx_word' id='word_1_252' title='bbox 369 2225 646 2269; x_wconf 80' lang='lat' dir='ltr'><strong>clementior?</strong></span> 
     </span>
    </p>

    <p class='ocr_par' dir='ltr' id='par_1_9' title="bbox 250 2296 1850 3056">
     <span class='ocr_line' id='line_1_30' title="bbox 312 2296 1848 2353; baseline 0.001 -14"><span class='ocrx_word' id='word_1_253' title='bbox 312 2296 394 2340; x_wconf 84' lang='lat' dir='ltr'><strong>Sed</strong></span> <span class='ocrx_word' id='word_1_254' title='bbox 435 2297 596 2340; x_wconf 87' lang='lat' dir='ltr'><strong>accedit</strong></span> <span class='ocrx_word' id='word_1_255' title='bbox 635 2297 797 2353; x_wconf 81' lang='lat' dir='ltr'><strong>aliquid</strong></span> <span class='ocrx_word' id='word_1_256' title='bbox 839 2296 951 2353; x_wconf 92' lang='lat' dir='ltr'><strong>quod</strong></span> <span class='ocrx_word' id='word_1_257' title='bbox 985 2300 1120 2340; x_wconf 85' lang='lat' dir='ltr'><strong>totam</strong></span> <span class='ocrx_word' id='word_1_258' title='bbox 1151 2297 1276 2340; x_wconf 89' lang='lat' dir='ltr'><strong>illam</strong></span> <span class='ocrx_word' id='word_1_259' title='bbox 1308 2297 1528 2340; x_wconf 86' lang='lat' dir='ltr'><strong>Boissierii</strong></span> <span class='ocrx_word' id='word_1_260' title='bbox 1560 2298 1848 2342; x_wconf 82' lang='lat' dir='ltr'><strong>coniecturam</strong></span> 
     </span>
     <span class='ocr_line' id='line_1_31' title="bbox 253 2366 1850 2425; baseline 0.001 -15"><span class='ocrx_word' id='word_1_261' title='bbox 253 2372 531 2423; x_wconf 88' lang='lat' dir='ltr'><strong>cunctasque,</strong></span> <span class='ocrx_word' id='word_1_262' title='bbox 573 2381 680 2423; x_wconf 87' lang='lat' dir='ltr'><strong>quae</strong></span> <span class='ocrx_word' id='word_1_263' title='bbox 720 2366 787 2409; x_wconf 89' lang='lat' dir='ltr'><strong>illi</strong></span> <span class='ocrx_word' id='word_1_264' title='bbox 827 2367 972 2423; x_wconf 90' lang='lat' dir='ltr'><strong>aliquo</strong></span> <span class='ocrx_word' id='word_1_265' title='bbox 1014 2368 1141 2410; x_wconf 89' lang='lat' dir='ltr'><strong>modo</strong></span> <span class='ocrx_word' id='word_1_266' title='bbox 1173 2371 1377 2425; x_wconf 81' lang='lat' dir='ltr'><strong>cognatae</strong></span> <span class='ocrx_word' id='word_1_267' title='bbox 1409 2372 1532 2419; x_wconf 85' lang='lat' dir='ltr'><strong>sunt,</strong></span> <span class='ocrx_word' id='word_1_268' title='bbox 1564 2369 1627 2410; x_wconf 89' lang='lat' dir='ltr'><strong>ita</strong></span> <span class='ocrx_word' id='word_1_269' title='bbox 1656 2367 1850 2425; x_wconf 79' lang='lat' dir='ltr'><strong>dispellit</strong></span> 
     </span>
     <span class='ocr_line' id='line_1_32' title="bbox 251 2437 1850 2495; baseline 0.003 -15"><span class='ocrx_word' id='word_1_270' title='bbox 251 2443 301 2480; x_wconf 89' lang='lat' dir='ltr'><strong>ut</strong></span> <span class='ocrx_word' id='word_1_271' title='bbox 345 2453 396 2480; x_wconf 91' lang='lat' dir='ltr'><strong>ne</strong></span> <span class='ocrx_word' id='word_1_272' title='bbox 428 2438 650 2481; x_wconf 89' lang='lat' dir='ltr'><strong>levissima</strong></span> <span class='ocrx_word' id='word_1_273' title='bbox 682 2438 855 2494; x_wconf 89' lang='lat' dir='ltr'><strong>quidem</strong></span> <span class='ocrx_word' id='word_1_274' title='bbox 888 2441 1072 2495; x_wconf 87' lang='lat' dir='ltr'><strong>supersit</strong></span> <span class='ocrx_word' id='word_1_275' title='bbox 1102 2439 1279 2490; x_wconf 88' lang='lat' dir='ltr'><strong>umbra,</strong></span> <span class='ocrx_word' id='word_1_276' title='bbox 1315 2442 1462 2495; x_wconf 89' lang='lat' dir='ltr'><strong>estque</strong></span> <span class='ocrx_word' id='word_1_277' title='bbox 1493 2437 1605 2481; x_wconf 84' lang='lat' dir='ltr'><strong>illud</strong></span> <span class='ocrx_word' id='word_1_278' title='bbox 1634 2439 1850 2484; x_wconf 79' lang='lat' dir='ltr'><strong>eiusmodi</strong></span> 
     </span>
     <span class='ocr_line' id='line_1_33' title="bbox 253 2508 1849 2553; baseline 0.002 -3"><span class='ocrx_word' id='word_1_279' title='bbox 253 2513 302 2550; x_wconf 89' lang='lat' dir='ltr'><strong>ut</strong></span> <span class='ocrx_word' id='word_1_280' title='bbox 334 2509 386 2550; x_wconf 89' lang='lat' dir='ltr'><strong>ad</strong></span> <span class='ocrx_word' id='word_1_281' title='bbox 420 2511 647 2551; x_wconf 88' lang='lat' dir='ltr'><strong>veritatem</strong></span> <span class='ocrx_word' id='word_1_282' title='bbox 680 2509 982 2552; x_wconf 87' lang='lat' dir='ltr'><strong>inveniendam</strong></span> <span class='ocrx_word' id='word_1_283' title='bbox 1013 2510 1134 2553; x_wconf 89' lang='lat' dir='ltr'><strong>nobis</strong></span> <span class='ocrx_word' id='word_1_284' title='bbox 1166 2513 1376 2552; x_wconf 88' lang='lat' dir='ltr'><strong>monstret</strong></span> <span class='ocrx_word' id='word_1_285' title='bbox 1407 2510 1538 2552; x_wconf 86' lang='lat' dir='ltr'><strong>viam.</strong></span> <span class='ocrx_word' id='word_1_286' title='bbox 1571 2508 1849 2553; x_wconf 86' lang='lat' dir='ltr'><strong>Adulterium</strong></span> 
     </span>
     <span class='ocr_line' id='line_1_34' title="bbox 253 2578 1847 2637; baseline 0.003 -18"><span class='ocrx_word' id='word_1_287' title='bbox 253 2579 451 2634; x_wconf 87' lang='lat' dir='ltr'><strong>Augusto</strong></span> <span class='ocrx_word' id='word_1_288' title='bbox 482 2581 625 2621; x_wconf 86' lang='lat' dir='ltr'><strong>visum</strong></span> <span class='ocrx_word' id='word_1_289' title='bbox 667 2579 853 2629; x_wconf 82' lang='lat' dir='ltr'><strong>„laesam</strong></span> <span class='ocrx_word' id='word_1_290' title='bbox 886 2579 1168 2637; x_wconf 83' lang='lat' dir='ltr'><strong>religionem&#39;&#39;</strong></span> <span class='ocrx_word' id='word_1_291' title='bbox 1202 2584 1245 2622; x_wconf 93' lang='lat' dir='ltr'><strong>et</strong></span> <span class='ocrx_word' id='word_1_292' title='bbox 1277 2579 1513 2630; x_wconf 85' lang='lat' dir='ltr'><strong>„violatam</strong></span> <span class='ocrx_word' id='word_1_293' title='bbox 1546 2578 1847 2623; x_wconf 81' lang='lat' dir='ltr'><strong>maiestatem”</strong></span> 
     </span>
     <span class='ocr_line' id='line_1_35' title="bbox 253 2648 1846 2707; baseline 0.003 -18"><span class='ocrx_word' id='word_1_294' title='bbox 253 2648 425 2690; x_wconf 80' lang='lat' dir='ltr'><strong>Tacitus</strong></span> <span class='ocrx_word' id='word_1_295' title='bbox 458 2651 525 2700; x_wconf 82' lang='lat' dir='ltr'><strong>(A.</strong></span> <span class='ocrx_word' id='word_1_296' title='bbox 559 2650 634 2700; x_wconf 88' lang='grc' dir='ltr'><strong>ΙΙΙ,</strong></span> <span class='ocrx_word' id='word_1_297' title='bbox 668 2650 743 2701; x_wconf 81' lang='grc'><strong>24)</strong></span> <span class='ocrx_word' id='word_1_298' title='bbox 775 2650 980 2701; x_wconf 89' lang='lat' dir='ltr'><strong>affirmat,</strong></span> <span class='ocrx_word' id='word_1_299' title='bbox 1014 2655 1057 2693; x_wconf 89' lang='lat' dir='ltr'><strong>et</strong></span> <span class='ocrx_word' id='word_1_300' title='bbox 1081 2650 1277 2693; x_wconf 87' lang='lat' dir='ltr'><strong>lubenter</strong></span> <span class='ocrx_word' id='word_1_301' title='bbox 1303 2650 1539 2693; x_wconf 86' lang='lat' dir='ltr'><strong>credimus:</strong></span> <span class='ocrx_word' id='word_1_302' title='bbox 1566 2663 1667 2707; x_wconf 88' lang='lat' dir='ltr'><strong>prae</strong></span> <span class='ocrx_word' id='word_1_303' title='bbox 1693 2651 1846 2694; x_wconf 83' lang='lat' dir='ltr'><strong>ceteris</strong></span> 
     </span>
     <span class='ocr_line' id='line_1_36' title="bbox 253 2719 1844 2777; baseline 0.003 -17"><span class='ocrx_word' id='word_1_304' title='bbox 253 2726 446 2775; x_wconf 86' lang='lat' dir='ltr'><strong>parentes</strong></span> <span class='ocrx_word' id='word_1_305' title='bbox 492 2727 638 2762; x_wconf 85' lang='lat' dir='ltr'><strong>amant</strong></span> <span class='ocrx_word' id='word_1_306' title='bbox 676 2720 833 2763; x_wconf 88' lang='lat' dir='ltr'><strong>liberos</strong></span> <span class='ocrx_word' id='word_1_307' title='bbox 873 2720 1066 2764; x_wconf 87' lang='lat' dir='ltr'><strong>infirmos</strong></span> <span class='ocrx_word' id='word_1_308' title='bbox 1108 2720 1351 2777; x_wconf 87' lang='lat' dir='ltr'><strong>debilesque</strong></span> <span class='ocrx_word' id='word_1_309' title='bbox 1363 2734 1373 2771; x_wconf 86' lang='lat'>;</span> <span class='ocrx_word' id='word_1_310' title='bbox 1419 2734 1502 2776; x_wconf 93' lang='lat' dir='ltr'><strong>quo</strong></span> <span class='ocrx_word' id='word_1_311' title='bbox 1543 2734 1734 2776; x_wconf 87' lang='lat' dir='ltr'><strong>quaeque</strong></span> <span class='ocrx_word' id='word_1_312' title='bbox 1772 2719 1844 2764; x_wconf 83' lang='lat' dir='ltr'><strong>lex</strong></span> 
     </span>
     <span class='ocr_line' id='line_1_37' title="bbox 252 2789 1843 2848; baseline 0.003 -18"><span class='ocrx_word' id='word_1_313' title='bbox 252 2791 395 2831; x_wconf 88' lang='lat' dir='ltr'><strong>minus</strong></span> <span class='ocrx_word' id='word_1_314' title='bbox 437 2796 499 2832; x_wconf 84' lang='lat' dir='ltr'><strong>est</strong></span> <span class='ocrx_word' id='word_1_315' title='bbox 541 2791 682 2833; x_wconf 80' lang='lat' dir='ltr'><strong>efficax</strong></span> <span class='ocrx_word' id='word_1_316' title='bbox 726 2805 773 2833; x_wconf 91' lang='lat' dir='ltr'><strong>eo</strong></span> <span class='ocrx_word' id='word_1_317' title='bbox 816 2793 957 2848; x_wconf 85' lang='lat' dir='ltr'><strong>magis</strong></span> <span class='ocrx_word' id='word_1_318' title='bbox 988 2793 1032 2833; x_wconf 93' lang='lat' dir='ltr'><strong>in</strong></span> <span class='ocrx_word' id='word_1_319' title='bbox 1065 2790 1228 2834; x_wconf 87' lang='lat' dir='ltr'><strong>deliciis</strong></span> <span class='ocrx_word' id='word_1_320' title='bbox 1258 2800 1324 2833; x_wconf 86' lang='lat' dir='ltr'><strong>est</strong></span> <span class='ocrx_word' id='word_1_321' title='bbox 1355 2792 1394 2832; x_wconf 93' lang='lat' dir='ltr'><strong>ei</strong></span> <span class='ocrx_word' id='word_1_322' title='bbox 1426 2792 1501 2846; x_wconf 92' lang='lat' dir='ltr'><strong>qui</strong></span> <span class='ocrx_word' id='word_1_323' title='bbox 1532 2789 1647 2832; x_wconf 89' lang='lat' dir='ltr'><strong>tulit.</strong></span> <span class='ocrx_word' id='word_1_324' title='bbox 1683 2789 1843 2835; x_wconf 80' lang='lat' dir='ltr'><strong>Verum</strong></span> 
     </span>
     <span class='ocr_line' id='line_1_38' title="bbox 252 2858 1844 2916; baseline 0.002 -16"><span class='ocrx_word' id='word_1_325' title='bbox 252 2874 357 2900; x_wconf 89' lang='lat' dir='ltr'><strong>num</strong></span> <span class='ocrx_word' id='word_1_326' title='bbox 400 2859 566 2902; x_wconf 86' lang='lat' dir='ltr'><strong>Tiberio</strong></span> <span class='ocrx_word' id='word_1_327' title='bbox 609 2861 754 2903; x_wconf 87' lang='lat' dir='ltr'><strong>eadem</strong></span> <span class='ocrx_word' id='word_1_328' title='bbox 798 2865 888 2903; x_wconf 89' lang='lat' dir='ltr'><strong>erat</strong></span> <span class='ocrx_word' id='word_1_329' title='bbox 929 2863 1086 2903; x_wconf 86' lang='lat' dir='ltr'><strong>amoris</strong></span> <span class='ocrx_word' id='word_1_330' title='bbox 1128 2858 1283 2903; x_wconf 80' lang='lat' dir='ltr'><strong>causa?</strong></span> <span class='ocrx_word' id='word_1_331' title='bbox 1315 2860 1463 2916; x_wconf 88' lang='lat' dir='ltr'><strong>Neque</strong></span> <span class='ocrx_word' id='word_1_332' title='bbox 1496 2858 1732 2902; x_wconf 86' lang='lat' dir='ltr'><strong>verisimile</strong></span> <span class='ocrx_word' id='word_1_333' title='bbox 1763 2859 1844 2903; x_wconf 84' lang='lat' dir='ltr'><strong>hoc</strong></span> 
     </span>
     <span class='ocr_line' id='line_1_39' title="bbox 251 2927 1844 2987; baseline 0.001 -17"><span class='ocrx_word' id='word_1_334' title='bbox 251 2935 316 2971; x_wconf 90' lang='lat' dir='ltr'><strong>est</strong></span> <span class='ocrx_word' id='word_1_335' title='bbox 346 2934 389 2971; x_wconf 90' lang='lat' dir='ltr'><strong>et</strong></span> <span class='ocrx_word' id='word_1_336' title='bbox 421 2930 590 2971; x_wconf 85' lang='lat' dir='ltr'><strong>disertis</strong></span> <span class='ocrx_word' id='word_1_337' title='bbox 622 2944 645 2972; x_wconf 89' lang='lat' dir='ltr'><strong>a</strong></span> <span class='ocrx_word' id='word_1_338' title='bbox 677 2930 823 2973; x_wconf 87' lang='lat' dir='ltr'><strong>Tacito</strong></span> <span class='ocrx_word' id='word_1_339' title='bbox 855 2935 1040 2987; x_wconf 85' lang='lat' dir='ltr'><strong>negatur</strong></span> <span class='ocrx_word' id='word_1_340' title='bbox 1071 2931 1212 2973; x_wconf 83' lang='lat' dir='ltr'><strong>verbis</strong></span> <span class='ocrx_word' id='word_1_341' title='bbox 1241 2961 1250 2972; x_wconf 93' lang='lat'>.</span> <span class='ocrx_word' id='word_1_342' title='bbox 1271 2961 1280 2972; x_wconf 92' lang='lat'><em>.</em></span> <span class='ocrx_word' id='word_1_343' title='bbox 1301 2961 1311 2972; x_wconf 90' lang='lat'>.</span> <span class='ocrx_word' id='word_1_344' title='bbox 1331 2961 1341 2972; x_wconf 92' lang='lat'><em>.</em></span> <span class='ocrx_word' id='word_1_345' title='bbox 1369 2927 1471 2972; x_wconf 84' lang='lat' dir='ltr'><strong>ubi?</strong></span> <span class='ocrx_word' id='word_1_346' title='bbox 1497 2929 1546 2971; x_wconf 90' lang='lat' dir='ltr'><strong>In</strong></span> <span class='ocrx_word' id='word_1_347' title='bbox 1569 2930 1675 2984; x_wconf 89' lang='lat' dir='ltr'><strong>ipsis</strong></span> <span class='ocrx_word' id='word_1_348' title='bbox 1691 2931 1844 2985; x_wconf 87' lang='lat' dir='ltr'><strong>primis</strong></span> 
     </span>
     <span class='ocr_line' id='line_1_40' title="bbox 250 2999 1844 3056; baseline 0.001 -15"><span class='ocrx_word' id='word_1_349' title='bbox 250 2999 368 3041; x_wconf 89' lang='lat' dir='ltr'><strong>illius</strong></span> <span class='ocrx_word' id='word_1_350' title='bbox 411 3002 562 3055; x_wconf 82' lang='lat' dir='ltr'><strong>capitis</strong></span> <span class='ocrx_word' id='word_1_351' title='bbox 607 3001 771 3050; x_wconf 88' lang='lat' dir='ltr'><strong>verbis,</strong></span> <span class='ocrx_word' id='word_1_352' title='bbox 816 3001 928 3055; x_wconf 92' lang='lat' dir='ltr'><strong>quod</strong></span> <span class='ocrx_word' id='word_1_353' title='bbox 971 3001 1080 3042; x_wconf 89' lang='lat' dir='ltr'><strong>illud</strong></span> <span class='ocrx_word' id='word_1_354' title='bbox 1124 3002 1305 3056; x_wconf 83' lang='lat' dir='ltr'><strong>excipit,</strong></span> <span class='ocrx_word' id='word_1_355' title='bbox 1337 3000 1413 3041; x_wconf 93' lang='lat' dir='ltr'><strong>ubi</strong></span> <span class='ocrx_word' id='word_1_356' title='bbox 1444 2999 1494 3041; x_wconf 92' lang='lat' dir='ltr'><strong>de</strong></span> <span class='ocrx_word' id='word_1_357' title='bbox 1527 2999 1728 3056; x_wconf 85' lang='lat' dir='ltr'><strong>Augusto</strong></span> <span class='ocrx_word' id='word_1_358' title='bbox 1761 3005 1844 3043; x_wconf 87' lang='lat' dir='ltr'><strong>tra-</strong></span> 
     </span>
    </p>
   </div>
   <div class='ocr_carea' id='block_1_7' title="bbox 1938 0 2034 3332">
    <p class='ocr_par' dir='ltr' id='par_1_10' title="bbox 1938 0 2034 3332">
     <span class='ocr_line' id='line_1_41' title="bbox 1938 0 2034 3332; baseline 0 0"><span class='ocrx_word' id='word_1_359' title='bbox 1938 0 2034 3332; x_wconf 95' lang='lat' dir='ltr'><strong> </strong></span> 
     </span>
    </p>
   </div>
  </div>
 </body>
</html>
