2034 3334
1038 370 1121 410 130

285 494 514 536 consilium
562 497 610 535 ut
656 495 855 535 idoneam
897 494 1173 535 nanciscatur
1213 505 1392 536 causam
1432 497 1716 538 succensendi
1754 495 1856 540 filio.

344 573 414 612 61.
464 572 631 612 Laudat
676 571 791 612 hunc
831 571 974 611 locum
1017 571 1259 612 Scholiasta
1299 572 1522 623 lepideque
1562 573 1858 615 adolescentes

285 648 381 687 illos
424 648 475 687 de
518 647 743 697 Pamphilo
785 647 847 687 nil
878 658 1035 697 negare
1066 647 1141 687 sed
1173 649 1320 697 aperte
1351 649 1555 699 quidquid
1585 634 1760 699 gestuin
1790 650 1860 696 eet

283 724 512 764 denarrare
539 723 752 763 observat.
782 723 1006 772 Sequitur:
1039 724 1110 772 „et
1134 723 1308 772 quidem
1335 725 1518 765 tacitum
1545 726 1624 775 est,
1647 735 1735 767 non
1750 725 1856 767 cela·

282 801 391 850 tum,
435 800 510 839 sed
553 801 602 839 ut
643 809 728 839 non
758 799 925 839 factum
958 809 1054 839 esse
1086 799 1148 839 ita
1179 799 1419 840 videatur.’'
1452 800 1534 841 Hic
1564 801 1756 851 primum
1786 801 1856 843 ad·

282 886 513 916 monemur
554 875 655 925 quid
696 875 870 915 intersit
910 875 1022 915 inter
1060 875 1249 916 celare
1291 877 1335 916 et
1366 877 1558 917 tacere
1590 877 1857 924 (celamus

281 953 398 992 enim
441 963 492 992 ea
533 963 642 1002 quae
684 963 899 1003 rogamur,
944 954 1200 992 tacemus
1241 963 1351 1002 quae
1393 963 1479 993 non
1509 955 1740 1004 rogamur).
1773 953 1856 995 Sed

279 1028 437 1068 ultima
477 1028 573 1068 illa:
612 1029 706 1068 sed
740 1030 798 1068 ut
829 1039 934 1068 non
965 1028 1179 1068 factum
1211 1039 1338 1069 esse
1370 1029 1452 1070 ita
1482 1030 1750 1071 videatur
1778 1030 1856 1072 vix

280 1106 487 1156 intelligo.
532 1106 733 1155 Suspicor
773 1115 926 1146 vocem
968 1106 1050 1145 ita
1090 1116 1176 1146 non
1216 1107 1316 1156 post
1358 1117 1484 1146 esse
1525 1107 1602 1147 sed
1631 1108 1731 1157 post
1758 1107 1857 1148 sed

279 1182 535 1232 ponendam,
579 1183 628 1221 ut
669 1182 776 1221 haec
817 1181 876 1221 sit
916 1181 1156 1222 sententia:
1204 1184 1393 1231 „(tacent
1434 1182 1495 1223 illi
1528 1183 1863 1234 adolescentes),

278 1258 354 1298 sed
396 1258 458 1298 ita
496 1256 671 1308 (tacent,
717 1259 846 1307 atque
887 1258 968 1298 hoc
1009 1268 1160 1297 eorum
1201 1268 1410 1308 responsa
1449 1258 1653 1307 efficiunt)
1690 1260 1740 1300 ut
1768 1269 1855 1301 non

279 1334 445 1374 factum
477 1345 574 1374 esse
607 1334 675 1386 (id,
709 1335 820 1383 quod
852 1344 988 1374 senex
1019 1335 1125 1374 adeo
1156 1335 1328 1382 metuit)
1361 1335 1602 1376 videatur.”

340 1411 409 1451 63.
773 1410 1099 1460 comperiebam
1131 1411 1191 1450 nil
1224 1411 1277 1451 ad
1308 1411 1585 1461 Pamphilum

579 1487 820 1538 Quidquam
852 1488 1051 1527 attinere.

340 1563 779 1614 Comperiebam]
828 1563 960 1614 „Vide
1002 1565 1039 1604 si
1081 1574 1167 1604 non
1208 1565 1341 1604 verba
1380 1565 1517 1614 patris
1557 1565 1672 1615 sunt,
1715 1566 1760 1605 et
1799 1565 1852 1605 de

279 1640 406 1680 rebus
446 1640 653 1680 Venereis
695 1641 808 1680 circa
848 1639 925 1679 filii
967 1640 1234 1680 mentionem
1277 1641 1488 1690 agentis.”
1531 1641 1640 1681 Atra
1670 1641 1853 1690 caligine

278 1716 525 1756 obscuriora
550 1716 668 1756 haec.
693 1716 773 1755 Pro
791 1716 871 1755 cir
883 1726 905 1755 c
917 1727 943 1755 a
959 1716 1158 1765 equidem
1175 1726 1362 1765 propono
1380 1716 1550 1756 citra:
1573 1716 1748 1766 „Nonne
1766 1717 1851 1758 hoc

277 1792 444 1841 paterni
476 1794 544 1831 est
575 1791 722 1842 animi,
756 1792 827 1831 ubi
860 1792 911 1831 de
938 1792 1066 1831 rebus
1093 1792 1288 1832 venereis
1315 1793 1481 1842 agatur,
1510 1803 1595 1832 non
1621 1802 1672 1833 eo
1698 1793 1850 1834 adduci

276 1870 326 1908 ut
357 1869 490 1908 etiam
522 1867 599 1907 filii
630 1868 899 1908 mentionem
930 1868 1066 1908 facias
1077 1869 1126 1907 ‘?'’

337 1946 406 1984 72.
450 1945 562 1984 Hac
602 1945 764 1991 fama]
812 1946 906 1995 „An
947 1956 1048 1984 vere
1089 1945 1291 1984 laudatus
1326 1946 1397 1995 sit,
1431 1945 1603 1995 singula
1634 1945 1743 1986 haec
1771 1955 1848 1996 pro

276 2022 545 2071 argumentis
587 2023 732 2061 sunt.'’
777 2021 987 2072 Quoniam
1029 2022 1245 2070 sequitur:
1287 2023 1358 2071 „et
1390 2023 1614 2062 excusatio
1645 2023 1726 2073 est,
1759 2032 1846 2062 non

277 2108 372 2138 esse
398 2098 586 2137 stultitia
611 2098 773 2137 falsum
790 2098 865 2137 sed
883 2098 1164 2148 impulsum,”
1182 2099 1399 2138 sententia
1415 2099 1522 2138 haec
1539 2108 1636 2138 esse
1649 2097 1845 2139 videtur:

280 2175 534 2223 „honestam
561 2174 682 2213 illam
709 2174 760 2213 de
787 2174 1012 2223 Pamphilo
1038 2174 1204 2213 famam
1230 2184 1314 2214 non
1335 2174 1461 2223 plane
1479 2174 1531 2214 de
1547 2173 1682 2214 nihilo
1698 2172 1847 2214 fletam

274 2250 421 2299 fuisse,
470 2251 743 2299 aliquatenus
789 2261 844 2290 ex
890 2251 956 2301 iis,
1005 2261 1114 2299 quae
1160 2260 1291 2300 supra
1337 2260 1362 2289 a
1407 2252 1529 2299 patre
1575 2249 1690 2290 dicta
1729 2251 1844 2301 sunt,

275 2326 383 2365 effici
415 2328 600 2375 potest.”

337 2404 403 2441 79.
448 2403 657 2449 Beasti]
702 2403 920 2442 Laudatur
951 2402 1021 2441 hic
1052 2404 1179 2452 poeta
1210 2402 1283 2451 qui
1315 2402 1505 2441 hominis
1535 2401 1698 2441 mortui
1726 2411 1843 2442 men·

274 2479 390 2517 tione
422 2479 537 2518 facta
568 2480 721 2518 statim
754 2480 918 2518 laetum
950 2478 1223 2518 subiunxerit
1253 2477 1512 2517 vocabulum
1548 2488 1628 2527 „ne
1654 2487 1774 2517 mors
1798 2477 1844 2517 in

274 2555 506 2603 comoedia,
540 2555 682 2594 luctus
715 2556 758 2593 in
790 2555 1011 2604 tragoedia
1041 2554 1333 2603 personaret.”
1366 2553 1480 2592 Ante
1511 2553 1702 2593 luctus
1732 2553 1842 2593 inse-

274 2631 453 2668 rendum
474 2633 552 2669 ut:
578 2631 621 2669 in
638 2631 859 2680 tragoedia
874 2631 1017 2670 luctus
1035 2632 1102 2669 est
1118 2631 1361 2679 perpetuus,
1382 2628 1424 2668 in
1443 2629 1663 2669 comoedia
1677 2629 1841 2680 specta-

273 2707 415 2744 torum
434 2707 567 2745 animi
586 2717 716 2755 quarn
733 2707 924 2756 primum
941 2717 967 2746 a
982 2707 1043 2746 rei
1055 2707 1195 2746 tristis
1207 2706 1466 2755 cogitatione
1477 2707 1580 2745 sunt
1591 2705 1840 2746 abducendi.

333 2782 400 2820 92.
450 2782 512 2820 Et
554 2783 737 2832 vultu,
783 2783 965 2832 Sosia,
1010 2783 1143 2822 adeo
1185 2782 1455 2828 modesto]
1502 2781 1636 2831 „Quia
1675 2781 1842 2822 formae

272 2856 460 2895 laudatio
488 2868 587 2896 cum
614 2859 841 2898 meretrice
869 2859 1105 2898 commissa
1131 2859 1210 2908 est,
1239 2858 1509 2907 progreditur
1535 2858 1693 2897 artifex
1712 2859 1841 2907 poeta

271 2933 321 2971 ad
356 2934 566 2972 laudanda
599 2946 649 2973 ea
680 2946 789 2983 quae
817 2936 1065 2975 honestiora
1091 2936 1194 2974 sunt
1219 2945 1350 2983 quam
1376 2935 1558 2973 forma.”
1577 2934 1839 2983 Quantocius
