2034 3334
945 377 1000 416 65

744 631 887 670 Aemus
918 631 955 670 V
987 632 1131 671 SOENA
1166 633 1201 671 1.

251 806 381 846 Thais
416 806 557 855 prodit
588 817 687 850 cum
718 807 929 856 Pythiade
961 807 1263 856 expostulans:
1297 807 1404 846 haec
1435 808 1550 846 enim
1583 808 1623 847 ei
1654 808 1753 856 quid

191 883 369 922 absente
411 894 461 923 ea
501 884 617 923 domi
648 884 812 923 factum
844 884 903 923 sit
932 884 1136 933 narravit,
1170 884 1240 922 vel
1271 884 1413 932 potius
1444 895 1519 933 per
1550 884 1754 934 ambages

191 959 408 1009 indicavit,
438 960 801 1008 quemadmodum
826 970 909 1024 ‘⁷32
921 960 1005 999 723
1033 970 1059 998 a
1083 959 1265 998 Doriade
1290 959 1457 998 monita
1483 961 1587 998 erat.
1615 960 1755 999 Verba

192 1035 284 1074 eius
316 1035 603 1075 subsanniens
634 1035 765 1074 Thais
791 1035 947 1084 repetit
979 1037 1055 1081 (VS.
1090 1035 1175 1074 818
1207 1038 1342 1084 sqq.):

487 1120 595 1170 Scio,
628 1120 785 1170 nescio,
819 1119 936 1170 abiit,
970 1119 1126 1169 audivi,
1161 1130 1238 1168 ego
1270 1130 1355 1158 non
1387 1120 1515 1159 adfui.

486 1194 616 1244 Virgo
649 1195 867 1234 conscissa
896 1196 1019 1234 veste
1049 1195 1296 1234 lacrumans
1327 1195 1509 1243 obticet;

487 1270 718 1309 Eunuchus
750 1270 867 1309 abiit.

191 1353 242 1393 In
287 1355 441 1403 quibus
482 1365 617 1393 unum
658 1356 807 1394 tamen
848 1355 941 1393 erat
981 1354 1092 1402 quod
1135 1355 1374 1394 cuiusmodi
1415 1365 1484 1393 res
1529 1356 1755 1395 accidisset

192 1430 300 1469 satis
326 1430 522 1469 redderet
546 1430 833 1479 perspicuum.
862 1430 1120 1469 Rectissime
1147 1430 1263 1469 enim
1291 1430 1344 1469 ad
1365 1441 1517 1469 vocem
1539 1431 1756 1470 obticet

193 1505 433 1546 Scholiasta
463 1507 664 1546 annotat:
697 1506 993 1556 „Tacemus
1020 1506 1209 1556 consilia,
1238 1506 1547 1545 reticemus
1575 1507 1752 1557 dolores,

192 1581 510 1622 obticemus
543 1593 724 1631 quorum
756 1592 835 1622 nos
866 1582 1039 1631 pudet.”

255 1658 375 1707 „Non
419 1658 561 1698 fuerat
601 1658 832 1698 Eunuchus
873 1658 944 1697 ille
989 1668 1127 1707 verus,
1171 1659 1246 1697 sed
1289 1656 1479 1697 Chaerea
1520 1658 1755 1699 Phaedriae

190 1733 322 1773 frater
362 1733 478 1773 illius
517 1736 640 1774 veste
681 1735 856 1783 sumpta
896 1734 978 1772 sibi
1024 1734 1076 1772 ad
1119 1734 1331 1782 virginem
1360 1735 1525 1773 aditum
1558 1735 1754 1783 paravit”

190 1809 301 1848 hanc
331 1810 644 1850 confessionem
676 1810 753 1849 vix
783 1810 983 1858 Pythiadi
1015 1810 1266 1858 extorquet3
1301 1811 1344 1848 et
1370 1810 1528 1849 iterum
1556 1811 1660 1849 hera
1686 1810 1754 1848 his

191 1885 334 1924 verbis
365 1896 463 1924 eam
495 1886 748 1935 corripiente
781 1888 858 1932 (vs.
896 1886 980 1924 829
1013 1888 1114 1933 sq.):

967 1968 1073 2018 Quid
1106 1969 1182 2019 ais,
1219 1968 1460 2018 sacrilega?

436 2045 624 2084 Istucine
656 2044 935 2084 interminata
966 2054 1065 2083 sum
1096 2044 1197 2083 hinc
1228 2044 1376 2083 abiens
1407 2044 1518 2083 tibi?

194 2128 422 2178 respondet
452 2129 659 2177 Pythias:

429 2212 536 2263 Quid
566 2213 786 2252 facerem?
817 2213 879 2251 ita
912 2214 958 2251 ut
988 2213 1103 2262 iusti,
1138 2212 1219 2251 soli
1253 2212 1468 2250 creditast.

194 2298 335 2346 Atque
366 2297 498 2336 Thais

548 2381 739 2420 Scelesta
770 2391 896 2419 ovem
926 2380 1025 2429 lupo
1064 2379 1296 2419 commisti.

251 2464 377 2503 Haud
433 2464 556 2503 dubie
612 2465 753 2512 ipsam
809 2464 997 2502 Terentii
1052 2473 1232 2502 manum
1270 2463 1479 2502 *restituit
1535 2463 1755 2512 Bentlejus

193 2513 451 2579 commisi
489 2539 667 2588 legendo
710 2549 784 2588 pro
828 2538 1127 2578 commisti.
1173 2538 1545 2587 Quemadmodum
1586 2539 1702 2578 enim
1734 2549 1757 2577 e

194 2615 472 2663 sequentibus
513 2615 701 2664 apparet⁷
744 2613 876 2653 finem
907 2614 977 2653 hic
1008 2614 1096 2652 iam
1127 2613 1258 2653 Thais
1289 2613 1393 2652 facit
1423 2613 1468 2652 in
1499 2613 1756 2661 Pythiadem

194 2689 423 2730 invehendi
464 2691 507 2729 et
538 2700 768 2738 agnoscere
801 2689 950 2738 incipit
981 2699 1027 2728 se
1061 2689 1243 2728 stultam
1274 2689 1420 2738 fuisse,
1455 2699 1563 2737 quae
1594 2689 1757 2738 imponi

194 2765 275 2804 sibi
305 2775 434 2814 passa
464 2765 534 2804 sit.
567 2765 620 2803 Et
651 2766 718 2803 est
744 2764 848 2803 illud
874 2764 1127 2803 scelesta
1153 2765 1294 2803 semet
1321 2774 1420 2803 cum
1446 2763 1755 2804 lamentatione

196 2839 446 2879 incusantis.
481 2839 541 2879 Cf.
576 2839 731 2878 Heaut.
765 2839 872 2878 970:

341 2924 544 2973 Disperii:
579 2924 788 2963 scelestus
820 2925 1003 2971 quantas
1034 2924 1183 2963 turbas
1215 2924 1379 2963 concivi
1411 2924 1620 2964 insciens!
