2034 3334
937 441 991 481 37

183 568 277 618 lejo.
315 568 368 607 Et
398 569 545 608 laudat
576 568 695 607 illam
728 568 1018 607 coniecturam
1051 567 1331 607 Ruhnkenius
1363 566 1634 613 defenditque
1666 564 1746 603 hoc
1775 585 1777 587 ν

183 655 205 683 e
242 644 443 684 Cicerone
475 644 533 690 (in
565 644 767 683 Pisonem
802 644 869 690 17)
900 643 993 683 loco
1024 643 1262 682 afferendo:
1301 642 1397 691 „ille
1429 651 1584 690 gurges
1616 641 1745 688 atque

182 721 337 770 helluo,
370 722 499 759 natus
530 720 747 759 abdomini
779 730 869 769 suo,
903 730 989 758 non
1019 719 1134 758 laudi
1165 729 1216 758 ac
1246 718 1448 767 gloriae.”
1483 717 1612 766 Quasi
1643 726 1744 755 vero

182 795 270 835 ulla
295 796 363 835 hic
390 796 448 835 sit
474 796 714 835 mutatione
741 805 860 844 opus.
889 795 1029 844 Rogat
1050 795 1167 833 enim
1184 795 1418 833 Parmeno:
1441 791 1744 842 „hominemne

182 882 237 910 ex
269 871 442 910 homine
474 881 529 910 an
560 871 732 910 beluam
765 882 819 910 ex
850 871 975 910 belua
1006 869 1158 909 natum
1191 870 1307 908 dicas
1319 870 1367 908 ‘?''

242 947 442 995 Sequitur
473 950 551 992 (VS.
585 948 709 993 460):
746 947 843 996 „ubi
874 947 954 996 vis,
984 957 1069 986 non
1094 946 1280 985 moror.’'
1309 946 1472 984 Thraso
1499 945 1605 984 haec
1631 955 1744 984 nunc

182 1024 368 1071 loquitur
423 1023 466 1061 in
523 1023 792 1062 editionibus.
843 1022 1009 1071 Quanto
1055 1023 1307 1070 prudentius
1354 1022 1505 1060 Thaidi
1552 1021 1626 1060 illa
1671 1021 1744 1060 dat

64 1072 158 1162 NJ
181 1098 370 1138 Daceria.
412 1098 582 1137 Etenim
618 1099 668 1137 ut
698 1098 904 1137 Thaidem
937 1098 989 1137 ad
1022 1108 1200 1137 coenam
1231 1108 1380 1137 secum
1412 1098 1586 1136 duceret
1616 1097 1742 1135 miles

95 1157 143 1218 bss
181 1175 321 1214 venit:
350 1175 423 1230 illa
454 1184 567 1213 nunc
597 1185 644 1213 se
675 1175 871 1223 paratam
904 1184 999 1212 esse
1031 1174 1231 1212 declarat.

102 1208 163 1275 w

240 1250 322 1289 Hic
362 1260 418 1289 ex
458 1249 613 1298 angulo
651 1260 728 1288 suo
760 1249 901 1298 prodit
931 1249 1142 1288 Parmeno
1175 1249 1466 1296 Thaidemque
1498 1248 1739 1296 alloquitur.

181 1325 257 1365 Cui
299 1325 373 1365 illa
414 1328 491 1371 (vs.
535 1326 658 1371 462):
706 1325 868 1374 „Ehem
909 1325 1132 1374 Parmeno,
1175 1325 1282 1364 bene
1323 1324 1506 1363 fecisti.'’
1550 1324 1742 1362 Annotat

180 1401 442 1440 Scholiasta:
475 1400 607 1450 „Quid
633 1401 739 1439 bene
766 1400 868 1439 fecit
893 1400 1117 1450 Parmeno,
1147 1410 1201 1439 an
1223 1400 1345 1448 quasi
1366 1399 1615 1448 perturbata
1636 1399 1742 1437 haec

179 1477 377 1526 loquitur,
407 1477 540 1515 etiam
567 1477 618 1515 de
644 1476 777 1515 nihilo
803 1476 1037 1526 blandiens,
1067 1477 1215 1525 utpote
1241 1476 1450 1515 meretrix
1477 1477 1519 1514 et
1540 1475 1680 1514 faceta
1691 1475 1739 1513 ‘?’'

178 1552 303 1591 Haud
334 1552 470 1591 male:
504 1553 643 1591 nescit
674 1552 790 1591 enim
817 1552 947 1591 Thais
975 1552 1075 1600 quid
1101 1552 1226 1600 dicat,
1257 1562 1356 1600 ergo
1383 1551 1543 1600 profert
1569 1550 1739 1598 aliquod

178 1628 341 1667 dictum
383 1629 595 1667 urbanum
628 1629 737 1676 quod
769 1627 934 1666 nullam
965 1628 1056 1666 vim
1089 1628 1257 1677 habeat,
1292 1629 1336 1666 et
1367 1627 1577 1666 eiusmodi
1609 1627 1737 1665 dicto-

177 1714 274 1743 rum
304 1704 478 1753 plenum
510 1704 639 1743 habet
669 1704 743 1742 illa
774 1704 1023 1742 armarium.
1057 1703 1117 1743 Cf.
1151 1714 1189 1752 p.
1227 1704 1279 1742 10
1312 1704 1364 1742 ad
1395 1713 1459 1741 vs.
1494 1703 1563 1742 95.
1602 1698 1627 1748 ¹)

237 1780 364 1819 Abire
387 1790 485 1819 cum
502 1780 662 1819 Thaide
679 1780 939 1828 gestientem
956 1780 1167 1818 Parmeno
1186 1779 1416 1827 alloquitur
1433 1781 1510 1824 (vs.
1531 1779 1615 1818 466
1634 1780 1712 1826 sq.)
1728 1789 1736 1816 ε

384 1856 548 1905 Quaeso
580 1857 722 1895 hercle
753 1858 802 1895 ut
832 1857 972 1906 liceat,
1006 1866 1110 1905 pace
1142 1857 1252 1904 quod
1284 1855 1360 1894 fiat
1390 1857 1478 1904 tua,

384 1931 493 1970 Dare
524 1932 624 1970 huic
655 1942 762 1979 quae
793 1932 1007 1981 volumus,
1043 1932 1269 1971 convenire
1301 1933 1345 1970 et
1371 1931 1578 1978 conloqui.

179 2005 383 2055 Displicet
423 2006 524 2045 hoc:
568 2008 656 2045 tres
698 2006 900 2046 infinitivi
942 2008 985 2046 et
1026 2009 1080 2046 et
1115 2008 1268 2046 ultimo
1301 2007 1507 2046 additum.
1542 2006 1624 2045 Sed
1656 2016 1738 2054 quo

180 2081 305 2119 modo
347 2081 502 2119 vitium
544 2082 695 2121 tollam
735 2083 892 2121 nescio.
935 2083 1028 2121 Non
1070 2084 1212 2132 inepte
1254 2083 1495 2122 Scholiasta
1537 2084 1737 2121 annotat:

184 2156 271 2205 „sic
311 2157 673 2205 pronuntiandum
715 2159 782 2196 est
821 2159 871 2196 ut
912 2159 1035 2205 quasi
1077 2159 1212 2197 dicat:
1246 2159 1373 2198 liceat
1404 2169 1477 2207 per
1509 2159 1563 2207 te,
1598 2157 1736 2207 miles,

179 2232 289 2279 quod
331 2232 463 2271 etiam
505 2233 616 2270 inter
657 2232 805 2271 hostes
847 2234 891 2271 et
931 2233 975 2271 in
1017 2233 1126 2273 bello
1167 2234 1309 2273 licet.'’
1353 2234 1476 2273 Certe
1513 2233 1665 2272 acerba
1697 2233 1739 2271 in

181 2307 460 2346 Parmenonis
492 2307 634 2346 verbis
667 2308 779 2346 inest
811 2308 978 2347 derisio.

239 2381 349 2421 Tum
381 2383 508 2422 miles
541 2385 618 2428 (vs.
653 2384 776 2428 468):

457 2459 716 2507 Perpulchra
747 2459 870 2498 credo
902 2459 1012 2498 dona
1043 2461 1118 2498 aut
1149 2461 1284 2499 nostri
1315 2460 1476 2498 similia

239 2533 293 2572 Et
333 2533 567 2572 Parmeno:
614 2534 725 2583 „Res
767 2534 1013 2573 indicabit.’'
1055 2534 1164 2573 Tum
1206 2535 1358 2574 statim
1400 2535 1452 2573 ad
1489 2545 1561 2574 eos
1592 2535 1665 2582 qui
1697 2535 1740 2573 in

181 2608 342 2647 domini
373 2609 476 2647 sunt
506 2608 703 2648 aedibus:

862 2674 992 2733 Heus,
1027 2684 1169 2724 iubete
1200 2685 1308 2724 istos
1339 2685 1453 2724 foras

539 2759 678 2808 Exire,
712 2769 818 2807 quos
850 2760 968 2809 iussi,
1003 2760 1133 2799 ocius.

219 2951 245 2983 ι)
265 2949 317 2978 Ad
345 2950 488 2979 similem
516 2951 624 2979 locum
656 2951 798 2984 (Phorm.
820 2952 900 2986 1005)
921 2951 1108 2981 Scholiasta
1127 2954 1279 2981 annotat:
1302 2953 1529 2989 „Feminarum
1549 2953 1655 2982 oratio
1675 2954 1740 2983 etsi

180 3006 249 3030 non
266 3000 434 3030 blanditur
452 3001 572 3031 blanda
592 3002 671 3032 est.”
