2034 3334
922 339 1004 378 109

261 467 386 518 Perii,
405 467 505 516 quid
522 477 648 516 agam
661 467 682 506 ἱ)
698 477 782 516 quo
798 477 870 506 me
885 466 1089 505 vortam?
1106 465 1206 513 quid
1222 465 1315 504 viro
1332 475 1430 504 meo
1446 464 1710 513 respondebo
1721 464 1742 503 ἱ)

262 544 449 583 Misera?
480 553 584 582 narn
616 542 834 582 audivisse
865 552 1018 582 vocem
1048 541 1170 590 pueri
1201 541 1344 580 visust
1373 541 1611 590 vagientis:

262 619 330 658 Ita
361 619 564 668 corripuit
594 619 823 667 derepente
854 618 1013 658 tacitus
1045 627 1141 656 sese
1174 617 1226 656 ad
1257 616 1415 656 filiam:

263 694 381 744 Quod
397 694 436 733 si
451 694 646 734 rescierit
661 694 878 743 peperisse
895 704 1005 744 eam,
1024 693 1067 732 id
1084 703 1167 742 qua
1185 703 1315 732 causa
1332 693 1444 732 clam
1455 704 1527 732 me
1540 693 1742 732 habuisse

261 769 413 810 Dicam
445 780 530 810 non
558 770 706 819 edepol
737 771 838 809 scio.

231 845 407 895 Legitur
449 846 502 885 ad
542 847 657 885 hunc
687 846 831 885 locum
863 846 1096 895 annotatio,
1131 856 1154 884 e
1186 856 1270 894 qua
1301 845 1371 885 vel
1403 846 1496 884 sola
1528 855 1742 884 commen-

174 923 328 962 tatoris
360 923 517 961 natura
548 923 676 970 atque
709 922 938 961 consilium
970 922 1169 971 cognosci
1200 922 1389 971 possint:

237 998 428 1048 „Perii,
472 998 603 1046 quid
636 1008 817 1047 agam:
852 998 959 1037 haec
989 997 1182 1046 proloqui
1215 998 1382 1046 oportet
1413 998 1661 1046 Myrrinam,
1696 998 1745 1036 ut

175 1084 230 1113 ex
261 1074 354 1114 eius
384 1084 568 1123 persona
598 1073 901 1112 reminiscatur
928 1074 1145 1122 spectator
1170 1074 1318 1122 gestae
1345 1074 1418 1123 rei,
1448 1073 1663 1121 simulque
1691 1083 1746 1112 ex

174 1149 303 1189 huius
344 1159 551 1198 personae
593 1149 748 1199 verbis,
793 1149 892 1197 quid
934 1150 1035 1198 agat
1071 1149 1206 1188 altera
1237 1159 1431 1198 persona,
1465 1150 1743 1189 monstretur.

174 1226 287 1264 Nam
312 1226 574 1274 perscrutari
599 1225 856 1274 Phidippum
883 1225 1086 1264 universa
1113 1225 1333 1264 conclavia
1359 1227 1402 1264 et
1428 1226 1489 1264 ire
1515 1235 1590 1274 per
1606 1226 1745 1264 totam

177 1301 357 1340 domum
384 1301 554 1350 cognito
580 1301 707 1349 partu
732 1299 846 1339 filiae
873 1311 976 1339 suae
994 1301 1172 1349 apparet
1188 1311 1243 1339 ex
1259 1301 1558 1349 praesentibus
1575 1300 1744 1339 dictis.”

234 1377 408 1416 Phorm.
457 1377 556 1416 869.
606 1376 714 1415 Geta
760 1386 912 1415 servus
958 1377 1179 1425 ingentem
1225 1377 1478 1415 felicitatem
1525 1376 1612 1415 filio
1654 1377 1746 1415 erili

176 1453 414 1506 Antiphoni
445 1452 643 1491 evenisse
676 1452 897 1500 cognovit3
930 1452 1074 1500 puella
1105 1452 1220 1493 enim
1251 1452 1326 1491 illa
1351 1453 1586 1503 peregrina,
1616 1463 1746 1501 quam

176 1529 246 1568 hic
298 1529 571 1568 Phormionis
618 1529 791 1568 astutiis
838 1539 943 1567 usus
990 1529 1167 1567 absente
1213 1530 1334 1578 patre
1380 1539 1562 1568 uxorem
1609 1529 1744 1579 duxit,

177 1605 354 1644 inventa
395 1606 462 1643 est
503 1615 589 1644 non
631 1605 738 1643 civis
779 1604 921 1643 solum
963 1614 1059 1643 esse
1100 1604 1176 1643 sed
1206 1605 1349 1653 patrui
1381 1604 1622 1643 Chremetis
1654 1605 1748 1653 ipsa

176 1680 251 1719 illa
280 1679 380 1730 filia,
415 1690 545 1728 quam
578 1679 682 1718 olim
714 1680 757 1718 et
786 1681 910 1728 pater
942 1681 985 1718 et
1015 1680 1195 1728 patruus
1228 1680 1267 1718 ei
1298 1690 1480 1718 uxorem
1507 1680 1744 1718 destinave-

176 1756 286 1795 rant.
330 1756 535 1804 Properat
567 1765 666 1804 ergo
698 1755 810 1794 hanc
840 1766 933 1794 rem
966 1755 1138 1794 domino
1170 1755 1369 1794 nuntIare
1402 1755 1522 1805 Geta,
1557 1757 1746 1804 adeoque

177 1831 370 1870 exsultat
400 1831 554 1880 gaudio
585 1832 634 1869 ut
665 1831 839 1870 obviam
871 1841 971 1869 eum
1007 1831 1256 1869 venientem
1283 1841 1368 1870 non
1395 1832 1641 1881 conspiciat,
1672 1831 1747 1870 sed

177 1908 430 1956 praetereat,
464 1907 624 1954 vixque
657 1906 844 1945 clamore
877 1906 968 1945 eius
1006 1907 1222 1954 minisque
1259 1907 1434 1946 retineri
1471 1918 1517 1946 se
1543 1907 1744 1956 patiatur.

178 1981 289 2021 Tum
317 1983 360 2021 et
386 1992 479 2020 rem
505 1982 646 2031 ipsam
673 1983 716 2020 et
743 1983 955 2029 quomodo
983 1992 1082 2020 eam
1109 1983 1357 2031 cognoverit
1378 1984 1529 2022 multis
1547 1984 1747 2022 denarrat

179 2059 446 2107 ambagibus.
479 2058 662 2107 „Missus
690 2058 837 2096 eram''
862 2058 923 2096 ait
943 2068 995 2106 „a
1009 2059 1131 2107 patre
1148 2060 1222 2097 tuo
1240 2059 1293 2097 ad
1309 2069 1490 2097 uxorem
1508 2060 1653 2107 tuam;
1672 2059 1747 2097 sed

272 2135 357 2174 Ubi
389 2135 434 2173 in
466 2144 733 2183 gynaeceum
764 2134 825 2172 ire
857 2134 1030 2183 occipio,
1064 2145 1168 2182 puer
1200 2135 1252 2173 ad
1283 2145 1354 2173 me
1388 2136 1572 2174 accurrit
1603 2136 1726 2185 Mida,

267 2211 382 2249 Pone
416 2210 640 2259 apprendit
670 2209 812 2259 pallio,
846 2210 1088 2258 resupinat3
1123 2211 1315 2260 respicio,
1349 2221 1450 2259 rogo

270 2286 408 2335 Quam
439 2286 491 2324 ob
524 2296 617 2324 rem
649 2285 834 2324 retineat
859 2295 953 2324 me:
982 2285 1043 2324 ait
1070 2296 1165 2325 esse
1192 2286 1377 2324 vetitum
1405 2287 1517 2325 intro
1544 2287 1597 2325 ad
1628 2297 1747 2325 eram

1459 2362 1686 2408 [accedere.

275 2437 523 2486 „Sophrona
574 2437 702 2475 modo
749 2437 927 2475 fratrem
975 2437 1085 2475 huc’'
1134 2437 1272 2485 inquit
1321 2438 1464 2486 „senis
1510 2439 1749 2477 introduxit

1399 2512 1687 2559 [Chremem.'’

272 2588 465 2636 Eumque
492 2598 605 2626 nunc
628 2598 724 2626 esse
742 2587 858 2626 intus
876 2597 974 2626 cum
993 2587 1100 2625 illis:
1119 2588 1199 2626 hoc
1214 2588 1286 2626 ubi
1304 2598 1381 2636 ego
1398 2589 1554 2639 audivi,
1575 2590 1627 2628 ad
1643 2589 1747 2628 foris

273 2664 488 2718 Suspenso
520 2663 653 2716 gradu
684 2663 847 2711 placide
879 2663 940 2701 ire
971 2663 1152 2712 perrexi,
1187 2664 1361 2713 accessi,
1395 2664 1528 2714 astiti,

271 2740 478 2778 Animam
535 2739 782 2788 compressi,
842 2749 990 2777 aurem
1037 2739 1231 2778 admovi:
1281 2740 1342 2778 ita
1387 2741 1583 2779 animum
1630 2741 1748 2789 coepi

1453 2816 1689 2862 [attendere

273 2890 365 2929 Hoc
395 2891 522 2929 modo
555 2899 802 2928 sermonem
835 2891 1055 2938 captans.'’
