2034 3334
1029 324 1046 357 f
1060 287 1116 356 ⁷1⁶.

331 415 446 457 enim
496 412 558 456 ibi
607 412 660 456 de
702 413 890 469 corporis
932 413 1145 456 mentisve
1186 412 1298 455 bona
1329 412 1576 456 valetudine
1607 424 1748 456 sermo
1778 413 1843 455 est

103 495 140 521 ‘·
198 511 202 515 ·
272 495 286 522 -·'
331 491 406 534 sed
456 491 508 534 de
555 491 670 533 vitae
718 494 844 534 statu.
886 489 1041 547 Neque
1088 493 1232 533 tamen
1275 502 1383 546 opus
1426 493 1490 533 est
1532 493 1694 532 ceteros
1726 488 1842 532 locos

331 580 494 623 omnes,
528 567 686 624 quibus
721 568 802 609 viri
830 567 943 610 docti
971 568 1227 610 sententiam
1248 580 1371 610 suam
1387 566 1682 621 defenderunt,
1697 578 1843 609 recen-
1868 592 1879 628 ,v

331 657 447 687 sere:
480 645 563 701 ipsi
589 644 715 687 nobis
743 645 837 687 viae
867 647 1164 687 monstrarunt
1191 643 1501 700 compendium.
1529 643 1710 686 Nullum
1727 643 1839 686 enim
1863 661 1878 682 c
1909 658 1927 676 ιι

331 722 453 764 aiunt
485 722 645 764 certius
677 735 772 765 esse
803 722 1073 778 cognationis
1106 721 1314 764 indicium
1345 734 1476 777 quam
1503 721 1620 778 quod
1634 719 1843 764 Horatius

333 812 395 842 vs.
430 798 516 840 114
555 798 734 842 dixerit:
791 831 794 835 .

515 908 575 952 Ut
606 922 706 952 cum
737 908 980 952 carceribus
1012 909 1167 952 missos
1199 910 1312 965 rapit
1343 909 1509 965 ungula
1541 921 1694 952 currus

510 986 652 1029 Instat
685 987 810 1043 equis
847 987 1008 1043 auriga.

337 1105 549 1162 Virgilius
582 1067 810 1161 autemeG,
846 1105 930 1174 512
963 1108 1005 1148 et
1039 1106 1140 1159 514)

517 1214 576 1258 Ut
608 1228 710 1258 cum
743 1214 986 1258 carceribus
1020 1227 1114 1258 sese
1148 1214 1336 1258 effudere
1369 1214 1602 1271 quadrigae

514 1291 669 1335 Fertur
702 1293 826 1348 equis
860 1292 1020 1347 auriga.

397 1409 555 1454 Hercle
602 1410 682 1452 hoc
730 1410 766 1453 si
807 1411 1112 1466 gravissimum
1162 1413 1227 1453 est
1281 1412 1596 1466 argumentum,
1647 1410 1847 1466 quantilli

339 1488 427 1530 sint
468 1487 595 1543 pretii
627 1490 766 1530 cetera
801 1487 944 1528 omnia
975 1486 1098 1529 facile
1133 1490 1196 1529 est
1228 1486 1459 1529 intellectu.
1491 1485 1622 1529 Nulla
1653 1487 1767 1529 enim
1800 1487 1847 1530 in

338 1565 474 1607 literis
520 1563 692 1606 Graecis
734 1562 986 1619 Latinisque
1029 1564 1225 1606 usitatior
1257 1564 1396 1620 imago
1433 1567 1496 1607 est
1529 1577 1658 1620 quam
1689 1563 1763 1607 illa
1795 1564 1848 1608 de

340 1641 465 1696 equis
497 1641 542 1682 in
586 1653 758 1682 arenam
790 1641 1008 1694 immissis,
1041 1652 1182 1695 neque
1214 1640 1303 1682 ulla
1334 1641 1475 1696 imago
1507 1641 1602 1682 aliis
1628 1640 1848 1697 particulis

342 1730 470 1773 quam
514 1717 599 1759 illis
633 1720 690 1759 ut
722 1730 841 1759 cum
887 1718 1057 1759 annecti
1089 1720 1228 1772 potest
1259 1716 1624 1772 praecedentibus.
1655 1717 1739 1760 Sed
1769 1717 1850 1760 hoc

341 1795 575 1836 mittamus.
621 1792 703 1835 Cui
733 1794 796 1836 rei
830 1792 1088 1835 documento
1122 1805 1216 1835 esse
1248 1796 1450 1835 censeant
1482 1794 1700 1849 ingentem
1731 1793 1848 1836 illam

340 1870 530 1913 locorum
581 1869 848 1923 παραλλήλων
894 1871 1072 1926 copiam,
1115 1884 1300 1926 quorum
1342 1871 1434 1913 dux
1475 1875 1516 1913 et
1557 1872 1754 1928 princeps
1786 1876 1851 1915 est

342 1960 469 2002 quem
520 1947 757 2000 attulimus,
805 1947 1040 1990 videamus.
1092 1946 1443 1990 Coniiciunt....
1487 1947 1714 1991 Horatium
1763 1948 1848 1992 leni

341 2024 432 2066 risu
477 2023 683 2080 Georgica
724 2023 897 2080 Virgilii
938 2025 1243 2080 perstrinxisse
1274 2025 1439 2081 aliquot
1471 2038 1619 2068 eorum
1652 2025 1849 2070 versibus

342 2102 400 2144 ita
434 2101 739 2156 detorquendis
772 2105 820 2143 ut
853 2104 995 2143 tamen
1028 2113 1128 2144 vera
1155 2102 1248 2144 eius
1278 2101 1408 2144 verba
1434 2102 1584 2144 lectori
1599 2103 1644 2144 in
1662 2106 1847 2146 mentem

343 2179 490 2220 venire
547 2181 730 2234 possent.
783 2177 850 2219 En
899 2177 1029 2220 debili
1075 2177 1353 2221 fundamento
1401 2179 1606 2222 audacem
1652 2180 1847 2222 innixam

345 2255 656 2298 coniecturam!
692 2253 799 2305 Quis
832 2255 1045 2298 eiusmodi
1076 2255 1240 2311 aliquid
1273 2255 1416 2298 credat
1440 2259 1613 2312 propter
1627 2259 1848 2312 poetarum

344 2333 389 2373 in
423 2331 621 2374 ablativis
649 2331 1019 2374 substantivorum
1047 2345 1307 2374 carceres
1337 2336 1378 2375 et
1411 2334 1542 2388 equi
1569 2332 1849 2376 consensum!

345 2408 455 2450 Nam
506 2408 621 2464 quid,
670 2408 856 2463 obsecro,
903 2408 987 2451 fuit
1029 2421 1106 2451 cur
1148 2409 1377 2465 quisquam
1421 2409 1594 2465 Virgilii
1635 2408 1853 2464 Georgica,

345 2485 609 2540 praeclarum
655 2498 774 2541 opus,
818 2485 886 2527 vel
921 2485 1142 2527 lenissimo
1172 2486 1476 2541 perstringeret
1508 2484 1632 2527 risu?
1666 2483 1853 2527 Scurrile

345 2561 389 2602 id
435 2560 601 2615 fuisset,
650 2565 696 2603 ut
739 2562 900 2618 opinor,
942 2561 1185 2615 ridiculum,
1227 2562 1432 2617 ineptum.
1466 2561 1611 2616 Atque
1645 2560 1855 2603 eiusmodi

347 2637 510 2691 aliquid
546 2639 677 2680 semel
711 2638 762 2694 ab
797 2638 987 2693 Horatio,
1015 2639 1107 2680 viro
1138 2637 1436 2692 urbanissimo,
1453 2637 1728 2679 commissum
1750 2649 1855 2692 esse,

350 2713 547 2768 quamvis
584 2714 712 2763 inviti,
742 2714 1012 2757 crederemus
1044 2717 1200 2769 tamen,
1235 2715 1272 2756 si
1304 2726 1451 2756 revera
1483 2716 1645 2755 certum
1679 2712 1851 2768 aliquod

351 2788 562 2832 eiusmodi
594 2788 789 2842 παρῳδίας
822 2790 1135 2847 deprehendere
1167 2790 1338 2846 signum
1371 2801 1606 2846 possemus
1639 2787 1722 2831 Sed
1755 2788 1851 2845 quis
