2034 3334
997 371 1079 412 190

280 507 424 537 carere
470 507 556 536 non
603 497 748 551 potes3
797 497 840 538 et
882 508 1033 552 quum,
1075 496 1248 553 coniugi
1293 496 1397 540 dum
1439 497 1561 541 affert
1591 498 1785 556 salutem,

279 571 371 627 ipsa
418 574 575 614 certam
622 574 843 627 exspectat
887 572 1117 628 perniciem
1165 585 1290 629 uxor,
1333 573 1439 630 quid
1480 573 1534 617 ab
1564 574 1640 618 illo
1670 577 1787 631 petat

280 648 421 703 potius
463 661 593 704 quam
638 651 686 690 ut
726 646 852 690 titulo
884 647 1114 704 sepulcrali
1145 648 1351 705 praeclari
1382 649 1483 693 facti
1512 649 1640 693 faciat
1666 662 1787 695 men-

278 725 438 767 tionem
451 724 472 766 ?
504 723 651 767 Cetera
684 737 795 780 quae
825 723 968 767 attulit
994 724 1245 782 Zingerleus
1270 726 1392 782 parvi
1417 727 1623 770 momenti
1637 725 1787 771 viden·-

279 804 360 843 tur.
408 799 542 843 Vides
583 813 652 844 me
693 813 779 843 non
817 801 871 844 ad
902 800 1190 858 Peerlkampii
1221 801 1452 859 confugere
1482 804 1790 860 coniecturam,

281 877 357 932 qui
397 876 623 920 Horatiani
654 878 855 921 carminis
886 878 1104 935 stropham
1139 878 1334 921 ultimam
1367 882 1587 936 tamquam
1618 892 1644 923 e
1671 879 1787 924 frus-

280 953 383 996 tulis
413 951 636 996 Ovidianis
668 955 1007 997 consarcinatam
1039 954 1219 997 Horatio
1251 954 1477 999 abiudicat.

339 1029 540 1084 Mythum
573 1031 626 1073 de
657 1029 806 1074 Danae
836 1031 979 1074 iocose
1012 1034 1195 1088 uterque
1222 1035 1347 1088 poeta
1372 1033 1687 1089 interpretatur.
1707 1031 1786 1088 „In

280 1108 494 1162 pretium”
527 1108 640 1150 enim
675 1120 932 1151 conversum
959 1108 1088 1151 deum
1117 1112 1298 1164 uterque
1322 1107 1458 1165 fingit,
1485 1121 1572 1165 quo
1588 1108 1791 1153 custodes

281 1188 573 1242 corrumperet
622 1184 828 1228 Horatius
876 1185 970 1240 (ΙΠ,
1019 1185 1087 1241 16,
1134 1186 1191 1240 4),
1237 1199 1323 1242 quo
1370 1186 1551 1242 virginis
1597 1198 1784 1230 amorem

280 1268 440 1306 emeret
472 1261 654 1304 Ovidius
686 1262 798 1316 (Am.
830 1261 909 1317 ΙΙΙ,
942 1263 982 1317 8,
1014 1263 1071 1304 29
1105 1263 1223 1318 sqq).
1255 1261 1363 1305 Esse
1389 1262 1460 1305 hic
1486 1262 1675 1319 aliquam
1690 1262 1787 1306 imi-

281 1339 454 1382 tationis
500 1339 788 1394 suspicionem
835 1338 1124 1394 concederem,
1171 1339 1209 1381 si
1250 1341 1389 1381 totum
1430 1339 1658 1381 inventum
1697 1350 1787 1381 non

279 1419 367 1459 tam
414 1415 674 1459 Ovidianum
717 1420 838 1459 esset.
879 1415 990 1458 Nam
1031 1419 1206 1472 propter
1245 1415 1466 1471 vocabula,
1499 1427 1610 1472 quae
1639 1414 1787 1459 eadem

281 1493 394 1550 apud
441 1496 677 1549 utrumque
721 1493 940 1549 leguntur,
989 1492 1212 1550 Zingerleo
1256 1493 1456 1536 assentiri
1498 1492 1612 1536 nolo.
1642 1491 1788 1535 Pauca

280 1571 395 1613 enim
438 1584 488 1613 ea
531 1575 634 1614 sunt
675 1574 718 1613 et
748 1570 954 1627 vulgaria.
987 1570 1119 1626 Apud
1149 1569 1378 1612 Horatium
1410 1569 1589 1624 legitur:
1627 1568 1786 1623 „turris

281 1647 453 1702 ahenea,
494 1646 782 1702 robustaeque
825 1645 979 1689 fores.''
1010 1646 1141 1702 Apud
1175 1644 1403 1688 Ovidium:
1441 1645 1598 1699 „aerati
1628 1645 1787 1701 postes,

279 1723 416 1767 ferrea
446 1722 622 1768 turris.'’
655 1723 785 1779 Apud
817 1722 1070 1766 Horatium:
1476 1711 1479 1712 ⁷

581 1816 797 1860 Converso
827 1818 874 1860 in
904 1818 1089 1873 pretium
1121 1816 1200 1859 deo

340 1919 472 1976 Apud
503 1917 730 1962 Ovidium:

841 1979 1027 2035 pretium
1059 1979 1242 2034 virginis
1273 1979 1366 2034 ipse
1394 1977 1488 2020 fuit.

339 2091 587 2147 Augustum
636 2090 794 2133 deum
842 2103 976 2145 quum
1028 2102 1154 2145 saepe
1199 2092 1383 2144 uterque
1425 2090 1550 2144 poeta
1587 2085 1787 2142 laudarit,

282 2169 525 2211 mirandum
573 2181 659 2210 non
709 2170 774 2210 est
816 2167 945 2210 simili
990 2167 1116 2209 modo
1149 2165 1450 2221 similibusque
1481 2163 1624 2208 verbis
1654 2165 1786 2207 inter-

281 2246 384 2287 dum
426 2245 470 2287 id
512 2245 564 2287 ab
605 2248 788 2300 utroque
818 2243 980 2286 factum
1012 2256 1116 2286 esse.
1150 2242 1232 2285 Sed
1267 2255 1377 2298 quae
1408 2241 1523 2298 apud
1555 2239 1632 2283 Ov.
1663 2238 1787 2282 Trist-

281 2321 339 2377 ΙΙ,
371 2322 455 2363 174
496 2322 701 2378 leguutur
737 2324 822 2363 tam
856 2323 1037 2376 cognata
1071 2320 1292 2376 Zingerleo
1325 2319 1528 2361 videntur
1560 2317 1646 2360 illis
1677 2329 1789 2374 quae

281 2399 489 2442 Horatius
522 2398 647 2442 habet
678 2397 831 2452 (Carm.
863 2398 939 2453 IV,
977 2399 1043 2453 14,
1075 2398 1158 2452 33),
1193 2401 1241 2440 ut
1272 2399 1459 2439 statuere
1492 2407 1579 2437 non
1597 2393 1788 2438 dubitet:

464 2500 597 2554 „Hier
641 2502 697 2542 ist
745 2500 814 2542 die
853 2499 1151 2542 Reminiscenz
1189 2499 1300 2540 wohl
1331 2497 1439 2540 iiber
1469 2496 1580 2539 allen
1612 2493 1784 2539 Zweifel

403 2575 629 2620 erhaben.’'

282 2685 449 2728 Horatii
482 2688 595 2729 enim
628 2686 758 2729 verba
789 2690 912 2729 sunt:

637 2796 693 2839 Te
724 2797 880 2852 copias,
909 2799 950 2837 te
982 2794 1209 2837 consilium
1244 2797 1286 2837 et
1316 2797 1415 2836 tuos

639 2871 875 2914 Praebente
905 2871 1039 2913 divos.
