2034 3334
1033 361 1115 402 122

314 487 440 544 Ergo,
471 490 520 530 ut
551 486 604 529 ad
636 485 893 529 Mommseni
924 485 1095 529 redeam
1124 486 1383 528 orationem:
1410 484 1534 528 facile
1559 484 1652 529 fieri
1678 486 1817 541 potest

314 569 362 608 ut
393 577 494 606 mox
526 563 682 619 aliquis
711 563 891 605 exsistat
918 562 993 618 qui
1020 561 1232 618 Propertii
1260 573 1434 617 quoque
1451 560 1503 604 de
1520 560 1640 604 urbis
1655 559 1816 605 Romae

314 641 519 697 dignitate
575 643 617 683 et
665 640 890 682 sanctitate
937 638 1027 693 (IV,
1075 639 1147 692 22)
1193 637 1335 680 locum
1383 637 1437 680 ad
1486 636 1816 681 dissuadendam

314 718 503 774 Augusti
538 717 793 760 sententiam
825 716 1032 771 scriptum
1068 715 1324 770 suspicetur,
1350 713 1466 757 haud
1492 715 1608 757 enim
1633 713 1819 759 absurda

315 807 364 838 ea
394 793 503 837 foret
533 793 720 849 suspicio
753 792 827 835 sed
860 795 1003 835 tamen
1042 791 1282 834 falsissima.

373 869 524 926 Neque
572 869 680 911 dura
721 869 861 911 solum
907 872 972 911 est
1005 867 1188 922 Cynthia
1220 867 1294 911 sed
1327 871 1369 911 et
1399 868 1520 912 levis.
1551 868 1742 913 Metuere
1772 881 1819 913 se

315 960 370 990 ne
409 946 639 1003 aliquando
682 945 756 988 fiat
791 945 929 999 „fama
962 944 1109 988 urbis”
1141 957 1269 1001 saepe
1301 944 1487 988 declarat
1517 947 1653 1001 poeta,
1684 945 1819 988 mina-

315 1027 474 1079 turque
505 1023 544 1066 ei
575 1022 645 1077 (II,
678 1023 716 1076 5,
751 1022 805 1064 27
840 1023 970 1078 sqq.):

496 1132 686 1176 Scribam
718 1133 863 1188 igitur,
896 1132 1010 1188 quod
1042 1145 1129 1174 non
1163 1145 1357 1188 unquam
1388 1135 1464 1175 tua
1497 1131 1635 1176 deleat
1661 1134 1789 1188 aetas,

556 1208 752 1264 ,Cynthia
781 1209 919 1252 forma
949 1212 1112 1265 potens,
1147 1208 1333 1264 Cynthia
1363 1208 1494 1252 verba
1524 1208 1659 1253 levis’.

378 1318 514 1370 Quam
556 1323 757 1362 constans
800 1323 841 1363 et
876 1318 1015 1362 fidelis
1048 1322 1112 1362 est
1142 1322 1278 1376 poeta,
1310 1322 1396 1362 tam
1429 1319 1503 1362 illa
1533 1322 1599 1362 est
1630 1320 1749 1363 varia
1779 1321 1823 1363 et

318 1395 550 1440 mutabilis.
584 1395 698 1438 Hinc
732 1397 771 1439 ei
802 1395 1031 1452 exprobrat
1063 1395 1142 1451 III,
1176 1396 1244 1451 19,
1278 1395 1299 1438 1
1335 1409 1451 1452 sqq.:

496 1506 592 1550 Hoc
623 1510 712 1550 erat
742 1508 787 1549 in
819 1507 968 1562 primis
1001 1507 1117 1563 quod
1150 1519 1218 1550 me
1248 1506 1436 1563 gaudere
1465 1505 1677 1550 iubebas?

554 1583 657 1626 Tam
688 1587 729 1627 te
759 1583 990 1626 formosam
1023 1597 1111 1626 non
1143 1583 1278 1640 pudet
1308 1596 1402 1626 esse
1432 1583 1596 1626 levem!

501 1659 596 1703 Una
627 1663 702 1703 aut
732 1660 864 1703 altera
895 1673 985 1702 nox
1019 1660 1256 1703 nondumst
1285 1660 1332 1702 in
1362 1673 1506 1703 amore
1537 1662 1717 1716 peracta,

556 1737 612 1780 Et
643 1737 760 1780 dicor
787 1737 896 1780 lecto
929 1738 1014 1780 iam
1044 1738 1188 1794 gravis
1220 1749 1314 1780 esse
1345 1739 1433 1780 tuo·

381 1853 521 1896 Unam
558 1854 631 1896 ille
662 1853 888 1908 Cynthiam
922 1858 1046 1910 amat,
1079 1855 1183 1898 haec
1213 1867 1313 1897 vero
1347 1853 1579 1896 multorum
1611 1855 1679 1896 est
1710 1853 1823 1896 viro-

321 1943 431 1984 rum,
462 1930 676 1986 dignaque
708 1943 818 1986 quae
849 1943 949 1973 cum
982 1929 1126 1986 Lai‘de,
1155 1930 1326 1985 Thaide,
1351 1929 1526 1985 Phryne
1553 1932 1822 1986 comparetur

323 2005 478 2073 (1396).
510 2005 605 2048 Hoc
636 2010 700 2049 est
731 2019 809 2049 cur
838 2007 1068 2050 lacrimans
1101 2008 1312 2050 exclamet
1342 2010 1466 2063 poeta
1499 2005 1568 2062 (11,
1600 2007 1639 2058 8,
1667 2006 1693 2048 5
1720 2007 1820 2062 sq.):

500 2115 684 2158 Possum
715 2129 793 2172 ego
824 2117 869 2158 in
902 2117 1078 2159 alterius
1110 2117 1290 2173 positam
1323 2119 1513 2173 spectare
1543 2115 1734 2159 lacerto?

560 2191 650 2234 Nec
681 2205 775 2235 mea
806 2192 982 2248 dicetur,
1016 2206 1126 2249 quae
1159 2193 1284 2236 modo
1318 2193 1430 2235 dicta
1462 2192 1628 2235 meast?

323 2299 437 2342 Hinc
467 2300 741 2343 acerbissima
768 2303 981 2344 accusatio
1013 2302 1082 2358 (II,
1117 2304 1155 2358 9,
1191 2303 1245 2345 19
1273 2303 1377 2358 sq.):

503 2410 563 2452 At
593 2413 641 2452 tu
671 2423 758 2452 non
793 2424 880 2452 una
911 2412 1090 2466 potuisti
1120 2414 1246 2453 nocte
1282 2424 1447 2466 vacare,

562 2486 816 2543 Impianon
850 2501 984 2530 unum
1019 2488 1110 2530 sola
1142 2501 1314 2531 manere
1345 2488 1470 2531 diem.

385 2594 493 2636 Nam
539 2595 654 2650 quod
689 2599 853 2651 praeter
883 2599 1050 2652 poetam
1082 2601 1123 2639 et
1155 2597 1227 2639 alii
1259 2610 1352 2640 eam
1386 2600 1530 2640 ament
1561 2596 1824 2652 cupiantque

328 2671 420 2724 viri,
452 2671 536 2714 illis
568 2675 712 2727 parata
745 2676 809 2715 est
840 2674 1072 2716 excusatio.
1111 2673 1287 2727 „Adeo”
1322 2675 1436 2716 enim

570 2781 837 2834 „Formosam
872 2796 966 2824 raro
998 2796 1084 2824 non
1117 2782 1199 2826 sibi
1231 2785 1423 2846 quisque
1449 2781 1591 2838 petit.'’

1396 2859 1489 2914 (ΠΙ,
1522 2859 1590 2914 32,
1621 2860 1674 2912 4).
