2034 3334
992 256 1047 300 13

279 380 367 424 330
398 380 486 424 Nec
519 381 650 422 maris
680 381 743 421 ira
774 381 943 429 manet;
980 379 1203 434 positoque
1235 377 1249 435 s
1280 379 1514 435 tricuspide
1545 378 1644 421 telo.

281 450 367 495 337
401 451 588 501 Bucina,
622 463 728 506 quae
761 449 902 492 medio
935 451 1127 504 concepit
1159 448 1174 507 l
1206 450 1281 491 ubi
1314 453 1410 492 aera
1440 454 1586 506 ponto.

280 521 368 564 338
400 521 548 564 Litora
579 535 680 563 voce
711 519 847 575 replet
880 521 958 562 sub
992 525 1172 575 utroque
1205 518 1218 577 s
1249 521 1431 563 iacentia
1463 521 1648 563 Phoebo.

280 591 365 635 341
399 591 608 634 Omnibus
641 590 785 633 audita
816 594 878 633 est
911 589 1080 633 telluris
1113 589 1127 648 s
1158 594 1202 632 et
1233 592 1426 647 aequoris
1458 591 1599 633 undis.

280 662 366 706 342
399 663 463 704 Et
493 662 679 719 quibus
710 666 788 703 est
814 662 972 703 undis
1005 662 1219 713 audita,
1253 659 1268 719 s
1300 663 1534 703 coercuit
1566 677 1734 704 omnes
1764 660 1807 715 ¹).

279 732 365 776 346
397 733 563 789 Perque
595 732 709 774 diem
738 731 915 788 longam
949 731 1108 774 nudata
1138 730 1152 789 s
1185 733 1402 774 cacumine
1435 732 1580 775 silvae.

278 803 365 846 349
398 803 455 846 Et
486 802 695 846 desolatas
727 816 853 859 agere
886 802 974 845 alta
1007 801 1021 861 s
1053 802 1224 845 silentia
1258 806 1406 846 terras.

194 880 197 883 “
275 874 362 917 353
394 874 557 917 Deinde
589 878 706 916 torus
738 875 903 924 iunxit,
937 887 1048 916 nunc
1080 874 1172 929 ipsa
1204 872 1218 931 s
1251 873 1438 930 pericula
1469 875 1673 932 iungunt.

276 944 364 988 374
395 944 619 987 Pallebant
650 958 820 995 musco,
854 944 1106 999 stabantque
1138 942 1152 1001 s
1184 945 1273 986 sine
1304 945 1479 1001 ignibus
1512 959 1619 988 arae.

278 1015 366 1058 382
398 1015 455 1058 Et
485 1015 626 1058 velate
656 1019 784 1071 caput
815 1016 1056 1070 cinctasque
1088 1013 1103 1072 l
1133 1014 1336 1058 resolvite
1373 1019 1521 1059 vestes.

279 1085 367 1129 384
400 1084 654 1142 Obstipuere
682 1085 780 1136 diu;
813 1087 1062 1141 rumpitque
1096 1083 1110 1143 s
1142 1084 1313 1128 silentia
1344 1100 1461 1129 voce.

276 1157 361 1200 401
396 1157 602 1198 Ponere
633 1156 890 1198 duritiem
921 1171 1141 1210 coepere
1172 1154 1186 1214 J
1217 1171 1463 1213 suumque
1494 1157 1733 1211 riqorem.

276 1227 363 1270 406
396 1227 492 1270 Non
524 1230 671 1269 exacta
702 1228 805 1269 satis
838 1227 1099 1283 rudibusque
1131 1225 1146 1285 s
1177 1227 1402 1270 simillima
1434 1230 1582 1285 signis.

276 1297 363 1340 415
395 1297 450 1339 Et
482 1297 738 1340 documenta
771 1297 946 1349 damus,
983 1311 1065 1353 qua
1098 1299 1232 1340 simus
1265 1296 1279 1355 s
1311 1300 1476 1355 origine
1509 1301 1611 1341 nati.

277 1368 364 1411 435
396 1367 568 1411 Solibus
599 1368 800 1411 aetheriis
832 1368 1004 1424 altoque
1035 1367 1049 1426 l
1080 1368 1302 1410 recanduit
1333 1373 1466 1412 aestu.

278 1438 366 1482 442
398 1440 509 1481 Ante
540 1440 624 1480 nisi
654 1440 699 1481 in
731 1438 914 1481 dammis
946 1441 1190 1495 capreisque
1222 1438 1236 1497 l
1267 1439 1494 1496 fugacibus
1525 1454 1644 1483 usus.

275 1509 363 1552 450
395 1509 596 1552 Nondum
626 1509 774 1552 laurus
808 1514 916 1560 erat,
950 1509 1166 1566 longoque
1199 1508 1213 1568 s
1245 1509 1437 1553 decentia
1469 1512 1596 1554 crine.

275 1579 362 1622 453
394 1580 498 1622 Fors
530 1582 681 1636 ignara
715 1580 832 1622 dedit
863 1580 936 1623 sed
968 1594 1093 1623 saeva
1126 1579 1140 1638 s
1171 1579 1398 1636 Cupidinis
1429 1582 1505 1623 ira.

275 1650 362 1694 473
395 1650 538 1694 Laesit
571 1650 816 1707 Apollineas
849 1652 1026 1694 traiecta
1057 1650 1071 1709 s
1102 1665 1176 1707 per
1207 1665 1300 1694 ossa
1331 1651 1554 1694 medullas.

276 1720 363 1764 522
395 1721 523 1764 Dicor
553 1726 596 1764 et
628 1721 856 1764 herbarum
889 1722 1079 1764 subiecta
1109 1721 1123 1780 l
1154 1723 1344 1778 potentia
1376 1723 1511 1765 nobis.

275 1792 361 1835 562
395 1793 505 1835 Ante
536 1793 647 1835 fores
680 1793 812 1835 stabis
844 1793 1117 1848 mediamque
1149 1791 1163 1850 s
1193 1793 1364 1835 tuebere
1397 1807 1617 1849 quercum.

274 1862 360 1906 567
394 1863 471 1906 Est
501 1877 654 1906 nemus
685 1863 949 1906 Haemoniae
983 1867 1210 1919 praerupta
1236 1862 1250 1921 l
1278 1863 1391 1919 quod
1418 1864 1606 1920 undique
1633 1864 1806 1908 claudit.

274 1932 360 1977 575
393 1933 527 1976 Undis
559 1935 654 1976 iura
687 1933 813 1976 dabat
844 1934 1132 1990 nymphisque
1164 1932 1178 1991 s
1208 1933 1445 1976 colentibus
1476 1934 1623 1977 undas.

272 2003 360 2046 582
394 2003 576 2046 Inachus
607 2018 719 2046 unus
752 2005 871 2046 abest
901 2006 1078 2060 imoque
1110 2003 1124 2061 s
1156 2004 1398 2046 reconditus
1431 2009 1563 2047 antro.

275 2073 361 2117 583
394 2073 587 2116 Fletibus
619 2078 750 2130 auget
781 2088 911 2131 aquas
942 2079 1172 2130 natamque
1205 2073 1219 2132 s
1248 2076 1515 2117 miserrimus
1549 2075 1607 2118 Io.

275 2143 363 2186 588
394 2143 592 2186 Flumine
625 2148 667 2186 et
699 2158 723 2186 o
754 2146 878 2200 virgo
910 2144 1009 2187 Iove
1041 2144 1191 2201 digna,
1226 2143 1240 2202 s
1271 2148 1430 2200 tuoque
1462 2145 1649 2187 beatum.

272 2212 358 2258 597
393 2213 649 2270 Consitaque
682 2215 899 2257 arboribus
930 2214 1118 2271 Lyrcaea
1150 2213 1164 2272 Ι
1195 2214 1422 2270 reliquerat
1454 2229 1567 2257 arva.

272 2284 358 2327 608
391 2283 598 2328 Constitit
627 2286 672 2326 in
705 2286 830 2327 terris
861 2285 1122 2340 nebulasque
1155 2283 1168 2342 s
1200 2284 1391 2327 recedere
1422 2286 1562 2327 iussit.

273 2355 357 2398 641
393 2355 549 2398 Naides
580 2356 803 2411 ignorant:
836 2357 1007 2412 ignorat
1040 2354 1054 2413 l
1086 2358 1129 2398 et
1158 2355 1339 2398 Inachus
1370 2356 1473 2411 ipse.

272 2425 358 2468 645
391 2425 471 2467 Illa
504 2439 656 2467 manus
686 2425 840 2468 lambit
873 2427 1107 2482 patriisque
1139 2424 1154 2483 l
1185 2425 1256 2467 dat
1288 2425 1431 2468 oscula
1463 2425 1632 2481 palmis.

272 2494 358 2539 667
392 2495 480 2538 Nec
513 2509 718 2551 superum
749 2499 888 2538 rector
918 2495 1033 2538 mala
1065 2499 1183 2537 tanta
1215 2494 1229 2552 s
1258 2495 1519 2538 Phoronidos
1550 2496 1680 2539 ultra.

271 2564 358 2609 700
390 2566 446 2608 Et
477 2566 674 2621 precibus
707 2567 858 2621 spretis
889 2565 1052 2621 fugisse
1086 2564 1100 2622 l
1131 2579 1206 2620 per
1238 2566 1334 2607 avia
1365 2566 1618 2621 nympham.

272 2635 356 2680 ‘751
390 2637 479 2680 Nec
514 2637 594 2679 sibi
625 2636 843 2679 cedentem
877 2636 1133 2692 Phoeboque
1167 2635 1181 2692 s
1211 2639 1384 2691 parente
1415 2637 1660 2692 superbum.

255 2850 291 2891 1)
314 2849 391 2880 Tam
423 2848 567 2890 ingratus
598 2848 709 2880 auditu
742 2847 794 2879 hic
823 2858 931 2879 versus
961 2850 1008 2879 est
1039 2849 1123 2887 (cum
1155 2848 1343 2889 praesertim
1366 2849 1533 2890 praecedat
1556 2859 1664 2881 versus
1687 2851 1796 2883 eodem

207 2903 301 2935 modo
330 2903 459 2943 incisus)
490 2905 543 2941 ut,
577 2902 638 2934 nisi
670 2902 849 2943 frequentia
879 2912 1080 2934 caesurarum
1105 2913 1134 2933 κ.
1148 2913 1181 2933 τ.
1195 2913 1246 2940 τ.,
1273 2912 1368 2943 quam
1390 2902 1450 2934 hoc
1473 2903 1555 2934 libro
1579 2903 1799 2944 observamus,

206 2956 366 2994 obstaret,
390 2957 455 2988 fere
481 2956 658 2999 suspicarer
681 2957 720 2988 de
743 2956 904 2988 industria
927 2967 998 2987 eum
1022 2956 1066 2987 sic
1090 2967 1107 2987 a
1131 2958 1223 2998 poeta
1247 2958 1403 2988 structum
1429 2959 1464 2988 ut
1486 2957 1601 2989 fluctus
1624 2959 1722 2991 cubito
1745 2959 1795 2991 in-

208 3011 327 3042 hibitos
348 3011 532 3053 depinqeret.
