2034 3334
1038 385 1122 428 146

326 505 411 550 Pro
443 521 572 551 rara
601 507 812 553 Heinsius
843 509 1070 567 legendum
1104 512 1274 555 censuit
1302 524 1444 570 cara,
1473 526 1603 570 quam
1634 516 1834 572 ego'don-

326 585 533 627 iecturam
562 586 736 628 omnino
759 585 1020 642 probandam
1038 599 1202 640 censeo,
1218 588 1319 632 licet
1333 589 1418 632 iam
1436 590 1637 647 aequales
1651 590 1833 637 Heinsio

330 662 416 703 sint
433 661 632 704 oblocuti.
652 661 764 713 Quid
782 664 895 706 enim
915 667 1064 707 contra
1081 677 1174 709 eam
1191 668 1235 708 et
1251 665 1352 709 olim
1369 666 1608 711 attulerunt
1622 669 1706 711 viri
1721 668 1836 713 docti

328 741 370 780 et
401 751 518 780 nunc
559 738 773 782 afferunt?
808 740 969 797 „Saepe
998 742 1045 784 in
1077 742 1461 799 inscriptionibus’‘
1493 745 1615 788 aiunt
1649 745 1836 804 „legitur

326 812 570 857 feminae
611 816 985 860 rarissimae'’.
1030 817 1143 869 Quid
1179 819 1337 862 mirum
1370 820 1537 877 siquis
1568 821 1709 866 dicere
1738 823 1836 867 vult

327 889 512 946 aliquam
544 891 746 935 feminam
779 894 930 937 ceteris
963 894 1164 938 omnibus
1191 899 1406 951 praestare
1431 897 1606 953 virtute,
1629 899 1836 955 castitate,

327 966 443 1009 illam
485 981 664 1011 raram
709 970 777 1012 vel
818 972 1173 1015 rarissimam
1207 972 1442 1029 appellari?
1474 972 1687 1019 Omnibus
1718 977 1834 1020 enim

327 1055 419 1086 eam
463 1044 660 1100 exemplo
699 1045 834 1089 fuisse
865 1059 1005 1103 neque
1039 1047 1165 1091 facile
1198 1048 1326 1091 aliam
1359 1049 1399 1092 ei
1431 1062 1576 1106 parem
1606 1051 1834 1095 inventum

326 1119 379 1161 iri
422 1131 471 1162 ea
513 1133 618 1163 voce
649 1121 927 1178 significatur.
961 1122 1075 1174 Quid
1108 1124 1224 1180 quod
1256 1125 1405 1168 eodem
1438 1138 1571 1170 sensu
1601 1130 1646 1170 et
1674 1140 1700 1171 a
1729 1126 1835 1172 Pro-

326 1196 462 1252 pertio
494 1197 610 1240 haud
637 1199 770 1241 semel
801 1199 915 1242 idem
947 1201 1123 1256 ponitur
1157 1201 1429 1245 adjectivum.
1461 1201 1532 1246 Sic
1561 1201 1630 1260 (V,
1663 1204 1731 1261 11,
1764 1203 1836 1260 52)

329 1271 506 1327 Claudia
537 1273 715 1317 dicitur:

869 1386 1047 1429 turritae
1076 1399 1171 1429 rara
1202 1388 1398 1431 ministra
1429 1388 1543 1432 deae.

389 1491 443 1535 In
476 1491 623 1549 §ll—odia
654 1494 768 1536 enim
796 1495 1016 1550 antiquam
1046 1496 1281 1539 castitatem
1300 1497 1622 1541 admirabantur
1636 1498 1837 1555 aequales

332 1570 588 1626 posterique,
619 1571 725 1626 ipsis
757 1570 840 1614 diis
865 1572 1178 1615 immortalibus
1204 1572 1287 1615 fuit
1311 1574 1566 1630 gratissima,
1591 1586 1693 1632 ergo
1709 1576 1836 1619 mira-

331 1646 477 1688 culum
509 1646 727 1689 exhibuit:
762 1660 871 1690 zona
902 1649 1017 1691 enim
1050 1649 1132 1702 (vel
1163 1649 1368 1704 crinibus,
1398 1654 1448 1693 ut
1473 1651 1594 1694 aiunt
1621 1651 1836 1706 nonnulli)

331 1734 484 1765 navem
526 1724 570 1765 in
616 1736 703 1779 qua
734 1723 968 1767 vehebatur
997 1724 1153 1782 Magna
1184 1730 1330 1781 mater,
1362 1728 1407 1769 in
1441 1727 1561 1771 vadis
1591 1727 1836 1772 haerentem

330 1800 475 1842 traxit.
517 1799 673 1843 Nonne
703 1801 915 1843 eiusmodi
945 1801 1104 1844 femina
1136 1815 1284 1845 revera
1315 1817 1442 1846 rara
1472 1804 1568 1847 est?
1599 1803 1656 1848 Et
1686 1804 1834 1849 eodem

331 1876 457 1918 modo
489 1876 542 1919 de
574 1875 759 1931 Cynthia
790 1889 891 1933 prae
922 1878 1014 1920 suis
1045 1878 1310 1922 carminibus
1335 1879 1398 1921 nil
1423 1893 1511 1922 non
1538 1883 1837 1926 contemnente

330 1952 542 1996 exclamat
573 1952 620 2009 (I,
654 1954 693 2008 8,
726 1954 781 1995 41
815 1954 916 2010 sq.):

509 2061 621 2105 Sunt
650 2063 783 2118 igitur
813 2061 977 2117 Musae,
1006 2075 1148 2118 neque
1180 2065 1342 2106 amanti
1373 2064 1522 2108 tardus
1553 2065 1722 2123 Apoll0,

570 2137 678 2189 Quis
710 2151 788 2194 ego
819 2138 954 2182 fretus
985 2152 1103 2181 amo:
1139 2138 1324 2194 Cynthia
1355 2155 1451 2184 rara
1479 2145 1626 2186 meast.

332 2246 596 2302 Rectissime,
638 2251 688 2290 ut
719 2249 879 2304 opinor.
915 2246 1053 2299 Quam
1085 2262 1246 2304 paucae
1277 2251 1391 2292 enim
1424 2251 1700 2294 mulierculae
1729 2251 1836 2295 adeo

332 2325 376 2366 in
410 2325 576 2367 deliciis
618 2324 774 2367 habent
805 2325 987 2380 poesin?
1019 2324 1102 2367 Sed
1134 2325 1335 2369 omnibus
1367 2327 1434 2369 his
1464 2327 1570 2370 locis
1601 2327 1654 2370 de
1688 2322 1836 2382 „abso-

331 2399 462 2455 luta'’,
511 2404 560 2442 ut
607 2414 657 2443 eo
700 2404 797 2442 utar
838 2400 1059 2456 vocabulo,
1101 2401 1286 2445 feminae
1327 2404 1486 2446 virtute
1518 2416 1656 2446 sermo
1687 2406 1764 2458 est,
1793 2406 1837 2447 at

332 2480 478 2518 nostro
525 2478 617 2519 loco
666 2477 718 2519 de
767 2476 1000 2531 „relativa”
1047 2479 1200 2534 agitur.
1248 2478 1344 2521 Hoc
1387 2481 1502 2522 enim
1545 2480 1647 2522 dicit
1688 2483 1834 2536 poeta:

334 2554 531 2607 quamvis
580 2553 717 2595 multa
762 2566 1004 2609 magnaque
1050 2555 1095 2596 in
1145 2554 1329 2608 Cynthia
1376 2555 1687 2611 deprehendam
1719 2556 1836 2612 vitia,

332 2632 474 2670 tamen
502 2642 594 2670 eam
622 2643 707 2671 non
727 2642 869 2672 amare
887 2643 975 2671 non
991 2643 1184 2686 possum,
1201 2631 1274 2674 sed
1292 2644 1460 2687 semper
1484 2645 1611 2674 cara
1638 2631 1742 2674 mihi
1757 2634 1833 2675 est.

334 2703 517 2746 Prorsus
548 2705 696 2747 eodem
729 2705 855 2747 modo
883 2706 997 2761 apud
1023 2705 1294 2762 Lygdamum
1322 2706 1422 2761 (Tib.
1440 2706 1519 2762 HI,
1538 2707 1575 2762 1,
1594 2708 1634 2760 5)
1650 2707 1832 2763 legitur:

512 2796 650 2839 Dicite
682 2797 872 2840 Pierides
905 2812 1092 2853 quonam
1125 2800 1306 2842 donetur
1337 2800 1499 2843 honore

571 2872 655 2914 Seu
689 2886 793 2927 mea,
825 2886 903 2916 seu
933 2874 1069 2930 fallor,
1100 2888 1200 2918 cara
1229 2875 1394 2919 Neaera
1423 2879 1566 2919 tamen
