2034 3334
1000 366 1083 409 1⁴74

257 493 332 533 sed
373 492 517 542 potius
558 493 677 532 casui
718 492 974 532 attributam
1016 492 1148 532 velit’'
1191 502 1267 542 pro
1307 493 1378 541 „et
1407 492 1471 532 sic
1500 491 1659 533 maluit
1686 490 1829 535 dicere

257 579 389 617 quam
415 579 529 608 nunc
555 569 771 609 Aeschino
788 569 972 619 culpam,
991 569 1067 608 sed
1083 569 1227 619 potius
1244 569 1363 609 casui
1380 568 1637 610 attributam
1652 568 1827 610 vellet.”

322 645 388 684 10.
435 645 514 694 „Et
550 655 725 694 genus
757 645 845 685 iam
877 645 931 687 ad
963 644 1087 684 vivos
1118 644 1317 695 pertinet,
1350 645 1743 698 familiaetiam
1773 644 1828 686 ad

258 720 525 761 defunctos.”
567 720 700 760 Estne
742 721 850 761 iam
891 720 962 761 hic
1003 721 1133 760 idem·
1160 721 1270 770 quod
1311 722 1735 776 tantummodo?
1774 722 1829 764 Et

258 796 358 845 quid
390 798 483 837 tota
513 797 595 836 sibi
626 796 733 837 haec
764 797 860 837 vult
890 796 1115 837 doctrina?

317 945 391 995 III,
428 946 466 995 2,
503 947 542 986 8.

465 1021 601 1072 Quem
633 1032 770 1072 neque
802 1021 920 1071 fides,
955 1032 1093 1071 neque
1118 1022 1437 1072 iusiurandum,
1473 1033 1612 1073 neque
1643 1023 1767 1064 illum

1517 1099 1830 1147 [misericordia

464 1175 689 1225 Repressit
719 1186 857 1225 neque
888 1175 1071 1215 reflexit.

259 1250 422 1290 Schol.:
459 1251 549 1300 „sic
579 1252 661 1292 hoc
691 1252 855 1291 dictum
887 1253 955 1291 est
985 1252 1035 1291 ut
1065 1261 1092 1291 a
1122 1251 1323 1301 Virgilio:

464 1327 579 1367 Num
610 1328 715 1368 fletu
747 1328 960 1377 ingemuit
990 1329 1151 1378 nostro,
1185 1337 1290 1367 num
1322 1327 1490 1367 lumina
1520 1327 1676 1368 flexit?

467 1405 582 1444 Num
607 1404 812 1444 lacrimas
838 1404 981 1443 victus
997 1404 1126 1455 dedit,
1145 1405 1222 1443 aut
1237 1404 1472 1444 miseratus
1489 1406 1712 1444 amantem
1729 1405 1830 1445 est?

257 1481 318 1521 Ut
358 1482 396 1520 si
427 1491 514 1520 non
554 1481 695 1530 potuit
735 1481 910 1530 reprimi
952 1491 1006 1519 ne
1046 1480 1220 1530 faceret,
1263 1480 1423 1520 saltem
1460 1482 1509 1520 ut
1539 1481 1584 1520 in
1612 1480 1829 1531 peccando

258 1559 375 1598 esset
400 1557 560 1607 mitior,
589 1556 736 1596 debuit
762 1556 1027 1596 commoveri
1038 1557 1087 1595 ‘?'’
1116 1555 1327 1606 Quoniam
1343 1557 1561 1606 sequitur:
1579 1556 1655 1596 sed
1670 1555 1834 1597 melius>

258 1635 370 1683 quod
411 1644 554 1683 supra,
597 1642 672 1682 pro
713 1633 772 1671 ut
813 1632 860 1671 si
902 1642 1006 1672 non
1048 1633 1238 1681 potuit
1279 1632 1509 1682 legendum
1551 1634 1619 1685 est
1655 1634 1751 1672 aut
1780 1631 1830 1672 si

258 1721 363 1750 non
398 1709 607 1760 potuit,
642 1708 839 1758 quodque
870 1710 968 1758 post
999 1708 1102 1748 illud
1136 1710 1231 1748 aut
1261 1708 1419 1758 legitur
1450 1719 1611 1749 novam
1637 1709 1830 1750 continet

258 1785 593 1835 explicationem
626 1785 709 1832 (vel
740 1785 859 1824 verbi
891 1785 1179 1835 repressit
1210 1785 1278 1825 vel
1311 1785 1579 1831 reflexit).

321 1863 387 1902 16.
420 1861 602 1911 Egregia
633 1862 934 1901 emendatione
965 1861 1294 1901 Westerhovius
1325 1862 1406 1901 hoc
1437 1846 1631 1901 scholion
1656 1861 1831 1903 sanavit

258 1948 333 1987 pro
375 1938 756 1986 bracchiaque
798 1939 851 1977 et
894 1938 1086 1977 cetera
1126 1937 1274 1977 vitia
1314 1937 1484 1987 legens:
1521 1937 1830 1987 „bracchiaque

259 2016 302 2053 et
334 2015 488 2053 cetera.
521 2013 722 2053 Vindicta
753 2024 788 2053 e.
807 2024 846 2062 q.
866 2014 930 2052 s.”

321 2091 388 2130 18.
418 2090 741 2136 Sublimem]
775 2090 886 2138 „ista
911 2090 1091 2139 poena.’'
1121 2088 1403 2139 Corruptum;
1431 2099 1569 2139 neque
1595 2089 1829 2141 quidquam

258 2167 432 2216 prodest
463 2167 710 2206 coniectura
741 2166 863 2216 ipsa
905 2177 1094 2216 poena.

319 2244 388 2282 23.
1135 2242 1193 2281 Te
1226 2242 1366 2291 ipsam
1398 2241 1592 2291 quaerito

436 2320 495 2359 Te
522 2321 748 2369 exspecto:
778 2319 930 2369 oppido
958 2320 1194 2368 opportune
1219 2319 1263 2357 te
1290 2318 1483 2357 obtulisti
1510 2317 1618 2357 mihi
1640 2316 1827 2357 obviam.
1886 2338 1890 2342 -

260 2397 458 2436 Scholion
501 2397 554 2436 ad
595 2397 709 2436 hunc
748 2396 893 2436 locum
934 2395 996 2434 sic
1038 2393 1212 2434 refinxit
1252 2394 1604 2434 Westerhovius:
1640 2394 1830 2444 „incerta

260 2474 478 2512 distinctio
535 2475 682 2512 utrum
739 2474 792 2511 te
845 2473 1116 2521 exspecto
1163 2470 1364 2520 oppido
1411 2471 1725 2519 opportune
1770 2470 1830 2510 sit

259 2549 487 2588 dicendum
545 2559 599 2587 an
646 2546 985 2597 exspectare
1025 2547 1084 2586 sit
1125 2547 1401 2596 impatienter
1442 2555 1607 2595 cupere,
1651 2546 1695 2584 et
1734 2545 1828 2589 sine

259 2624 594 2673 praescriptione
626 2624 846 2673 temporis,
881 2634 1054 2673 sperare
1086 2623 1210 2662 iuxta
1241 2624 1407 2662 certum
1439 2621 1655 2671 tempus‚”
1683 2620 1828 2661 Laudo

259 2700 548 2738 Westerhovii
596 2710 783 2749 operam,
832 2700 907 2739 sed
954 2699 1171 2748 integrum
1218 2698 1410 2737 scholion
1457 2697 1701 2736 restituisse
1741 2705 1828 2736 non

261 2776 441 2814 videtur.
475 2776 646 2814 Etenim
678 2775 791 2814 inter
823 2785 887 2814 an
919 2776 964 2813 et
995 2776 1333 2823 exspectare
1366 2773 1578 2812 excidisse
1609 2771 1825 2821 suspicor:

265 2849 319 2891 1⁰.
378 2853 556 2891 alterius
613 2852 902 2891 distinctionis
959 2851 1332 2900 significationem,
1392 2846 1450 2889 2⁰.
1512 2850 1674 2899 „altera
1721 2849 1827 2888 haec

261 2928 480 2966 distinctio
513 2939 613 2967 vera
647 2930 713 2966 est
746 2939 845 2966 cum
878 2939 912 2966 e.
933 2938 970 2975 q.
990 2928 1054 2966 S.”
1829 2925 1835 2930 ’
