2034 3334
1024 389 1107 431 112

314 513 467 569 „Quod
509 515 623 571 spiro
666 517 708 557 et
747 513 906 571 placeo,
940 515 978 557 si
1009 514 1154 571 placeo
1185 513 1379 558 tuumst’'
1410 514 1471 557 ita
1502 514 1556 557 ad
1588 511 1822 570 Melpome-

311 604 396 633 nen
443 591 651 634 declamat
690 589 899 633 Horatius
940 591 987 632 in
1024 591 1182 633 montis
1214 590 1437 634 cacumine
1469 590 1690 634 sedentem
1722 601 1822 632 cum

311 666 544 723 sororibus,
1750 705 1776 726 ἵ,
1789 692 1810 727 s

641 721 704 774 αἷς
737 724 822 768 οὐδὲ
858 725 935 780 τρὶς
966 724 1153 778 λέγοντες
1184 722 1450 777 ἐξικνούμεθα.
1557 688 1618 766 sslf
1630 738 1674 758 ἐκ
1696 719 1752 775 ss„
1783 730 1802 757 'J

370 819 591 876 Propertio
633 819 845 863 eiusmodi
883 819 1198 862 asseveratione
1230 831 1340 874 opus
1370 831 1458 861 non
1490 820 1567 874 est,
1598 830 1700 861 nam
1729 815 1824 874 ipsa

310 908 387 951 pro
435 908 484 938 eo
526 895 770 951 loquuntur
811 896 1014 937 carmina.
1057 893 1352 950 Propertianis
1383 896 1526 936 autem
1557 892 1822 936 carminibus

309 973 532 1015 materiam
564 972 737 1028 praebet
768 984 852 1014 non
888 971 965 1014 dea
997 970 1208 1027 quaedam
1238 969 1506 1025 immortalis,
1537 983 1563 1012 a
1588 972 1823 1026 conspectu
1886 979 1922 1062 7

310 1048 534 1091 hominum
566 1049 866 1104 remotissima,
894 1048 969 1091 sed
997 1047 1050 1090 de
1069 1047 1209 1114 vulgo
1231 1046 1602 1101 meretricularum
1603 1045 1823 1103 puellula,
1893 1083 1913 1100 ,

310 1137 421 1180 quae
467 1125 619 1167 ceteris
665 1123 868 1167 omnibus
917 1137 1053 1180 quum
1091 1110 1158 1165 nil
1206 1123 1292 1165 nisi
1334 1121 1573 1165 scortillum
1607 1121 1828 1165 videretur

307 1200 423 1243 haud
458 1200 684 1256 illepidum
716 1213 859 1256 neque
884 1201 1178 1254 invenustum,
1210 1197 1262 1240 ab
1294 1198 1389 1254 ipso
1427 1209 1572 1240 amore
1604 1195 1858 1254 colebatur

307 1275 608 1319 ardentissimo
641 1279 694 1331 et,
727 1276 842 1332 quod
877 1276 1054 1318 minime
1082 1273 1405 1331 negligendum,
1431 1273 1641 1316 fidissimo
1669 1255 1866 1333 firmis-,²¹
1845 1271 2034 1370 '‘aiff-

310 1352 517 1407 simoque.
547 1351 658 1394 Nam
691 1353 746 1395 sit
773 1355 897 1408 poeta
924 1352 1110 1394 eroticus
1138 1350 1350 1406 petulans,
1366 1350 1566 1402 lascivus,
1583 1353 1922 1415 protervusuuk
1848 1336 1925 1386 ol}-
1840 1349 1998 1429 Wksslbl
1984 1326 2033 1406 k

307 1431 401 1470 tum
449 1428 623 1470 demum
670 1431 818 1484 poetae
863 1428 1038 1470 nomine
1085 1427 1243 1482 dignus
1285 1429 1350 1468 est
1393 1426 1431 1468 si
1471 1427 1518 1468 in
1561 1438 1706 1468 amore
1737 1423 1821 1468 sibi

309 1507 485 1546 constat.
535 1502 620 1554 Qui
666 1505 781 1546 enim
828 1504 955 1546 modo
996 1503 1107 1545 hanc
1148 1506 1291 1544 cantat
1332 1502 1459 1544 modo
1491 1502 1623 1558 illam,
1652 1501 1818 1544 nullam

308 1593 408 1623 vere
454 1584 569 1623 amat
610 1581 686 1623 sed
726 1580 959 1623 identidem
993 1580 1045 1622 de
1077 1579 1278 1622 omnibus
1310 1579 1638 1622 exercitationes
1669 1577 1819 1621 scribit

308 1657 507 1712 poeticas,
539 1669 647 1712 quas
681 1656 871 1712 expolire
905 1655 1078 1711 quidem
1111 1658 1251 1711 potest
1279 1654 1414 1697 donec
1440 1655 1605 1697 niteant
1621 1653 1818 1710 splende-

309 1736 482 1788 antque,
529 1733 763 1787 quominus
806 1734 893 1775 sint
933 1732 1112 1788 frigidae
1154 1731 1381 1788 prohibere
1413 1745 1499 1774 non
1531 1735 1694 1788 potest:
1727 1744 1818 1774 non

307 1810 419 1851 enim
454 1809 646 1852 simulati
680 1809 744 1850 illi
775 1810 896 1865 ignes
929 1809 1113 1851 calorem
1145 1808 1319 1850 habent.
1349 1807 1504 1851 Confer
1537 1808 1642 1850 mihi
1670 1809 1817 1864 poetas

306 1884 414 1939 illos,
446 1898 632 1940 quorum
663 1898 846 1940 magnus
873 1888 937 1927 est
963 1897 1185 1939 numerus,
1215 1885 1289 1940 qui
1320 1884 1513 1927 verbosis
1540 1885 1818 1940 ventosisque

306 1961 530 2003 versiculis
578 1961 769 2003 universi
817 1960 1074 2003 feminarum
1116 1961 1287 2016 generis
1332 1960 1481 2003 laudes
1513 1960 1743 2015 celebrant,
1774 1962 1818 2003 et

306 2037 502 2079 divinum
549 2037 673 2079 illum
714 2037 980 2079 Francorum
1025 2040 1178 2091 vatem,
1223 2037 1298 2092 qui
1330 2040 1372 2079 et
1403 2037 1574 2079 iuvenis
1605 2040 1649 2080 et
1681 2049 1816 2080 senex

305 2113 602 2169 octogenarius
637 2126 766 2155 unam
799 2114 965 2168 cecinit,
990 2113 1108 2155 illam
1138 2126 1267 2168 quam
1296 2113 1422 2155 iustis
1450 2113 1614 2169 nuptiis
1631 2113 1815 2157 duxerat

305 2202 500 2244 uxorem,
545 2189 809 2232 carminibus
852 2202 962 2245 quae
995 2190 1097 2245 quia
1128 2190 1240 2231 vitae
1272 2189 1402 2244 plena
1434 2192 1538 2231 sunt
1569 2189 1813 2232 aeternitati

304 2268 405 2307 nata
447 2265 669 2308 videntur:
704 2266 766 2308 sic
798 2265 903 2321 quid
935 2267 1048 2308 inter
1078 2278 1224 2307 veram
1260 2266 1557 2320 sinceramque
1587 2265 1737 2321 poesin
1770 2267 1813 2307 et

304 2341 586 2384 adulterinam
623 2342 956 2398 simulatamque
986 2342 1157 2384 intersit
1189 2354 1406 2398 agnosces.
1441 2341 1496 2384 Et
1526 2341 1712 2396 Cynthia
1735 2341 1812 2384 illa

303 2416 513 2473 Propertii
560 2418 741 2473 vivebat,
783 2420 916 2461 immo
947 2420 1077 2461 vivit:
1109 2419 1354 2474 loquentem
1388 2431 1481 2461 eam
1513 2418 1812 2475 ridentemque

303 2494 516 2548 audimus,
562 2495 855 2538 lacrimantem
903 2495 1110 2538 videmus.
1154 2494 1268 2551 Ergo
1312 2494 1526 2550 quidquid
1569 2495 1621 2538 de
1661 2507 1711 2538 ea
1745 2494 1813 2538 vel

303 2569 356 2610 ad
398 2582 490 2611 eam
532 2570 725 2626 loquitur
755 2574 881 2627 poeta
913 2584 1070 2627 corpus
1101 2570 1228 2614 habet
1260 2583 1516 2626 nervosque.
1547 2570 1638 2612 Alii
1669 2570 1814 2613 dicant

301 2645 427 2700 idem,
486 2659 571 2688 non
625 2650 689 2689 est
737 2648 872 2701 idem,
924 2649 1000 2703 qui
1044 2647 1166 2690 locus
1214 2651 1279 2690 est
1327 2648 1571 2690 communis
1619 2647 1814 2690 omnium

301 2725 535 2776 poetarum,
567 2724 828 2779 simulatque
860 2724 1111 2780 Propertius
1144 2737 1243 2766 eum
1277 2724 1330 2766 ad
1363 2736 1409 2766 se
1437 2736 1628 2778 suosque
1644 2735 1812 2766 amores

301 2799 521 2852 convertit,
567 2798 683 2841 illius
726 2799 775 2841 fit
812 2801 1023 2855 proprius.
1064 2799 1237 2855 Lepide,
1278 2802 1327 2841 ut
1359 2799 1440 2841 hoc
1473 2802 1581 2854 utar,
1613 2798 1810 2841 Tibullus

300 2873 468 2933 aemulo
501 2873 605 2915 haec
636 2875 898 2930 imprecatur
929 2875 976 2930 (Ι,
1007 2876 1045 2931 9,
1078 2876 1134 2916 55
1167 2876 1267 2930 sq.):
