2034 3334
991 379 1075 418 203

247 511 333 540 non
373 500 650 550 oportuerit.”
693 500 912 550 Corrupta.
957 503 1041 541 Sub
1083 504 1346 552 spectare
1377 503 1485 542 latet
1516 501 1686 551 aliquod
1717 512 1807 541 ver-

247 577 350 616 bum
407 577 517 625 quod
573 566 814 615 fallendi
867 578 957 616 vim
1004 578 1172 617 habeat.
1221 579 1442 618 Eiusmodi
1490 578 1606 617 enim
1652 577 1807 626 verbis,

249 652 392 700 qualia
432 653 534 691 sunt
575 663 683 700 quae
725 653 794 692 hic
835 653 1047 703 leguntur,
1087 654 1183 694 illos
1215 654 1568 703 reprehendimus
1600 663 1625 692 a
1656 653 1810 701 quibus

248 728 477 777 deceptum
509 727 560 766 iri
594 738 672 766 nos
704 729 885 768 minime
917 730 1340 778 exspectaveramus.

308 804 390 843 81.-
424 804 576 853 „Nulla
612 804 776 843 mentio
808 803 858 843 fit
888 805 1037 844 uxoris
1069 805 1179 854 apud
1210 805 1535 855 Demiphonem.
1569 805 1663 844 Non
1694 804 1807 843 enim

248 879 448 919 convenit
490 881 744 928 argumento
785 881 833 919 ut
874 880 1072 920 habeat.”
1115 881 1199 921 Ain
1230 882 1363 920 vero?
1394 881 1543 920 Nonne
1574 881 1689 919 recte
1719 890 1810 928 pro—

248 956 417 995 cederet
471 955 627 1004 fabula,
676 955 714 994 si
762 955 806 994 in
852 956 965 995 vivis
1013 958 1129 996 esset
1173 956 1454 1005 Demiphonis
1498 956 1639 995 uxor?
1686 955 1811 1001 (Nam

247 1031 446 1070 habuit
477 1032 592 1070 certe
623 1041 818 1081 uxorem,
853 1043 876 1070 e
903 1043 987 1080 qua
1013 1032 1304 1081 Antiphonem
1331 1032 1598 1081 procreavit).
1627 1032 1809 1079 Lege...

247 1108 305 1146 ut
350 1107 700 1146 mentionem
747 1108 956 1146 habeat
1001 1118 1078 1156 pro
1125 1109 1184 1147 ut
1229 1108 1435 1148 habeat
1482 1110 1526 1147 et
1573 1118 1598 1147 a
1642 1106 1810 1146 Demi-

247 1184 424 1232 phone
455 1195 530 1232 pro
563 1185 703 1233 apud
729 1184 1146 1233 Demiphonem.

307 1335 361 1386 II,
406 1337 445 1375 2.
494 1336 570 1385 „In
610 1336 691 1375 hac
733 1346 863 1375 scena
895 1337 945 1375 de
977 1336 1179 1385 parasitis
1210 1335 1433 1375 vilioribus
1464 1334 1690 1374 Terentius
1721 1345 1811 1383 pro-

248 1412 369 1460 ponit
410 1412 646 1461 imaginem
678 1412 808 1461 vitae,
843 1413 892 1451 ut
923 1412 967 1450 in
998 1412 1203 1451 Eunucho
1236 1412 1287 1451 de
1318 1411 1596 1460 potioribus.’'
1631 1410 1811 1459 Quanto-

249 1487 342 1526 cius
390 1488 533 1527 locum
580 1488 692 1526 inter
740 1498 787 1526 se
833 1489 1005 1527 mutent
1053 1487 1359 1526 vilioribus
1406 1488 1449 1525 et
1478 1486 1811 1535 potioribus.

249 1563 360 1602 Nam
406 1563 622 1613 Phormio,
671 1565 720 1602 ut
767 1563 996 1613 parasitus,
1039 1562 1210 1602 fidelem
1251 1573 1298 1601 se
1338 1561 1513 1611 praebet
1554 1561 1718 1611 amicis,
1752 1561 1813 1600 nil

250 1649 351 1678 vero
383 1639 591 1678 abiectius
623 1649 754 1687 quam
788 1639 956 1678 Gnatho
989 1638 1060 1677 ille
1092 1639 1136 1676 in
1167 1638 1384 1677 Eunucho.

310 1714 468 1753 Statim
510 1715 726 1763 sequitur:
773 1716 841 1764 „et
878 1715 947 1753 his
978 1714 1051 1762 qui
1082 1724 1216 1762 nuper
1246 1714 1558 1762 processerunt,
1592 1712 1634 1750 id
1666 1713 1732 1751 est
1763 1712 1814 1751 de

251 1790 635 1829 assentatoribus.”
683 1790 862 1839 Egregie
910 1790 971 1828 de
1017 1789 1328 1828 vilioribus
1375 1789 1418 1827 et
1464 1788 1524 1826 de
1566 1788 1812 1827 assenta-

249 1866 473 1904 toribus
514 1866 626 1905 inter
667 1876 714 1905 se
755 1866 1002 1914 iunguntur.
1047 1865 1263 1904 Gnathoni
1305 1865 1420 1904 enim
1457 1864 1625 1903 nullum
1656 1874 1815 1903 nomen

251 1941 393 1990 aptius
436 1943 502 1981 est
539 1952 670 1990 quam
702 1942 807 1981 illud
839 1943 1191 1991 assentator,
1226 1941 1337 1989 quod
1369 1941 1518 1980 contra
1548 1940 1593 1978 in
1623 1939 1813 1978 Phormi-

250 2026 378 2055 onem
424 2017 605 2056 minime
653 2017 867 2056 convenit.
917 2017 998 2056 Sed
1040 2017 1140 2065 quid
1182 2017 1265 2055 isto
1308 2018 1361 2056 et
1401 2016 1489 2055 his
1521 2016 1612 2064 qui
1643 2025 1815 2063 nuper

250 2094 661 2142 processerunt
690 2093 849 2131 faciam
881 2103 967 2132 non
997 2092 1134 2131 video.

314 2170 379 2208 1·1.
422 2169 581 2208 Vereor
612 2179 666 2207 ne
698 2168 834 2207 istaec
864 2168 1069 2206 fortitudo
1101 2168 1145 2206 in
1177 2177 1359 2206 nervum
1391 2167 1589 2215 erumpat
1620 2166 1813 2214 denique.

310 2244 459 2283 Altera
489 2244 616 2283 lectio
648 2254 879 2282 nervum
907 2244 1130 2291 rumpat
1156 2242 1379 2281 exstitisse
1404 2241 1586 2280 videtur.
1614 2241 1675 2280 Ea
1701 2242 1815 2279 certe

250 2321 372 2368 parte
413 2319 565 2359 scholii
597 2320 649 2358 ad
681 2320 795 2358 hunc
825 2320 968 2358 locum
1001 2318 1263 2357 illustratur:
1301 2317 1600 2367 „proverbium
1632 2327 1657 2355 a
1687 2316 1814 2365 sagit-

254 2395 377 2434 tariis
419 2397 572 2434 natum
615 2396 704 2433 est:
747 2395 858 2443 quod
901 2394 1212 2433 immoderatae
1254 2393 1505 2441 plerumque
1544 2392 1658 2430 vires
1689 2391 1815 2430 addu-

253 2471 384 2510 cendo
417 2481 518 2509 arcu
545 2481 630 2509 non
656 2471 794 2509 telum
822 2470 1003 2509 incitent
1029 2469 1104 2508 sed
1126 2479 1309 2508 nervum
1327 2469 1573 2517 rumpant.”
1593 2467 1814 2515 Sequitur:

256 2558 338 2596 „an
384 2557 439 2585 ex
487 2556 534 2591 eo
577 2547 688 2594 quod
720 2557 848 2595 saepe
879 2546 1033 2585 fortius
1065 2545 1270 2584 ferientes
1301 2554 1484 2583 nervum
1515 2544 1597 2582 sibi
1628 2543 1816 2591 aliquem

251 2623 473 2661 laedant?”
523 2622 637 2671 Quae
684 2622 904 2661 annotatio
946 2622 1009 2660 sic
1049 2621 1278 2660 lectionem
1320 2630 1551 2658 nervum
1596 2619 1817 2667 rumpat

251 2698 462 2736 illustrat:
515 2698 669 2736 fortius
714 2697 918 2736 ferientes
963 2697 1184 2742 (absolute)
1228 2696 1339 2735 sibi
1380 2695 1556 2734 laedunt
1586 2704 1817 2733 nervum

253 2774 440 2821 aliquem
475 2773 650 2819 (brachii
680 2776 785 2821 puta
815 2775 1054 2818 manusve).

319 2851 385 2888 13.
510 2836 721 2902 Quot-me
754 2858 904 2886 censes
938 2847 1136 2886 homines
1168 2847 1256 2886 iam
1289 2846 1591 2886 deverberasse
1623 2855 1758 2893 usque

1533 2921 1601 2967 [ad
1631 2921 1814 2958 necem?
