2034 3334
959 235 1015 278 39

195 358 492 415 deprehendat.
540 358 655 415 Ergo
702 362 754 400 ut
799 361 999 414 appareat
1047 370 1176 412 quam
1223 356 1383 397 fuerint
1424 356 1597 397 omnino
1638 354 1783 398 Ovidii

194 429 412 485 aequales,
456 432 530 485 qui
570 430 744 485 quidem
786 431 829 471 in
870 429 1006 471 literis
1038 442 1121 470 non
1153 430 1289 469 essent
1322 427 1536 482 hospiteS,
1569 427 1614 467 in
1652 425 1786 482 quali-

192 515 359 556 cunque
405 499 586 557 legendo
633 501 819 543 carmine
867 499 918 541 ad
964 497 1243 555 cogitandum
1292 497 1341 539 de
1383 496 1524 552 aliqua
1566 496 1784 553 tragoedia

194 573 415 627 propensi,
458 570 578 613 lubet
618 571 686 612 hic
728 585 750 612 e
782 570 1001 625 Propertio
1034 568 1178 611 afferre
1212 567 1481 623 exemplum,
1521 567 1632 622 quod
1662 565 1782 608 illam

193 656 283 684 rem
314 641 575 684 luculentius
608 641 752 684 doceat
785 655 913 696 quam
946 639 1064 682 ullus
1095 640 1230 694 ipsius
1266 637 1406 679 Ovidii
1437 637 1577 687 locus,
1605 637 1785 692 ideoque

194 726 218 755 a
260 714 474 768 proposito
515 716 658 754 nostro
699 713 879 753 minime
921 712 977 752 sit
1021 709 1222 752 alienum.
1267 708 1323 750 Et
1354 722 1566 763 nusquam
1596 707 1707 749 illud
1739 709 1784 749 in

192 783 369 826 huiusce
411 784 582 840 generis
624 782 986 838 disputationibus
1027 779 1208 823 allatum
1252 779 1356 821 vidi.
1400 779 1649 834 Propertius
1682 792 1783 834 ergo

193 858 419 910 postquam
451 853 544 905 (III,
581 853 654 906 15)
692 852 919 909 praeclaris
950 852 1143 894 versibus
1174 851 1403 905 Antiopam
1436 851 1665 892 miseratus
1697 854 1783 900 est,

194 939 324 981 quae,
368 938 452 967 non
494 924 820 980 agnoscentibus
862 936 956 965 eam
999 921 1122 972 filiis,
1165 920 1393 963 crudeliter
1434 934 1458 962 a
1499 919 1666 962 stabulo
1699 934 1783 975 quo

197 995 442 1052 perfugerat
475 994 719 1050 repellatur,
752 994 892 1036 subito
923 993 1062 1035 laetus
1093 991 1304 1035 exclamat
1337 996 1417 1044 (vs.
1452 990 1507 1033 36
1526 996 1629 1047 sq.):

496 1065 635 1122 Digne
667 1065 781 1107 Iovis
812 1069 933 1106 natos
966 1065 1040 1119 qui
1071 1067 1217 1105 tueare
1250 1076 1375 1104 senex

434 1135 499 1177 'Pu
530 1135 670 1178 reddis
702 1137 846 1191 pueris
878 1139 1061 1177 matrem
1093 1148 1127 1176 e.
1148 1148 1185 1189 q.
1205 1148 1237 1176 s.

194 1206 277 1259 Qui
306 1220 417 1248 nunc
449 1206 723 1261 Propertium
749 1205 858 1262 legit
885 1219 969 1247 non
997 1208 1135 1261 potest
1161 1218 1242 1246 non
1269 1202 1604 1245 admirabundus
1634 1216 1784 1258 rogare

191 1276 304 1318 unde
346 1281 435 1319 tam
483 1277 624 1318 subito
671 1290 797 1318 senex
843 1275 917 1318 ille
963 1275 1089 1331 pedes
1130 1273 1340 1316 intulerit.
1384 1274 1442 1315 At
1483 1287 1565 1315 non
1606 1274 1784 1314 miratos

192 1349 340 1402 opinor
381 1347 594 1402 Propertii
636 1346 865 1402 Ovidiique
907 1345 1115 1401 aequales.
1158 1344 1328 1386 Horum
1370 1345 1484 1386 enim
1515 1357 1641 1385 nemo
1673 1343 1781 1394 fuit,

192 1419 266 1473 qui
299 1430 441 1459 senem
474 1416 603 1459 illum
636 1431 717 1459 non
751 1418 913 1472 optime
943 1420 1095 1458 notum
1121 1415 1307 1457 haberet.
1342 1413 1424 1456 Sed
1450 1417 1654 1456 noverant
1683 1427 1782 1456 eum

195 1501 339 1531 omnes
382 1501 434 1530 ex
474 1487 615 1542 aliqua
657 1487 887 1543 tragoedia.
932 1486 1045 1528 Suus
1078 1488 1192 1528 enim
1224 1487 1269 1526 in
1302 1484 1532 1540 tragoediis
1564 1483 1685 1526 locus
1718 1488 1783 1526 est

193 1558 363 1600 senibus
405 1557 517 1608 illis,
562 1559 658 1613 qui,
703 1559 739 1599 si
781 1572 863 1600 non
904 1558 1050 1599 nutrix
1094 1556 1234 1612 aliqua
1275 1570 1322 1598 eo
1362 1555 1560 1611 fungitur
1593 1569 1782 1605 munere,

193 1642 309 1678 sero,
351 1641 451 1670 cum
491 1629 579 1670 iam
620 1632 757 1670 mater
796 1629 842 1669 in
882 1642 930 1670 eo
972 1632 1036 1669 est
1077 1631 1126 1668 ut
1169 1627 1307 1668 securi
1337 1625 1476 1667 filium
1510 1625 1679 1676 caedat,
1713 1624 1783 1667 vel

191 1698 307 1740 filius
349 1703 399 1740 ut
441 1703 622 1740 matrem
665 1698 792 1741 ducat
833 1712 1033 1749 uxorem,
1067 1696 1232 1753 prolato
1265 1696 1407 1752 aliquo
1440 1698 1563 1752 signo
1595 1696 1784 1738 efficiunt

190 1773 241 1812 ut
272 1772 467 1825 parentes
499 1768 706 1825 liberique
737 1771 849 1811 inter
880 1783 923 1811 se
956 1772 1198 1825 agnoscant.

253 1839 415 1882 Deinde
462 1841 717 1882 immensam
762 1839 942 1882 Ovidius
984 1843 1059 1882 aut
1100 1838 1285 1895 perlegit
1326 1842 1400 1880 aut
1443 1841 1555 1880 certe
1595 1838 1783 1892 inspexit

192 1909 453 1967 epylliorum
502 1915 542 1952 et
586 1911 725 1953 αἰτίων
768 1910 1157 1953 Alexandrinorum
1200 1911 1378 1965 copiam.
1435 1909 1593 1951 Utrum
1635 1911 1781 1950 autem

194 1981 360 2022 diversa
400 1981 512 2021 inter
553 1994 596 2022 se
638 1981 798 2023 fuerint
841 1980 1020 2022 ἐπύλλια
1054 1984 1096 2022 et
1128 1981 1245 2021 αἴτια
1277 1993 1353 2028 an,
1387 1979 1431 2020 id
1463 1979 1574 2034 quod
1607 1978 1657 2020 de
1691 1977 1780 2021 Gal-

194 2049 379 2092 limacho
419 2050 612 2105 perhibet
652 2049 903 2107 Diltheyus,
949 2049 1063 2092 αἴτιοι
1111 2064 1265 2092 nomen
1312 2050 1442 2091 fuerit
1488 2051 1635 2105 magni
1681 2048 1782 2090 libri

195 2119 336 2162 multa
365 2119 577 2174 complexi
609 2120 790 2161 ἐπύλλια
824 2133 976 2176 parum
1009 2120 1078 2161 hic
1111 2120 1250 2162 refert.

253 2190 478 2231 Praeterea
509 2189 742 2244 Virgilium
773 2190 877 2231 bene
910 2191 1133 2245 cognitum
1160 2190 1363 2239 habebat,
1392 2193 1434 2231 et
1461 2190 1633 2230 omnino
1663 2193 1784 2244 quot-

193 2264 297 2316 quot
329 2260 486 2302 Romae
518 2259 724 2302 florebant
755 2265 902 2316 poetae
935 2274 1005 2302 eos
1037 2274 1180 2302 omnes
1213 2259 1434 2301 audiverat
1459 2260 1685 2301 recitantes
1712 2258 1782 2302 vel

190 2330 367 2387 legerat.
413 2330 636 2386 „Quotque
682 2330 855 2372 aderant
896 2334 1014 2372 vates
1056 2331 1175 2372 rebar
1216 2329 1359 2372 adesse
1401 2329 1524 2371 deos'’
1567 2331 1658 2384 ipse
1700 2330 1779 2381 ait;

193 2402 321 2443 bonos
352 2402 418 2442 sui
452 2402 654 2456 temporis
686 2405 830 2456 poetas
862 2402 930 2456 pie
963 2400 1146 2451 colebat,
1178 2399 1488 2456 pulcherrimos
1517 2413 1664 2442 eorum
1693 2414 1783 2442 ver-

191 2485 263 2514 sus
296 2471 465 2513 tenebat
496 2472 722 2520 memoria,
756 2475 798 2512 et
826 2472 985 2512 inscius
1010 2472 1258 2525 invitusque
1284 2483 1406 2525 saepe
1433 2484 1501 2512 eos
1527 2470 1781 2512 imitabatur

191 2542 259 2594 (cf.
293 2555 400 2596 quae
433 2542 581 2595 scripsi
612 2542 656 2582 in
687 2540 796 2582 libro
829 2540 879 2582 de
912 2539 1090 2582 Horatio
1122 2544 1246 2596 poeta
1277 2555 1318 2596 p.
1355 2539 1439 2582 193
1458 2545 1551 2596 sq.).

254 2611 335 2653 Sed
378 2612 626 2666 praesertim
671 2611 929 2661 doctrinam,
974 2624 1056 2666 qua
1099 2625 1203 2666 opus
1235 2614 1346 2660 erat,
1379 2611 1460 2652 sibi
1491 2611 1670 2653 Ovidius
1700 2612 1780 2655 col-

189 2681 299 2737 legit
344 2695 394 2723 ex
443 2683 561 2722 omni
608 2680 939 2722 enchiridiorum
988 2695 1154 2736 genere.
1203 2680 1402 2737 Syllogas
1448 2683 1777 2737 geographicas,

191 2752 515 2801 astronomicas,
558 2749 873 2807 mythologicas
917 2752 955 2792 ei
998 2752 1197 2792 scribenti
1239 2765 1406 2806 semper
1448 2766 1545 2807 prae
1578 2753 1776 2795 manibus

193 2821 320 2863 fuisse
362 2835 436 2877 pro
479 2824 593 2863 certo
636 2825 811 2862 constat.
856 2821 995 2876 Atque
1036 2835 1085 2862 ex
1117 2820 1205 2862 illis
1237 2835 1316 2863 non
1351 2821 1490 2863 solum
1524 2827 1778 2878 argumenta

193 2905 368 2933 suarum
399 2893 691 2933 narrationum
722 2891 890 2940 hausit,
924 2890 995 2932 sed
1029 2892 1181 2940 etiam,
1216 2891 1260 2932 id
1291 2891 1403 2947 quod
1434 2892 1503 2933 hic
1531 2891 1620 2935 illic
1647 2895 1777 2935 etiam

191 2962 347 3003 nostris
389 2975 555 3003 cernere
595 2975 822 3016 possumus
864 2959 1020 3010 oculis,
1063 2961 1345 3010 narrationes,
1390 2966 1440 3002 ut
1481 2966 1600 3003 erant
1630 2964 1675 3003 in
1708 2976 1777 3004 en-
