2034 3334
969 367 1050 406 155

289 494 356 534 11.
389 493 603 532 Censen
629 502 794 541 posse
820 502 901 531 me
928 492 1267 531 obfirmare?
1295 493 1367 537 (se.
1396 492 1445 530 ut
1470 490 1559 530 ruri
1585 498 1789 527 maneam

225 569 269 608 in
309 568 412 608 urbe
443 568 594 607 relicta
624 567 797 613 Thaide)
829 567 1040 606 Phaedria
1070 577 1246 605 servum
1278 567 1412 615 rogat.
1446 565 1720 604 Annotantur
1747 564 1791 602 et

225 645 310 684 alia
350 646 394 684 et
433 645 562 683 haec:
610 644 728 692 „ideo
770 643 882 682 hune
918 644 1074 692 putant
1105 653 1190 682 non
1222 652 1396 681 censere
1427 641 1528 690 quia
1557 640 1652 689 ipsa
1682 639 1787 678 desi-

225 721 345 760 derat
374 719 508 759 fieri.”
544 719 681 758 Sensu
713 729 849 758 cassa.
883 719 1035 758 Melius
1061 719 1172 767 quod
1199 718 1266 757 est
1292 718 1336 757 in
1363 718 1440 756 Ms.
1468 716 1636 756 Hulst.:
1669 715 1789 765 „ideo

224 797 338 836 hune
377 796 501 845 putat
537 806 623 834 non
655 805 828 834 censere
860 795 960 843 quia
991 794 1082 843 ipse
1114 794 1328 833 desiderat
1358 792 1493 842 fieri,’'
1527 792 1638 840 quod
1669 790 1787 830 Wes-

223 872 446 912 terhovius
477 871 640 920 probat.
668 870 876 919 Equidem
903 871 923 909 f
931 870 1038 909 ieri
1064 870 1215 910 abesse
1241 869 1416 909 malim:
1449 869 1586 918 „quod
1613 877 1789 907 servum

227 948 318 986 vult
363 949 407 987 et
453 947 668 986 desiderat
713 957 799 985 non
845 956 1030 996 censere,
1074 946 1115 985 id
1158 956 1257 985 eum
1299 956 1384 985 non
1417 955 1591 984 censere
1621 943 1787 992 putat.”

225 1023 507 1062 Sabbadinius
538 1032 613 1071 pro
643 1023 807 1071 putat
839 1022 971 1061 edidit
1001 1023 1156 1071 puta,
1190 1022 1301 1070 quod
1333 1031 1419 1060 non
1450 1020 1654 1069 intelligo.

287 1099 353 1138 14.
401 1099 537 1148 „Nam
580 1098 854 1147 ingratiis
892 1109 977 1137 non
1008 1099 1160 1137 ultro
1192 1096 1428 1146 signifieat:
1463 1096 1563 1145 quia
1593 1095 1790 1135 ultronea
1829 1126 1832 1129 .

223 1174 393 1223 ingrata
419 1174 543 1212 sunt:
572 1174 800 1222 ingrata
826 1183 934 1221 quae
962 1173 1013 1212 ab
1042 1173 1229 1212 inimicis
1255 1172 1363 1212 fiunt
1381 1183 1429 1212 ao
1446 1171 1788 1211 recusantibus.”

224 1250 336 1298 Lege
368 1260 473 1288 non
499 1249 652 1288 ultro
685 1249 879 1297 (utraque
905 1259 1010 1288 voce
1031 1249 1169 1288 literis
1186 1249 1437 1298 diremptis),
1457 1249 1501 1287 et
1525 1247 1790 1286 ultronea

224 1327 378 1375 grata
399 1328 488 1374 (pro
504 1325 684 1364 ultron
696 1335 752 1364 ea
774 1324 1012 1375 ingrata),
1033 1325 1143 1373 quod
1161 1326 1204 1364 et
1222 1325 1503 1364 Sabbadinius
1520 1324 1606 1363 dat,
1620 1322 1788 1363 Coniec-

224 1403 323 1441 tura
343 1401 637 1440 Westerhovii
663 1400 871 1439 invitis
897 1410 972 1449 pro
999 1401 1256 1440 inimicis
1282 1401 1465 1440 fortasse
1482 1411 1589 1450 opus
1605 1410 1690 1438 non
1709 1400 1788 1438 est.

284 1554 337 1604 II,
383 1554 421 1603 2,
470 1554 505 1592 1.
548 1552 610 1591 Di
657 1552 1039 1598 immortales]
1092 1552 1374 1601 „admirantis
1421 1550 1681 1591 exclamatio
1723 1551 1790 1589 est

226 1639 324 1668 cum
370 1629 549 1678 parasiti
595 1628 964 1678 gesticulatione.”
1007 1629 1133 1667 Haud
1174 1629 1325 1667 multis
1367 1627 1509 1667 verbis
1556 1637 1662 1676 opus
1694 1637 1790 1666 esse

226 1704 395 1743 videtur
427 1705 479 1743 ad
511 1704 900 1743 commendandam
931 1704 1183 1743 lectionem:
1221 1704 1502 1754 „admirantis
1530 1702 1789 1743 exclamatio

227 1782 296 1819 est
323 1781 503 1830 parasiti
535 1791 634 1819 eum
665 1781 1036 1829 gesticulatione.’'

289 1858 354 1896 19.
388 1857 487 1896 His
518 1857 670 1896 ultro
702 1857 949 1903 arrideo]
993 1868 1104 1906 „non
1131 1858 1243 1897 sieut
1269 1858 1313 1897 in
1340 1857 1542 1907 parasitis
1557 1855 1788 1905 fierisolet,

225 1934 275 1972 ut
315 1933 384 1971 his
428 1933 665 1971 arrideatur
697 1943 722 1971 a
752 1933 935 1983 regibus,
971 1944 1103 1981 quum
1135 1933 1278 1982 potius
1309 1933 1392 1982 ipsi
1423 1933 1549 1972 dietis
1580 1932 1790 1979 factisque

225 2009 393 2048 rideant
435 2007 599 2058 alienis,
639 2007 709 2047 hio
741 2019 836 2047 esse
868 2009 1206 2059 intelligendum,
1242 2009 1375 2048 etiam
1406 2019 1475 2047 res
1507 2008 1601 2057 ipsa
1631 2006 1792 2045 indicat

227 2095 283 2123 ex
329 2084 554 2122 contrario.
603 2084 715 2122 Nam
757 2084 867 2132 quod
909 2083 971 2122 ait
1002 2094 1131 2133 supra
1162 2084 1250 2122 his
1283 2094 1379 2132 ego
1411 2094 1516 2122 non
1546 2070 1678 2132 paro
1710 2092 1791 2120 me

226 2161 285 2199 ut
330 2159 557 2198 rideant
603 2159 684 2197 hoe
730 2169 752 2197 e
800 2159 1012 2198 contrario
1055 2159 1256 2209 ostendit,
1300 2159 1411 2207 quod
1452 2158 1704 2198 subiiciatur
1736 2167 1791 2196 ex

226 2235 395 2274 dictis.”
436 2233 659 2272 Sententia
686 2233 791 2272 haee
817 2234 1069 2282 requiritur:
1103 2234 1384 2284 „arridere
1411 2245 1497 2274 non
1525 2235 1592 2273 est
1618 2233 1730 2281 quod
1747 2232 1791 2271 in

225 2310 428 2360 parasitis
459 2309 552 2348 fieri
584 2309 705 2358 solet,
739 2310 788 2348 ut
815 2319 899 2348 non
925 2310 1007 2358 ipsi
1035 2310 1218 2349 aliorum
1245 2311 1360 2349 diota
1385 2311 1583 2358 factaque
1609 2308 1788 2357 rideant,

227 2386 301 2425 sed
348 2385 416 2423 his
463 2385 701 2423 arrideatur
743 2395 769 2423 a
809 2385 1003 2433 regibus3
1046 2386 1126 2424 hoc
1158 2386 1247 2424 iam
1279 2386 1456 2434 apparet
1487 2396 1542 2424 ex
1574 2385 1666 2434 ipso
1698 2394 1790 2423 sen-

226 2461 462 2500 tentiarum
504 2471 631 2510 nexu,
666 2460 777 2508 quod
809 2461 926 2499 enim
956 2461 1075 2509 prius
1107 2461 1240 2499 dixit:
1273 2461 1361 2499 his
1393 2471 1490 2510 ego
1522 2471 1628 2501 non
1658 2470 1791 2509 paro

226 2546 307 2574 me
347 2536 407 2574 ut
447 2535 686 2585 rideant,
731 2536 811 2574 hoe
853 2546 875 2574 e
914 2536 1126 2575 contrario
1159 2535 1348 2575 ostendit
1380 2536 1420 2581 (i.
1454 2547 1489 2575 e.
1524 2535 1791 2585 oppositione

227 2611 473 2656 illustrat).”
516 2610 683 2649 Ultima
724 2606 888 2649 scholii*
916 2611 1058 2660 verba,
1093 2621 1202 2659 quae
1234 2611 1386 2650 statim
1417 2613 1515 2660 post
1545 2611 1661 2650 istud
1692 2611 1792 2650 hoc

228 2697 251 2726 e
283 2687 573 2726 contrario
616 2686 872 2726 ostendit
913 2687 1126 2737 leguntur,
1159 2688 1266 2727 haec
1297 2689 1420 2726 sunt:
1454 2688 1594 2736 quod
1625 2687 1790 2727 subii-

228 2763 413 2801 ciatur
455 2772 519 2800 ex
561 2762 758 2810 dietis3
802 2762 1138 2812 corruptissima,
1172 2763 1247 2802 sed
1278 2763 1460 2812 palmari
1491 2763 1791 2802 emendatione

228 2837 401 2876 sanavit
443 2837 737 2891 Sabbadinius
776 2837 878 2885 Legi
911 2837 1027 2876 enim
1059 2838 1208 2877 iussit:
1246 2839 1383 2888 „quod
1415 2838 1666 2877 subiiciatur
1697 2838 1791 2876 sed

229 2913 359 2951 his.”
394 2912 594 2960 Sequitur
626 2912 741 2951 enim
769 2913 880 2961 apud
906 2915 1101 2961 poetam:
1131 2914 1232 2953 Sed
1259 2914 1347 2953 his
1372 2914 1524 2953 ultro
1552 2913 1789 2953 arrideo.
