2034 3334
1015 250 1074 294 42

247 374 415 419 orditur
461 374 511 417 de
557 373 766 432 Syringe,
816 372 888 417 sed
934 375 1023 416 iam
1066 387 1216 417 somno
1259 388 1486 431 oppressus
1529 376 1639 418 iacet
1683 374 1845 433 Argus.

245 445 339 489 Non
388 449 530 488 tamen
577 445 685 487 hanc
730 443 983 487 facultatem
1027 446 1282 488 narrationis
1322 445 1570 489 inserendae
1609 446 1844 490 narrationi

245 517 410 559 amittit
452 520 597 572 poeta,
642 514 714 558 sed
755 516 847 571 ipse
890 516 978 557 suis
1020 515 1188 566 verbis,
1230 515 1359 572 idque
1401 517 1593 559 oratione
1634 516 1843 560 indirecta

244 586 535 639 (700—711),
569 599 617 629 ea
647 586 800 636 refert,
834 599 942 642 quae
975 587 1064 628 iam
1096 600 1179 629 non
1211 590 1351 643 potest
1384 589 1501 644 Argo
1535 600 1705 631 narrare
1731 587 1847 631 Mer·

243 659 400 700 curius.
433 656 766 712 Lepidissimum
798 656 988 712 profecto
1018 658 1273 708 inventum,
1300 657 1498 714 quodque
1528 658 1844 701 venustissimis

244 733 418 771 exornat
450 727 643 770 versibus
670 727 874 778 OvidiuS,
903 727 976 770 sed
1002 727 1102 778 ubi,
1130 741 1309 784 quaeso,
1338 731 1451 770 recte
1477 727 1671 771 adhiberi
1698 728 1844 785 potuit

244 798 355 841 illud
385 799 470 840 nisi
498 799 543 840 in
575 799 668 854 ipso
701 797 751 840 de
783 798 982 840 omnibus
1012 799 1058 840 in
1089 811 1222 840 novas
1254 797 1414 841 formas
1446 800 1627 842 mutatis
1658 799 1844 855 corpori·

244 870 325 912 bus
357 867 568 912 carmine?

306 940 515 983 Homines
546 941 659 982 inter
689 953 733 982 se
764 940 1131 996 metamorphoses
1161 943 1382 983 narrantes
1408 938 1576 983 inducit
1599 943 1643 983 et
1668 938 1775 984 alibi
1799 941 1845 984 et

245 1010 341 1054 VIII
384 1009 640 1061 547—875,
683 1010 759 1053 ubi
800 1012 965 1053 strenui
1006 1009 1074 1053 illi
1115 1014 1360 1063 venatores,
1405 1009 1624 1068 Calydone
1662 1009 1842 1054 domum

244 1082 493 1133 redeuntes,
537 1082 666 1124 otiosi
706 1081 821 1137 apud
851 1080 1091 1124 Acheloum
1124 1081 1328 1124 desident.
1362 1081 1466 1134 Quis
1499 1083 1713 1139 tragicus,
1745 1082 1842 1138 quis

246 1153 385 1194 αἰτίων
434 1151 752 1209 epylliorumve
794 1156 946 1209 poeta,
1000 1153 1096 1208 quis
1137 1151 1474 1196 enchiridiorum
1515 1153 1698 1209 scriptor
1738 1152 1843 1196 haec

244 1225 304 1266 sic
333 1225 475 1280 potuit
506 1225 685 1280 iungere
717 1227 845 1279 atque
877 1220 1128 1279 disponere?

307 1293 397 1345 VII,
416 1293 657 1336 350—400
684 1293 862 1336 Medeae
880 1293 1031 1350 fugam
1049 1293 1288 1337 describens
1305 1308 1388 1336 non
1405 1293 1548 1336 solum
1565 1307 1713 1338 omnes
1728 1292 1843 1338 locos

243 1363 407 1407 volanti
439 1365 706 1407 subiacentes
738 1366 955 1415 nominat,
990 1363 1062 1406 sed
1093 1365 1247 1421 arripit
1272 1364 1381 1407 hanc
1408 1363 1660 1407 facultatem
1686 1363 1843 1422 longae

242 1435 488 1478 inserendae
514 1435 914 1491 metamorphoseon
942 1436 1089 1486 seriei,
1107 1449 1215 1491 quae
1231 1449 1398 1492 quoque
1414 1434 1588 1478 illorum
1604 1435 1838 1479 evenerint.

306 1505 416 1558 Quid
444 1505 554 1562 quod
582 1505 717 1548 semel
744 1505 831 1557 (IV,
851 1504 1048 1556 43—52)
1075 1505 1274 1547 reticendo
1301 1505 1415 1548 haud
1442 1519 1599 1562 paucas
1620 1509 1844 1549 enumerat

244 1576 619 1631 metamorphoses.
652 1575 897 1632 Minyeides
924 1575 986 1617 ibi
1015 1576 1163 1626 „vario
1190 1575 1412 1618 sermone''
1440 1575 1584 1619 levare
1610 1575 1844 1619 decernunt

245 1660 482 1698 „manuum
510 1646 661 1701 opus’',
690 1645 761 1688 sed
788 1659 896 1702 quae
924 1645 1124 1688 narrandi
1150 1646 1315 1688 factura
1341 1650 1406 1688 est
1432 1647 1609 1689 initium
1634 1648 1840 1704 primum,

243 1731 372 1773 quam
415 1730 467 1759 ex
508 1716 662 1758 multis
702 1715 815 1767 illis,
850 1730 955 1772 quas
988 1717 1195 1758 memoria
1226 1720 1365 1767 tenet,
1397 1718 1674 1772 potissimum
1705 1716 1841 1774 eligat

242 1787 393 1834 dubia,
438 1787 651 1829 sororibus
694 1786 767 1828 dat
809 1788 1026 1842 optionem
1073 1819 1082 1829 .
1102 1819 1111 1829 .
1132 1818 1141 1829 .
1185 1791 1228 1829 et
1271 1789 1418 1843 paucis
1458 1787 1600 1830 verbis
1641 1789 1838 1831 omnium

240 1861 547 1914 argumentum
575 1859 787 1913 proponit.
817 1856 1105 1900 Utilissimam
1133 1858 1322 1914 profecto
1341 1858 1443 1901 haec
1459 1859 1650 1916 Minyeia
1666 1872 1839 1916 operam

240 1929 411 1984 praebet
458 1928 863 1984 Metamorphoseon
908 1931 1082 1983 poetae,
1142 1928 1215 1971 sed
1267 1928 1342 1971 alii
1391 1933 1540 1985 poetae
1587 1930 1840 1986 scriptorive

240 1997 374 2048 nihil,
407 2003 456 2041 ut
486 2000 648 2054 opinor,
682 2003 772 2041 erat
803 1998 1042 2054 profutura.

301 2068 413 2121 Quid
445 2069 590 2111 fecerit
622 2073 672 2110 ut
698 2067 886 2116 fabulas.
915 2083 1020 2125 quas
1048 2069 1228 2112 diversis
1255 2069 1359 2113 locis
1384 2071 1571 2113 iacentes
1595 2071 1838 2122 invenerat,

240 2141 353 2182 inter
395 2154 438 2182 se
479 2142 679 2197 iungeret
721 2144 764 2182 et
805 2139 906 2182 alibi
948 2140 1092 2196 prodit
1133 2145 1176 2184 et
1218 2141 1291 2193 XI,
1327 2141 1429 2184 413.
1462 2140 1581 2198 Ceyx
1614 2139 1838 2185 oraculum

241 2209 512 2252 consulturus
546 2209 738 2254 Clarium
772 2224 925 2253 navem
960 2212 1227 2254 conscendit:

1052 2281 1165 2324 Nam
1198 2282 1360 2338 templa
1391 2282 1592 2338 profanus

481 2350 603 2393 Invia
635 2365 734 2393 cum
766 2351 975 2409 Phlegyis
1006 2352 1187 2396 faciebat
1221 2352 1428 2410 Delphica
1458 2353 1662 2396 Phorbas.

240 2420 428 2476 Utraque
468 2423 583 2463 enim
615 2436 659 2464 re
690 2436 796 2478 opus
829 2428 894 2464 est
926 2427 1098 2478 poetae,
1132 2423 1176 2466 et
1206 2426 1503 2481 navigatione,
1536 2425 1582 2465 in
1613 2437 1697 2479 qua
1727 2424 1836 2481 peri-

240 2496 361 2532 turus
404 2492 460 2533 sit
504 2490 645 2548 Ceyx,
689 2493 732 2534 et
776 2492 945 2535 oraculo
988 2493 1041 2536 ab
1083 2508 1132 2536 eo
1174 2494 1381 2537 consulto.
1427 2494 1539 2536 Nam
1571 2493 1753 2537 adduxit
1781 2493 1836 2537 ad

239 2559 423 2616 Ceycem
472 2561 619 2612 Pelea,
668 2564 738 2604 cui
787 2563 901 2618 apud
949 2566 1369 2619 praestantissimum
1417 2563 1545 2606 illum
1592 2564 1837 2607 deversanti

241 2631 453 2686 hospitem
495 2646 618 2674 saeva
660 2633 869 2675 miracula
908 2641 1166 2686 evenerunt,
1211 2649 1318 2691 quae
1350 2636 1624 2678 vehementer
1655 2639 1698 2677 et
1729 2634 1837 2678 alios

242 2704 554 2743 commoverint
597 2708 638 2744 et
670 2705 813 2758 ipsum
846 2703 1044 2760 Ceycem.
1077 2705 1300 2762 Nusquam
1334 2705 1514 2748 Ovidius
1546 2703 1697 2761 Ceycis
1727 2719 1837 2748 mor-

243 2776 327 2812 tem
374 2773 562 2814 iunctam
607 2775 829 2817 invenerat
870 2789 969 2817 cum
1012 2775 1130 2818 Pelei
1171 2775 1391 2818 miraculis
1429 2775 1540 2818 illis:
1575 2780 1622 2817 ut
1656 2777 1835 2832 iungere

242 2846 381 2897 posset
424 2851 690 2885 commentus
728 2849 791 2886 est
822 2847 914 2887 eius
947 2847 1003 2886 ad
1033 2848 1237 2888 oraculum
1267 2847 1613 2903 navigationem,
1647 2859 1754 2900 quae
1785 2849 1836 2888 ut

241 2925 369 2967 quam
405 2915 591 2955 maxime
619 2913 736 2956 fieret
763 2915 1035 2965 verisimilis,
1065 2930 1090 2958 a
1117 2916 1358 2959 Phorbante
1384 2915 1592 2972 praedone
1618 2914 1833 2958 auxilium

241 2984 377 3037 petiit.

2022 2621 2034 2641 -οε
2023 2538 2027 2545 ·
2020 2475 2034 2515 dn:
2022 2448 2034 2462 ψ
2022 2421 2034 2433 ,’
2021 2308 2034 2412 „mansu
2021 2245 2034 2291 xx:
2022 2027 2034 2235 ³·,..>mo.w.m.ffl
