2034 3334
941 373 995 412 97

189 502 320 542 fuerit
350 501 495 541 animo
526 501 615 540 iam
646 501 735 540 iam
765 500 926 553 placari
957 510 1004 539 se
1034 500 1125 549 pati
1150 500 1220 539 vel
1246 501 1299 539 ad
1325 511 1492 539 morem
1519 499 1754 550 gerendum

191 561 364 627 adduci;
407 587 545 625 neque
586 577 732 615 minus
774 577 889 615 recte
932 576 983 615 ab
1016 586 1065 615 eo
1098 576 1354 615 adhibentur
1384 577 1457 624 qui
1488 577 1633 627 petere
1665 576 1754 615 iam

190 654 359 707 desinit,
395 654 487 693 sive
520 653 631 701 quod
662 663 747 692 non
778 653 1112 701 impetraturum
1143 662 1190 691 se
1213 652 1343 702 videt,
1372 652 1465 691 sive
1490 662 1572 700 quo
1598 652 1756 690 melius

190 731 422 779 impetrare
456 730 606 780 possit.
641 729 710 768 Sic
741 729 872 768 Thais
902 729 1133 777 postquam
1163 728 1273 767 vidit
1304 730 1488 777 quantas
1519 728 1755 767 Phaedriae

190 806 278 846 iras
318 806 504 845 moverit
544 805 727 855 petendo
758 805 807 843 ut
836 815 911 853 per
941 805 1070 843 breve
1101 805 1275 853 tempus
1306 804 1494 844 militem
1525 804 1607 843 sibi
1637 814 1754 853 prae-

190 882 291 931 poni
322 882 522 932 patiatur‚
557 882 727 931 placare
760 871 860 920 eum
893 882 1071 920 conatur
1102 880 1245 919 verbis
1278 881 1396 926 (Eun.
1434 881 1514 919 171
1549 882 1679 928 sqq.):

238 944 243 948 ’
950 957 1056 1006 Quid
1089 957 1187 996 istic
1217 957 1460 996 Phaedria?

311 1034 582 1084 Quamquam
614 1034 735 1073 illam
766 1033 889 1083 cupio
921 1034 1129 1073 abducere
1162 1035 1291 1082 atque
1322 1034 1403 1073 hac
1433 1044 1478 1072 re
1506 1033 1688 1073 arbitror

310 1110 359 1149 Id
389 1109 482 1149 fieri
512 1120 639 1159 posse
670 1110 876 1159 maxime,
909 1116 1063 1149 verum
1093 1110 1242 1148 tamen

311 1186 461 1225 Potius
494 1196 624 1234 quam
655 1187 699 1225 te
730 1186 958 1224 inimicum
988 1186 1185 1235 habeam,
1218 1185 1377 1224 faciam
1409 1186 1458 1224 ut
1489 1185 1680 1224 iusseris

192 1262 394 1311 Agellum
440 1263 488 1301 ut
530 1263 659 1302 donet
698 1263 880 1311 Hegioni
923 1263 1099 1311 pauperi
1131 1273 1156 1301 a
1187 1262 1366 1302 Micione
1397 1262 1529 1301 frater
1560 1261 1758 1310 filiusque

191 1339 366 1387 petunt;
410 1338 481 1377 ille
522 1348 624 1377 vero
668 1339 922 1387 aspernatur
962 1339 1235 1387 graviterque
1282 1338 1414 1377 istam
1453 1338 1759 1376 liberalitatem

193 1413 597 1453 commendantibus
628 1414 840 1453 irascitur.
875 1415 957 1453 Sed
988 1425 1093 1454 mox
1119 1413 1196 1452 filii
1222 1414 1419 1462 precibus
1444 1414 1647 1453 resistere
1673 1424 1759 1453 non

193 1491 347 1540 potest,
382 1501 481 1539 ergo
515 1490 607 1535 (Ad.
641 1491 741 1535 956)
779 1489 912 1539 „Quid
945 1490 1070 1529 istic’'
1104 1490 1165 1529 ait

376 1614 378 1617 .
730 1566 925 1614 „dabitur
956 1566 1300 1614 quandoquidem
1331 1567 1400 1606 hic
1430 1567 1564 1606 volt.”

193 1641 371 1691 Egregie
413 1643 560 1682 autem
602 1642 705 1680 dicti
745 1642 836 1680 vim
879 1642 1069 1681 illustrat
1111 1642 1352 1682 Scholiasta
1382 1643 1659 1682 annotatione
1692 1642 1759 1688 (ad

192 1716 298 1756 Eun.
336 1718 455 1764 171):
493 1718 611 1767 „Hoc
642 1718 894 1756 adverbium
916 1713 941 1764 ¹)
976 1719 1217 1757 consentire
1249 1719 1493 1768 incipientis
1520 1719 1628 1757 est.”

254 1794 442 1832 Sicine
473 1794 595 1845 agis
622 1794 732 1832 lenis
760 1795 826 1832 est
852 1794 1126 1842 reprehensio
1154 1795 1258 1844 eius,
1288 1795 1360 1843 qui
1382 1795 1642 1834 irascentem
1659 1805 1759 1833 cum

193 1869 363 1918 placare
408 1869 547 1918 possit
591 1869 827 1917 debeatque
868 1870 981 1908 ultro
1022 1871 1212 1919 instiget.
1257 1871 1326 1909 Sic
1362 1872 1476 1909 certe
1508 1871 1759 1919 plerumque

194 1945 299 1984 illud
343 1945 649 1994 „adverbium”
692 1945 928 1994 adhibetur,
963 1946 1039 1984 sed
1069 1946 1187 1995 locis,
1221 1946 1294 1984 ubi
1325 1957 1374 1985 eo
1406 1957 1537 1985 sensu
1568 1946 1759 1994 positum

194 2022 273 2070 est,
316 2020 424 2058 nihil
465 2030 490 2058 a
532 2020 772 2059 Scholiasta
803 2021 1058 2058 annotatum
1090 2021 1349 2070 invenimus,
1383 2021 1622 2070 iniuriaque
1653 2022 1758 2060 tem-

194 2097 309 2145 poris
356 2096 414 2134 ibi
460 2096 552 2134 eius
598 2095 921 2134 observationes
966 2096 1145 2144 periisse
1188 2106 1353 2135 censeo.
1397 2097 1508 2135 Nam
1541 2107 1625 2145 qua
1655 2107 1760 2136 voce

195 2172 270 2211 illa
299 2171 508 2211 vocabula
538 2171 627 2210 sint
657 2170 973 2219 pronuntianda
1004 2171 1106 2219 quin
1124 2157 1252 2210 *recte
1285 2172 1548 2211 intellexerit
1579 2173 1759 2211 minime

196 2248 385 2287 dubium.
443 2248 666 2287 Habemus
713 2247 829 2286 enim
876 2247 968 2286 eius
1015 2248 1339 2286 annotationem
1385 2248 1438 2286 ad
1483 2248 1639 2297 locum,
1688 2249 1760 2287 ubi

197 2323 393 2362 diversus
439 2324 613 2372 quidem
659 2333 808 2362 eorum
855 2333 1010 2361 sensus
1058 2324 1136 2372 est,
1186 2324 1261 2362 sed
1294 2323 1407 2362 color
1438 2323 1565 2362 idem.
1601 2324 1762 2363 Taedet

196 2400 423 2439 Micionem
448 2400 563 2439 ultra
588 2400 768 2438 fratrem
790 2409 991 2437 severum
1008 2398 1154 2437 audire
1171 2399 1482 2450 obiurgantem,
1500 2401 1760 2448 tandemque

198 2475 332 2521 (Adel.
364 2486 429 2514 VS.
466 2476 562 2521 128)
595 2476 834 2515 exclamat:
873 2476 978 2524 „Ah,
1013 2476 1050 2513 si
1081 2476 1223 2524 pergis
1250 2476 1435 2515 abiero.''
1463 2477 1574 2516 Tum
1599 2477 1762 2515 Demea

202 2551 368 2599 „Sicine
410 2551 502 2599 agis
513 2551 562 2589 ?'’
605 2552 798 2590 Annotat
839 2551 1102 2589 Scholiasta:
1149 2551 1318 2601 „Recta
1352 2552 1452 2600 quia
1483 2553 1571 2591 iam
1603 2553 1759 2601 abibat,

199 2627 321 2675 quasi
368 2628 611 2666 revocantis
654 2628 861 2676 correptio
904 2628 1013 2666 est.’'
1055 2627 1108 2665 Et
1148 2628 1245 2666 vide
1277 2638 1391 2667 nunc
1422 2630 1582 2676 quanta
1613 2629 1761 2678 paucis

199 2702 317 2741 hisee
362 2702 547 2740 Demeae
568 2683 572 2688 ’
595 2703 738 2740 verbis
786 2702 889 2740 insit
934 2704 1154 2741 venustas.
1204 2703 1309 2752 Quid
1351 2704 1467 2742 enim
1493 2705 1634 2753 magis
1665 2702 1759 2743 ridi-

237 2897 260 2931 ¹)
289 2896 384 2931 Apud
420 2895 643 2925 Scholiastam
673 2896 914 2925 adverbium
943 2896 1111 2931 significat
1138 2898 1176 2926 lo
1185 2905 1202 2935 q
1212 2898 1333 2926 uendi
1363 2898 1510 2927 formul
1519 2906 1595 2933 am,
1624 2900 1659 2927 et
1684 2899 1760 2927 inde

200 2948 386 2978 derivatam
405 2956 520 2977 vocem
539 2956 559 2977 a
567 2949 587 2976 d
594 2957 616 2977 v
625 2956 642 2977 e
649 2949 710 2977 rbi
719 2949 757 2977 al
768 2949 801 2977 it
808 2957 825 2977 e
834 2956 849 2977 r
868 2956 932 2983 quo
950 2956 1050 2978 sensu
1070 2949 1228 2978 adhibeat
1246 2958 1334 2979 nunc
1354 2952 1472 2986 sponte
1491 2952 1636 2986 apparet.

1639 3004 1656 3031 7
