2034 3334
930 362 1009 401 107

185 488 373 538 corporis
389 487 556 527 offensu
572 499 754 537 puerum
770 488 959 528 sensisse
976 488 1228 527 latentem.”
1247 483 1273 534 ¹)
1287 489 1553 537 Agnoscisne
1566 488 1750 527 eundem
1766 484 1776 545 Ι

184 563 257 613 qui
282 564 649 604 narratiunculam
677 565 728 604 de
754 564 955 604 Ambivio
982 565 1097 604 ebrio
1123 563 1305 604 fideliter
1330 564 1453 604 nobis
1480 564 1750 603 servaverit?

243 639 363 680 Adel.
413 640 510 680 585.
561 640 695 689 Syrus
741 651 893 680 servus
944 640 1153 680 Demeam
1204 651 1355 679 senem
1406 641 1579 679 tristem
1622 641 1749 688 atque

183 726 385 755 severum
412 716 594 766 ablegat,
623 726 677 755 ne
703 715 841 755 filium
868 716 1158 765 deprehendat
1183 717 1308 765 genio
1335 716 1643 770 indulgentem.
1669 716 1749 754 Sed

183 791 284 839 quia
313 791 475 830 Demea
506 792 830 841 inexspectatus
863 793 1049 843 advenit,
1083 792 1225 831 subito
1253 792 1411 840 aliquid
1437 791 1598 840 fingere
1625 791 1750 830 debet

183 877 265 916 quo
311 877 412 906 eum
459 867 663 906 dimittat.
706 867 899 916 Rogatus
941 878 1040 916 ergo
1081 868 1154 907 ubi
1185 867 1307 906 Micio
1339 867 1472 906 frater
1504 867 1573 917 sit,
1606 867 1749 906 locum

183 943 371 991 aliquem
387 943 491 982 dicit
507 943 560 982 ad
577 942 884 982 inveniendum
897 943 1215 992 difficillimum;
1231 953 1312 992 quo
1325 943 1428 982 dum
1440 943 1522 982 iter
1533 944 1750 983 monstrat

182 1019 274 1068 ipse
300 1019 344 1058 in
371 1029 560 1059 errorem
587 1019 825 1059 inducitur:
854 1020 972 1059 iubet
993 1019 1110 1059 enim
1127 1030 1277 1059 senem
1293 1030 1368 1068 per
1384 1019 1658 1069 angiportum
1677 1020 1747 1058 ali-

182 1095 293 1143 quod
319 1095 552 1145 ambulare‚
583 1096 694 1143 quod
721 1095 792 1135 ille
814 1096 1012 1144 pervium
1028 1106 1114 1135 non
1131 1107 1226 1135 esse
1243 1097 1338 1135 scit.
1357 1097 1456 1135 Mox
1473 1097 1622 1135 tamen
1639 1107 1747 1135 erro-

182 1181 275 1211 rem
302 1171 487 1222 corrigit,
517 1182 599 1220 quo
616 1172 892 1211 mendacium
908 1173 1185 1221 properanter
1200 1171 1351 1212 fictum
1367 1183 1502 1222 paene
1520 1173 1733 1222 deprehen

181 1257 280 1287 sum
296 1247 448 1287 fuerat.
469 1248 536 1287 Sic
553 1248 705 1287 multis
722 1248 975 1297 ambagibus
992 1259 1041 1287 eo
1057 1249 1254 1297 pervenit
1269 1249 1318 1287 ut
1334 1249 1379 1287 in
1389 1249 1551 1287 fabrica
1562 1249 1748 1297 quadam

181 1323 408 1363 Micionem
435 1334 531 1363 esse
558 1324 684 1364 dicat.
714 1325 854 1372 Atque
876 1325 1052 1373 rogatus
1070 1324 1169 1374 quid
1187 1324 1245 1363 ibi
1261 1324 1392 1363 faciat
1408 1325 1478 1363 ille
1495 1325 1746 1374 respondet:

359 1400 558 1440 Lectulos
590 1401 634 1439 in
665 1401 755 1440 sole
787 1401 930 1454 ilignis
961 1401 1140 1450 pedibus
1170 1401 1393 1440 faciundos
1425 1401 1553 1440 dedit.

180 1476 374 1516 Annotat
421 1476 683 1516 Scholiasta:
736 1477 812 1526 „In
857 1477 962 1516 urbe
1004 1477 1252 1516 convivium
1294 1478 1369 1515 aut
1400 1477 1445 1515 in
1475 1477 1565 1516 sole
1598 1478 1673 1516 aut
1704 1477 1748 1516 in

179 1551 334 1591 umbra
378 1563 453 1601 pro
501 1552 742 1592 conditione
787 1553 996 1602 temporis
1037 1553 1342 1592 instruebatur.
1390 1553 1581 1601 Repente
1617 1553 1748 1602 igitur

180 1627 481 1678 interrogatus,
541 1629 652 1677 quod
708 1628 890 1667 minime
936 1629 1191 1678 opinabatur
1237 1629 1535 1676 quaesiturum
1582 1640 1744 1679 senem,

180 1704 359 1753 arripuit
390 1704 542 1743 statim
573 1705 834 1744 lectulos.
868 1705 921 1743 Et
953 1705 1052 1753 quia
1082 1705 1223 1754 potuit
1253 1715 1389 1743 senex
1420 1705 1581 1744 dicere:
1616 1706 1745 1744 Men-

180 1780 335 1830 tiris,
369 1790 492 1819 nam
523 1781 692 1820 habet
722 1781 992 1831 lectulos,
1028 1781 1190 1820 addidit
1221 1792 1276 1821 ex
1307 1783 1501 1831 tempore
1528 1781 1582 1821 in
1614 1782 1745 1821 sole.

179 1857 232 1896 Et
273 1867 326 1896 ne
368 1867 441 1896 eos
475 1868 642 1905 quoque
678 1858 835 1897 habere
867 1858 1039 1907 diceret,
1074 1858 1235 1897 addidit
1266 1858 1468 1907 ilignis
1510 1858 1746 1907 pedibus

163 1932 487 1977 faciendos.
533 1933 613 1972 Sed
645 1934 726 1972 hoc
756 1934 882 1982 gestu
914 1933 1072 1972 actoris
1104 1933 1299 1972 adiutum
1333 1935 1411 1983 est,
1446 1934 1568 1982 quasi
1595 1934 1746 1973 eodem

179 2011 373 2058 tempore
405 2019 557 2048 servus
589 2010 633 2048 et
664 2011 843 2057 quaerat
874 2010 974 2058 quid
1002 2010 1116 2049 dicat
1142 2011 1186 2049 et
1211 2010 1510 2058 respondeat.’'
1538 2009 1746 2049 Videmus

179 2095 304 2135 nunc,
352 2086 401 2124 ut
447 2085 606 2135 opinor,
654 2085 957 2138 veteratorem,
1002 2095 1131 2133 quem
1173 2085 1267 2134 ipsa
1307 2086 1451 2134 inopia
1483 2087 1611 2134 atque
1643 2086 1744 2125 diffi-

180 2161 318 2200 cultas
349 2161 476 2200 solito
508 2160 738 2200 reddiderit
770 2160 1033 2199 callidiorem
1064 2161 1484 2209 insolentioremque.
1710 2161 1713 2165 '

237 2237 316 2276 Ad.
366 2237 464 2275 795.
522 2236 684 2275 Demea
739 2236 916 2275 tandem
963 2236 1189 2284 aliquando
1237 2237 1438 2285 cognovit
1483 2238 1746 2286 quantopere

178 2312 359 2351 ludibrio
400 2312 530 2351 fuerit
576 2312 749 2351 habitus
796 2313 839 2351 et
875 2322 1006 2360 quam
1047 2313 1131 2351 diu.
1174 2312 1268 2351 Non
1300 2312 1416 2351 enim
1448 2313 1571 2351 illum
1603 2313 1745 2352 solum

181 2386 331 2437 fllium,
380 2398 510 2436 quem
557 2389 848 2437 adoptandum
891 2388 1054 2427 dederit
1084 2387 1219 2437 fratri,
1254 2389 1390 2427 nimia
1420 2388 1536 2427 illius
1567 2388 1744 2428 levitate

179 2463 440 2512 corruptum,
489 2463 564 2502 sed
611 2474 711 2502 eum
757 2473 936 2513 quoque,
986 2474 1115 2512 quern
1161 2464 1252 2512 ipse
1295 2464 1471 2512 antiqua
1512 2464 1744 2503 severitate

179 2538 436 2587 educaverit,
471 2538 699 2588 abreptum
731 2539 783 2578 ad
815 2539 1089 2589 pravitatem,
1125 2540 1227 2587 quin
1259 2540 1391 2578 etiam
1419 2540 1535 2579 illius
1563 2551 1693 2580 causa
1720 2552 1745 2579 a

178 2613 330 2653 lenone
377 2624 452 2662 per
496 2613 588 2652 vim
635 2614 865 2653 abductam
912 2614 1112 2663 puellam,
1162 2616 1333 2663 propter
1374 2625 1503 2663 quam
1543 2615 1650 2670 Q
1683 2616 1744 2655 illi

180 2689 319 2728 exorti
361 2690 449 2729 sint
489 2690 716 2729 tumultus.
755 2691 1001 2740 Prorumpit
1033 2701 1088 2730 ex
1119 2691 1294 2730 aedibus
1325 2692 1483 2741 fratris,
1517 2693 1590 2731 ubi
1620 2693 1744 2731 illum

180 2774 279 2803 cum
325 2765 466 2804 amica
513 2766 761 2814 epulantem
807 2767 934 2805 modo
976 2767 1274 2826 deprehendit;
1318 2767 1420 2806 deos
1461 2768 1743 2816 hominesque

215 2940 238 2977 ¹)
257 2940 472 2971 Latentem
496 2948 540 2971 an
567 2940 796 2970 iacentem?
