2034 3334
979 272 1066 319 128

220 392 379 441 locutio
425 398 470 439 in
513 395 665 440 Ovidio
707 396 941 440 admodum
983 397 1195 455 frequens.
1239 389 1375 452 Quem
1417 399 1488 443 hic
1529 413 1691 444 errasse
1734 414 1819 445 non

221 471 285 511 est
326 467 575 519 verisimile,
617 470 662 511 at
702 467 826 511 facile
868 466 1070 512 librarius
1111 473 1314 526 sequente
1345 469 1523 514 dicemur
1552 472 1598 514 in
1629 484 1817 517 errorem

222 539 366 595 potuit
394 538 553 583 induci.
587 538 703 597 Lege
735 553 838 597 ergo
867 539 1028 595 ismpwne
1047 540 1216 598 feretis.

283 684 373 728 284
397 699 488 743 sqq.

405 756 622 815 Sanguine
654 761 697 801 et
726 758 829 815 igne
860 759 1023 802 micant
1055 757 1191 810 oculi,
1225 758 1337 816 riget
1368 757 1542 802 horrida
1571 760 1743 811 cervix,

403 828 461 872 Et
491 833 605 872 setae
637 828 800 873 similes
831 828 982 887 rigidis
1015 827 1245 872 hastilibus
1277 829 1473 882 horrent,

403 899 611 957 Stantque
643 898 766 943 velut
799 899 992 952 vallum,
1026 898 1147 947 velut
1178 899 1266 943 alta
1297 900 1471 944 hastilia
1500 904 1629 946 setae.

221 969 340 1014 Ferri
380 985 463 1014 non
506 985 628 1027 posse
665 971 708 1014 et
739 970 827 1014 285
860 970 904 1014 et
935 970 1039 1023 286,
1074 970 1148 1015 sed
1179 975 1255 1014 aut
1288 972 1436 1015 ambos
1467 986 1559 1016 esse
1591 970 1822 1016 eiiciendos

221 1045 298 1085 aut
338 1045 450 1086 certe
491 1041 775 1095 alterutrum,
819 1057 932 1085 nunc
974 1056 1121 1085 omues
1161 1044 1446 1087 consentiunt.
1487 1042 1700 1101 Equidem
1732 1041 1822 1087 286

221 1112 492 1156 retinendum
525 1128 692 1166 censeo,
725 1116 772 1157 in
804 1128 887 1171 quo
919 1113 1162 1157 offensionis
1195 1114 1305 1157 nihil
1337 1118 1424 1166 est,
1458 1116 1617 1172 quique
1642 1118 1742 1173 apte
1760 1139 1817 1148 -

220 1184 265 1226 id
296 1183 408 1241 quod
434 1199 518 1228 non
550 1185 652 1228 facit
679 1184 766 1227 285
797 1210 852 1218 -
879 1199 1055 1229 versum
1083 1184 1172 1228 284
1199 1187 1371 1242 excipit.
1405 1185 1646 1239 Quominus
1671 1186 1820 1231 ambos

222 1254 421 1299 damnem
463 1256 543 1300 hoc
580 1257 805 1313 prohibeor
835 1261 1091 1315 argumento
1124 1257 1235 1314 quod
1266 1271 1350 1300 non
1382 1257 1552 1301 credam
1582 1258 1696 1301 hunc
1727 1271 1824 1316 poe-

223 1329 338 1378 tam,
371 1329 442 1370 cui
473 1329 583 1370 tanti
615 1341 784 1385 semper
816 1328 948 1371 fuerit
980 1342 1048 1371 ars
1078 1329 1239 1385 topica,
1272 1342 1372 1372 cum
1405 1328 1456 1372 de
1481 1343 1582 1384 apro
1607 1332 1821 1387 ageretur,

222 1411 247 1441 a
278 1393 323 1441 se
353 1399 586 1456 impetrare
619 1401 808 1456 potuisse
842 1404 892 1443 ut
921 1404 1095 1442 setarum,
1127 1398 1294 1444 nullam
1325 1400 1481 1444 faceret
1511 1401 1790 1444 mentionem.

285 1534 386 1579 539.
421 1535 595 1579 Mortuo
628 1535 849 1594 Meleagro
882 1550 1044 1579 sorores
1077 1537 1170 1579 eius
1196 1537 1387 1593 primum
1413 1535 1718 1587 lamentantur,
1745 1538 1791 1579 et

404 1607 510 1649 Post
540 1608 725 1650 cinerem
759 1609 920 1650 cineres
951 1608 1126 1650 haustos
1158 1607 1210 1650 ad
1241 1611 1412 1664 pectora
1441 1610 1647 1664 pressant.
1804 1605 1811 1610 ’

223 1674 367 1718 Etiam
415 1680 544 1732 atque
585 1678 717 1719 etiam
758 1676 1082 1719 deliberandum
1124 1679 1235 1720 sitne
1276 1677 1478 1720 credibile
1518 1678 1622 1720 haec
1663 1677 1725 1720 sic
1765 1676 1819 1720 ab

224 1745 377 1788 Ovidio
410 1748 580 1803 scripta.
613 1747 793 1804 Egregii
818 1751 918 1789 sunt
944 1761 1044 1803 prae
1070 1747 1186 1791 hisce
1211 1749 1388 1804 ineptiis
1415 1762 1566 1791 versus
1591 1747 1682 1799 illi,
1711 1761 1819 1805 quos

223 1816 516 1860 Albinovanus
548 1832 647 1860 cum
679 1819 827 1861 amicis
860 1820 1024 1874 optimo
1055 1820 1148 1861 iure
1179 1820 1222 1861 in
1257 1818 1410 1863 Ovidio
1442 1818 1818 1876 reprehenderunt.

223 1887 342 1940 Quod
383 1887 632 1931 illustrandi
673 1902 799 1932 causa
840 1903 862 1931 e
904 1888 951 1931 L.
986 1888 1092 1931 XIII
1134 1889 1253 1932 affert
1290 1889 1545 1933 Ehwaldus:
1581 1889 1819 1946 „videoque

223 1961 350 2001 tuum
392 1973 487 2001 mea
528 1958 708 2003 vulnera
749 1958 936 2002 vulnus'’
980 1964 1060 2013 (vs.
1106 1959 1211 2014 495)
1253 1975 1401 2005 vereor
1441 1964 1492 2004 ut
1533 1962 1636 2004 satis
1675 1959 1821 2004 afferat

223 2029 446 2085 praesidii,
486 2043 585 2072 nam
616 2031 659 2072 in
691 2029 770 2073 illo
801 2029 893 2073 loco
926 2032 1135 2074 acuminis
1168 2031 1330 2088 aliquid
1362 2034 1496 2084 inest,
1527 2033 1572 2075 in
1606 2031 1686 2075 hoc
1717 2044 1818 2076 vero

221 2100 345 2142 nihil.
378 2100 473 2143 Hoc
506 2115 673 2157 quoque
705 2101 869 2144 accedit
900 2102 1011 2158 quod
1044 2106 1143 2159 post
1173 2104 1257 2146 ista
1289 2102 1395 2156 (537
1414 2107 1515 2160 sq.):
1689 2106 1696 2110 ’

406 2171 605 2228 Dumque
637 2176 782 2215 manet
813 2187 987 2229 corpus,
1020 2187 1175 2230 corpus
1206 2174 1483 2231 refoventque
1513 2173 1767 2230 foventque,

405 2242 561 2286 Oscula
592 2242 696 2286 dant
725 2245 831 2300 ipsi,
866 2245 1006 2300 posito
1037 2245 1139 2287 dant
1169 2244 1315 2288 oscula
1345 2244 1455 2288 lecto

222 2313 387 2370 aliquas
434 2318 730 2371 exspectamus
776 2316 1113 2366 coniunctiones,
1161 2316 1317 2372 quibus
1364 2315 1632 2373 significetur
1676 2313 1817 2358 multo

223 2386 429 2427 maiorem
456 2387 669 2428 exstitisse
694 2385 863 2429 luctum
890 2400 989 2429 cum
1017 2400 1169 2443 corpus
1196 2386 1383 2429 flammis
1410 2390 1519 2430 esset
1536 2387 1818 2444 absumptum

223 2460 277 2507 (e.
311 2470 345 2498 c.
393 2461 438 2497 ut
478 2471 567 2498 vero
609 2461 849 2499 crematum
893 2460 959 2500 est
1000 2461 1186 2514 corpus),
1228 2472 1311 2500 non
1352 2457 1610 2515 languidum
1653 2458 1732 2500 hoc
1773 2459 1818 2500 et

223 2525 331 2568 exile
360 2527 608 2583 asyndeton.
652 2528 806 2570 Omnia
837 2527 1019 2584 denique
1050 2542 1099 2571 eo
1133 2528 1295 2571 ducunt
1327 2533 1377 2571 ut
1407 2530 1597 2585 suspicer
1627 2528 1816 2584 aliquem

223 2611 396 2639 versum
430 2612 528 2640 cum
557 2598 730 2641 secundi
757 2613 905 2642 versus
931 2601 1057 2642 initio
1083 2599 1303 2651 excidisse,
1332 2603 1375 2643 et
1401 2601 1460 2642 sic
1487 2600 1573 2643 fere
1599 2601 1816 2656 scripsisse

223 2666 453 2710 Ovidium:
1796 2664 1798 2666 ’

406 2738 464 2780 Ut
496 2754 594 2782 vero
626 2754 742 2783 caros
774 2743 892 2783 artus
926 2741 1221 2797 absumpserat
1252 2742 1390 2798 ignis,

405 2810 625 2853 Attonitae
656 2813 818 2854 cineres
848 2811 1023 2854 haustos
1055 2811 1106 2854 ad
1138 2815 1308 2868 pectora
1338 2813 1543 2867 pressant.

284 2953 537 2996 596—609.
587 2955 797 2998 Delendos
843 2958 912 2999 hic
956 2971 1045 2999 esse
1089 2970 1239 3000 versus
1272 2947 1497 2999 duodecim
1530 2956 1618 2997 iam
1651 2958 1815 2998 constat

221 3025 331 3066 inter
374 3026 488 3067 viros
533 3025 701 3076 doctos,
746 3041 880 3082 neque
923 3042 1003 3084 ego
1044 3027 1260 3083 obloquar.
1303 3025 1424 3079 Quod
1465 3031 1608 3068 tamen
1640 3029 1815 3069 annotat
