2034 3334
1023 279 1084 324 94

316 404 403 449 676
421 419 482 462 sq.
515 403 759 448 Mercurius
790 403 958 461 Argum
990 402 1270 460 decepturus,
1294 404 1449 448 ceteris
1474 403 1676 447 omnibus
1700 403 1851 457 rebus,
1933 390 1941 394 ’

252 476 410 532 quibus
441 476 615 533 agnosci
647 475 806 531 possit,
839 473 1043 531 depositis
1077 473 1377 518 tantummodo
1408 475 1580 532 virgam
1610 475 1792 520 retinet:

436 545 529 589 Hac
559 546 675 603 agit,
708 548 759 587 ut
789 548 946 601 pastor,
978 558 1056 602 per
1083 538 1210 589 devia
1238 557 1340 587 rura
1369 543 1577 602 capellas,
1649 550 1654 557 “

435 616 551 659 Dum
584 617 727 667 venit,
760 615 970 658 adductae.

251 687 322 731 Sic
351 686 527 731 codices.
562 685 767 729 Heinsius
799 685 1006 737 abductae,
1038 699 1169 742 quam
1194 687 1477 729 certissimam
1505 685 1847 732 emendationem

251 760 288 802 ei
329 759 404 815 qui
443 759 576 801 etiam
618 760 718 799 sunt
749 758 824 813 qui
852 758 897 799 in
930 759 1101 800 textum
1133 758 1319 814 recipere
1350 756 1571 808 dubitent,
1603 757 1684 802 hoc
1714 755 1847 801 velim

251 831 474 885 reputent:
518 828 672 870 adduco
715 825 877 871 Graece
908 830 973 870 est
1004 827 1180 880 ἔρχομαι
1213 825 1328 879 ἄγων
1360 826 1431 871 vel
1462 825 1584 881 ἔχων,
1615 841 1720 886 ergo
1751 827 1846 871 dm

250 899 359 942 venit
389 899 585 942 adductae
616 912 699 941 non
731 902 796 941 est
821 899 965 941 minus
991 898 1226 941 absurdum
1253 911 1383 955 quam
1408 899 1445 941 si
1471 896 1633 943 Graece
1658 897 1844 944 diceros:

250 967 302 1018 ἃς
345 968 414 1013 ὅτε
457 966 575 1017 ἦλθεν
607 966 724 1017 ἦλθεν
757 970 884 1020 leym.
919 967 1079 1013 Contra
1108 968 1427 1026 lepidissimum
1458 974 1524 1013 est
1553 969 1768 1013 abductae:
1798 969 1843 1013 in

248 1042 342 1098 ipso
371 1042 526 1084 itinere
557 1054 634 1084 suo
664 1040 836 1083 furandi
868 1053 1046 1083 munere
1077 1040 1251 1084 functus
1282 1045 1361 1084 est.
1829 1030 1833 1034 ⁴

313 1186 400 1230 682
426 1201 488 1244 sq.
521 1187 588 1230 Ab
619 1187 736 1244 Argo
768 1187 981 1230 invitatus

430 1257 551 1302 Sedit
580 1257 848 1301 Atlantiades
880 1263 923 1301 et
953 1261 1128 1301 euntem
1160 1256 1301 1300 multa
1329 1255 1544 1317 loquendo

430 1329 629 1372 Detinuit
661 1343 856 1372 sermone
888 1329 1027 1380 diem,
1060 1329 1305 1385 iunctisque
1335 1327 1521 1372 canendo

432 1400 608 1443 Vincere
640 1399 953 1443 harundinibus
985 1401 1201 1443 servantia
1231 1398 1399 1443 lumina
1430 1402 1627 1456 temptat.

253 1469 466 1527 Corrupta
508 1470 612 1513 haec
654 1484 744 1512 esse
775 1471 1022 1513 etiamnunc
1052 1469 1163 1512 mihi
1194 1474 1381 1521 constat3
1415 1475 1568 1513 notum
1598 1468 1711 1513 illud
1739 1468 1845 1512 diem

252 1541 429 1582 detinere
461 1526 543 1583 non
570 1545 635 1583 est
660 1540 792 1582 huius
818 1539 925 1591 loci,
958 1554 1114 1596 neque,
1143 1541 1179 1582 ei
1204 1544 1333 1590 esset,
1362 1539 1460 1583 addi
1486 1545 1638 1583 euntes»
1663 1544 1842 1597 poterat.

250 1610 381 1654 Haud
411 1611 539 1654 dubie
570 1610 623 1654 ad
653 1612 798 1667 ipsum
827 1611 994 1668 Argum
1022 1610 1132 1654 illud
1159 1612 1435 1667 participium
1462 1614 1528 1654 est
1552 1610 1844 1654 referendum:

249 1695 349 1725 cum
403 1682 519 1724 abire
567 1682 710 1738 Argus
756 1680 951 1732 volebat,
1008 1695 1109 1724 eum
1155 1681 1398 1726 Mercurius
1445 1681 1586 1725 multa
1629 1680 1844 1739 loquendo

249 1751 457 1802 detinuit,
505 1751 655 1794 deinde
702 1751 887 1794 cauendo
934 1753 1073 1808 sopire
1120 1765 1220 1796 eum
1267 1755 1459 1794 conatur.
1506 1750 1617 1804 Quid
1660 1765 1710 1796 eo
1749 1750 1844 1797 loco

250 1823 465 1879 scripserit
493 1821 673 1864 Ovidius
689 1853 699 1872 ,
727 1822 802 1864 ubi
829 1835 941 1864 nunc
968 1825 1032 1864 est
1059 1836 1231 1864 sermone
1256 1821 1372 1872 diem,
1402 1824 1447 1864 in
1475 1821 1617 1865 medio
1632 1821 1840 1878 relinquo.

248 1892 381 1944 Nam,
415 1892 529 1949 quod
560 1894 894 1949 gravissimum,
928 1891 1061 1934 simul
1092 1893 1193 1936 ferri
1222 1907 1398 1934 sermone
1428 1897 1472 1935 et
1497 1892 1624 1934 multa
1649 1891 1843 1949 loquendo

250 1976 423 2019 prorsus
454 1967 689 2019 nequeunt.

310 2097 397 2142 710
413 2112 502 2155 sqq.
534 2098 691 2142 Narrat
723 2098 965 2142 Mercurius
995 2098 1113 2142 Pana
1145 2099 1292 2142 audito
1321 2112 1552 2142 cannarum
1577 2098 1841 2156 palustrium

249 2182 373 2212 sono:

432 2239 556 2290 „Hoc
587 2239 697 2282 mihi
729 2239 959 2283 concilium
993 2239 1165 2283 tecum”
1199 2240 1354 2282 dixisse
1388 2236 1658 2291 „manebitl”

430 2312 570 2366 Atque
602 2311 664 2352 ita
695 2310 934 2366 disparibus
966 2311 1141 2354 calamis
1173 2312 1424 2368 compagine
1456 2324 1574 2354 cerae

428 2380 545 2423 Inter
577 2394 620 2422 se
651 2382 810 2422 iunctis
842 2395 997 2423 nomen
1030 2382 1216 2423 tenuisse
1248 2379 1431 2436 puellae.

248 2449 366 2491 Haec
398 2449 500 2492 olim
534 2455 734 2506 corrupta
761 2450 851 2492 dixi
875 2451 988 2493 haud
1016 2451 1157 2494 hercle
1177 2453 1355 2508 ignarus
1383 2452 1668 2494 annotationis
1694 2450 1841 2508 Haup-

249 2521 411 2561 tianae:
455 2520 571 2566 „Pan
604 2519 766 2563 behielt
791 2522 837 2562 in
864 2520 938 2563 der
965 2520 1256 2577 vielrfihrigen
1283 2521 1539 2564 Hirtenflote
1565 2521 1644 2564 den
1673 2521 1839 2565 Numen

248 2589 335 2630 und
367 2605 444 2630 nur
478 2590 555 2631 den
589 2589 749 2632 Namen
784 2590 856 2633 der
889 2590 1091 2648 Syrinx''.
1123 2591 1206 2634 Sed
1238 2591 1308 2633 hic
1335 2591 1507 2633 tenuisse
1534 2593 1722 2646 positum
1748 2605 1839 2636 esse

249 2672 325 2713 pro
369 2659 581 2700 retinuisse
623 2662 850 2715 quominus
892 2661 1060 2704 credam
1099 2661 1240 2704 obstat
1271 2675 1420 2703 versus
1451 2662 1643 2717 proxime
1675 2674 1840 2717 praece·

248 2728 350 2769 dens
382 2728 507 2780 (705)

427 2796 614 2853 Corpore
648 2814 723 2854 pro
756 2801 975 2857 nymphae
1005 2800 1191 2844 calamos
1222 2802 1408 2844 tenuisse
1440 2800 1651 2856 palustres

247 2868 321 2908 ubi
365 2868 536 2908 tenuisse
568 2875 626 2909 est
662 2870 882 2923 amplexum
912 2885 1014 2921 esse;
1050 2877 1092 2912 et
1123 2873 1295 2913 omnino
1326 2871 1551 2926 utrobique
1583 2874 1671 2911 tam
1704 2883 1836 2925 parvo

252 2939 389 2991 spatio
422 2939 610 2991 positum
645 2940 816 2980 tenuisse
847 2939 1001 2981 Ovidio
1031 2941 1261 2997 indignum
1293 2944 1372 2982 est.
