2034 3334
11 2463 15 2465 ,
0 1917 21 2449 wJ-mwsswwmwmwm*
0 1899 5 1906 ⁶
0 1878 6 1887 ·-
0 1849 11 1860 ι’
1 1792 5 1794 -
1 1774 4 1779 -
0 1735 2 1746 <v
0 1614 7 1650 „v-
0 1595 4 1599 ·
2 1579 3 1582 „
0 1548 8 1567 ω

914 238 971 283 ‘77

145 362 190 403 in
231 363 422 417 tempore
465 375 555 403 rem
588 361 639 403 ad
672 361 922 416 Augustum
955 359 1183 411 detulerit,
1217 361 1290 403 sed
1322 361 1491 405 silentio
1522 365 1736 418 presserit.

144 430 238 473 Hoc
268 433 311 473 in
345 444 490 474 rerum
522 434 674 472 natura
705 433 793 480 est,
827 430 989 472 factum
1023 434 1087 472 est
1118 445 1464 487 nonnumquam,
1503 437 1615 475 certe
1645 432 1736 474 fieri

142 502 298 557 potuit.
331 501 495 544 Iterum
526 515 639 543 nunc
671 500 869 542 Tacitum
901 502 1178 556 inspiciamus
1210 499 1281 554 (A.
1315 501 1389 554 111,
1423 501 1522 554 24):
1558 502 1638 553 „D.
1673 502 1736 545 Si-

141 571 287 622 lanus,
331 573 374 614 in
419 573 539 628 nepti
583 573 771 628 Augusti
813 570 995 619 adulter,
1044 585 1304 627 quamquam
1347 587 1430 614 non
1473 572 1587 614 ultra
1628 573 1735 615 foret

143 643 379 692 saevitum,
422 656 549 698 quam
591 645 640 683 ut
685 643 875 684 amicitia
917 639 1107 684 Caesaris
1148 641 1394 697 pelleretur,
1439 642 1620 684 exilium
1652 644 1734 685 sibi

145 711 425 755 demonstrari
464 711 724 754 intellexit.''
769 711 884 768 Ergo
920 713 964 752 in
995 713 1088 767 ipso
1120 711 1312 754 adultero
1345 726 1389 754 se
1420 713 1613 755 cohibuit
1645 714 1732 755 Au-

141 787 319 839 gustus,
358 787 401 825 et
432 782 663 825 dummodo
696 782 832 824 Roma
863 781 1070 837 Italiaque
1100 782 1265 824 cederet
1296 782 1441 835 (addas
1472 784 1625 835 etiam,
1658 798 1733 840 per

141 866 212 895 me
252 852 378 904 licet,
425 854 652 903 „omnibus
694 854 925 908 provinciis
958 851 1210 904 Caesaris”),
1244 853 1320 894 ubi
1352 852 1482 896 vellet
1514 855 1662 897 vivere
1693 856 1733 897 ei

141 925 360 979 permisit:
394 925 583 966 Athenas
616 938 659 966 se
691 923 879 966 conferre
906 927 1071 979 poterat
1101 922 1176 965 ille
1208 923 1277 966 vel
1309 925 1354 964 in
1381 926 1733 967 amoenissimum

141 993 315 1050 aliquod
343 993 508 1037 Galliae
534 995 714 1037 Asiaeve
742 994 971 1050 oppidum,
1002 993 1075 1036 sed
1100 994 1213 1036 hunc
1238 995 1311 1049 qui
1336 994 1445 1036 nihil
1462 997 1736 1038 commiserat

140 1066 223 1106 nisi
265 1065 377 1120 quod
420 1079 510 1107 rem
554 1065 635 1106 sibi
675 1063 942 1106 intellectam
982 1064 1214 1116 celaverat,
1249 1064 1301 1106 ad
1333 1064 1484 1107 Bessos
1518 1063 1732 1122 Getasque

139 1133 362 1191 relegavit.
397 1134 500 1187 Quis
532 1135 609 1177 hoc
642 1132 813 1176 credat?

201 1203 434 1248 Credamus
477 1210 620 1247 tamen
664 1208 835 1260 putasse
878 1203 1082 1246 Ovidium
1124 1218 1253 1246 suum
1295 1204 1473 1246 exilium
1516 1207 1730 1262 originem

142 1275 314 1319 duxisse
341 1290 392 1319 ex
418 1275 552 1318 Iuliae
579 1275 813 1317 adulterio:
844 1279 990 1316 utrum
1018 1276 1153 1330 ipsius
1179 1288 1227 1317 ea
1254 1275 1384 1316 fuerit
1411 1277 1651 1318 coniectura
1680 1290 1732 1318 an

143 1346 212 1389 1116
245 1361 413 1403 quoque
445 1348 651 1388 mentitus
683 1347 740 1387 sit
771 1347 996 1401 Augustus
1022 1347 1065 1386 in
1093 1345 1232 1387 medio
1259 1346 1382 1387 nobis
1407 1350 1471 1388 est
1496 1345 1733 1402 relinquen—

142 1416 260 1459 dum.
305 1416 505 1459 Alterum
545 1430 712 1471 quoque
744 1415 854 1457 illud
885 1416 1075 1471 Augusti
1105 1414 1377 1457 mendacium
1410 1417 1454 1457 in
1492 1419 1731 1471 praesentia

142 1486 442 1538 admittamus,
475 1490 820 1542 statuamusque,
848 1500 946 1528 cum
973 1486 1025 1527 ad
1052 1485 1258 1528 Ovidium
1285 1487 1531 1528 mitteretur
1555 1489 1731 1529 nuntius

143 1556 193 1598 de
241 1557 500 1613 relegatione
547 1557 597 1598 ab
641 1557 839 1612 Augusto
880 1558 1021 1603 iussa,
1066 1557 1125 1597 sic
1168 1558 1334 1607 virum,
1379 1570 1478 1598 cum
1511 1559 1623 1598 tristi
1653 1556 1731 1599 illo

140 1628 321 1683 imperio
363 1629 568 1678 missum,
615 1641 703 1669 esse
746 1626 961 1668 locutum:
998 1627 1103 1676 „hac
1136 1630 1184 1667 tu
1217 1624 1348 1682 peena
1380 1626 1598 1682 plecteris,
1633 1630 1733 1683 quia

140 1711 275 1753 neque
304 1699 539 1753 principem
567 1697 774 1739 edocuisti
800 1697 850 1738 de
877 1696 1012 1739 Silani
1038 1696 1256 1752 Iuliaeque
1283 1698 1522 1748 amoribus,
1553 1700 1626 1753 qui
1653 1699 1733 1740 tibi

138 1769 433 1818 innotuerant,
466 1767 508 1810 et
540 1771 711 1824 turpem
743 1766 864 1809 illam
892 1769 1099 1823 scripsisti
1125 1768 1276 1810 Artem
1302 1761 1595 1818 Amatoriam,
1625 1783 1731 1824 quae

139 1842 234 1880 ante
264 1838 410 1881 decem
442 1852 571 1880 annos
600 1840 644 1879 in
676 1837 817 1880 lucem
849 1837 1063 1893 prodiit,'⁷
1092 1852 1191 1880 cum
1217 1838 1445 1880 Boissierio
1473 1853 1584 1880 nunc
1610 1840 1731 1881 nobis

139 1922 206 1950 res
238 1912 315 1950 est.
358 1908 610 1950 Boissierius
631 1907 661 1959 ¹)
693 1910 831 1958 enim,
864 1912 914 1949 ut
946 1908 1156 1950 mendacii
1186 1907 1340 1950 liberet
1372 1910 1613 1963 suspicione
1645 1910 1731 1950 Au-

140 1982 334 2034 gustum,
378 1993 400 2021 e
443 1979 605 2020 duabus
646 1980 784 2021 causis
814 1992 947 2020 unam
978 1978 1125 2025 efficit.
1158 1980 1221 2020 ita
1251 1992 1342 2020 rem
1376 1980 1582 2020 maiorem
1614 1980 1730 2021 habi-

140 2052 283 2091 turam
327 2050 416 2091 veri
447 2050 631 2104 speciem
662 2054 804 2099 ratus,
836 2053 963 2104 atque
995 2048 1102 2090 hanc
1134 2048 1261 2104 fingit
1292 2050 1600 2090 narrationem:
1635 2063 1729 2105 gra—

142 2120 252 2162 viter
275 2118 456 2161 afflictus
482 2123 571 2161 erat
599 2119 824 2174 Augustus
841 2132 940 2160 suae
957 2119 1094 2174 ipsius
1112 2117 1222 2160 filiae
1239 2121 1350 2160 sorte
1366 2119 1480 2160 haud
1495 2120 1727 2170 immerita,

141 2204 270 2245 quam
296 2194 469 2245 propter
494 2203 666 2231 morum
692 2190 974 2244 pravitatem,
1003 2203 1053 2230 ne
1078 2189 1199 2244 genti
1227 2202 1325 2230 suae
1353 2188 1519 2230 afferret
1536 2189 1728 2240 dedecus,

141 2261 192 2302 ab
225 2259 356 2302 oculis
388 2259 614 2301 hominum
646 2262 905 2310 removerat;
941 2258 1215 2301 vehementer
1246 2259 1435 2313 patrium
1463 2260 1554 2300 eius
1582 2262 1731 2314 pectus

142 2330 221 2372 hoc
269 2330 489 2372 laborabat
527 2328 727 2379 vulnere,
769 2328 880 2384 quod
923 2328 1112 2370 nondum
1154 2329 1336 2379 coierat,
1380 2341 1473 2380 ecce
1515 2330 1589 2370 vix
1632 2331 1730 2370 anni

141 2404 240 2442 sunt
266 2399 398 2456 elapsi
427 2400 573 2442 decem
601 2409 643 2441 et
672 2401 801 2440 matri
829 2413 914 2441 non
940 2402 1153 2454 praestare
1180 2397 1315 2439 filiam
1332 2400 1572 2454 cognoscit:
1591 2401 1730 2455 neptis

143 2484 310 2526 quoque
337 2484 413 2512 sua
440 2469 640 2512 adulterii
667 2470 842 2511 crimine
869 2469 1106 2510 damnanda
1133 2470 1172 2510 ei
1199 2471 1276 2510 est.
1305 2467 1441 2519 Quam
1459 2469 1732 2511 vehementer

144 2544 243 2582 tuno
287 2540 494 2590 doluerit,
530 2553 655 2595 quam
689 2553 841 2594 parum
874 2539 1060 2581 abfuerit
1092 2540 1196 2594 quin
1227 2539 1421 2580 animum
1455 2538 1732 2594 desponderet

144 2624 270 2652 senex
312 2611 635 2666 septuagenario
675 2611 813 2651 maior
855 2608 979 2650 facile
1018 2607 1320 2664 intelligimus.
1365 2608 1414 2650 In
1444 2608 1521 2650 illa
1553 2611 1729 2651 tristitia

143 2681 334 2736 primum
366 2694 525 2730 rumor,
554 2679 703 2721 deinde
730 2682 870 2721 certus
897 2680 1073 2720 nuntius
1100 2678 1151 2719 ad
1178 2692 1278 2719 eum
1305 2679 1515 2733 perfertur
1531 2679 1727 2723 facinoris

142 2751 269 2792 istius
304 2751 433 2792 fuisse
465 2751 682 2793 conscium
716 2749 948 2805 quendam,
984 2749 1058 2803 qui
1088 2749 1133 2789 in
1164 2762 1212 2790 eo
1243 2749 1520 2804 perpetrando
1554 2764 1726 2806 operam

190 2922 225 2963 1)
248 2923 367 2954 Gaston
392 2920 532 2954 Boiasiei·
555 2920 660 2953 -l'exil
680 2920 838 2952 d’ovide”
858 2920 891 2951 in
915 2920 1042 2952 „Revue
1061 2920 1114 2951 des
1133 2920 1213 2950 deux
1236 2919 1390 2950 Mondes”
1410 2919 1484 2951 anni
1505 2919 1592 2954 1867
1614 2921 1729 2953 mensis

146 2976 244 3008 Iunfi.
