2034 3334
934 377 987 419 97

183 512 284 556 ergo
329 500 447 543 istud
486 500 588 544 hoc
620 504 739 544 erat
778 515 878 545 cum
911 503 1056 546 dolore
1087 506 1129 546 et
1159 503 1454 560 indignatione
1484 507 1689 562 rogantis,

181 580 394 632 recteque,
427 581 475 620 ut
507 578 658 634 solent,
693 581 857 622 veteres
890 579 1154 623 Batavorum
1187 580 1394 637 philologi
1426 582 1503 624 hos
1536 595 1559 625 e
1591 582 1690 624 Vir—

182 653 286 709 gilio
319 654 593 709 comparandi
625 667 755 697 causa
786 658 1008 711 apponunt
1038 668 1214 699 versus:

244 729 352 772 Aen.
384 729 442 786 Π,
476 730 586 771 654;

298 837 395 880 Hoc
426 841 526 893 erat,
557 839 667 881 alma
698 852 865 895 parens,
899 840 1014 895 quod
1046 852 1115 882 me
1147 852 1224 895 per
1255 840 1351 895 tela,
1383 853 1460 896 per
1489 842 1612 896 ignes

299 913 454 969 Eripis,
489 917 538 956 ut
570 915 721 958 mediis
757 915 920 958 hostem
954 916 999 957 in
1031 915 1340 971 penetralibus,
1374 921 1508 972 utque

299 989 538 1032 Ascanium
569 994 822 1047 patremque
855 1005 998 1034 meum
1031 992 1242 1047 iuxtaque
1274 990 1477 1034 Creusam

298 1066 494 1109 Alterum
527 1068 574 1108 in
606 1067 784 1110 alterius
816 1071 1021 1110 mactatos
1055 1068 1266 1124 sanguine
1298 1081 1481 1110 cernam.

242 1182 319 1235 IV,
352 1183 465 1225 675:

300 1292 395 1335 Hoc
427 1293 548 1349 illud,
577 1306 792 1349 germana,
821 1293 915 1350 fuit,
948 1307 1016 1337 me
1046 1294 1196 1337 fraude
1227 1293 1432 1350 petebas?

238 1409 395 1453 Afferri
436 1412 563 1453 etiam
604 1411 740 1466 possit
782 1411 896 1466 quod
939 1412 1054 1467 apud
1087 1410 1291 1454 Ovidium
1323 1411 1438 1466 (Met.
1470 1411 1550 1465 XI,
1584 1412 1684 1465 694)

179 1485 401 1540 Halcyone
446 1487 718 1541 lamentatur,
763 1487 839 1529 ubi
869 1488 914 1529 in
947 1500 1098 1530 somno
1131 1488 1183 1530 de
1215 1488 1356 1530 mariti
1386 1487 1611 1543 naufragio
1643 1490 1686 1529 et

179 1565 315 1605 morte
345 1563 508 1619 accepit
539 1563 765 1605 nuntium:

295 1670 391 1713 Hoc
422 1674 523 1727 erat,
555 1672 647 1727 hoc,
679 1673 823 1714 animo
858 1672 974 1727 quod
1006 1672 1227 1715 divinante
1258 1671 1461 1714 timebam

297 1747 352 1790 Et
382 1761 437 1790 ne
467 1761 536 1790 me
566 1748 737 1804 fugiens
770 1752 922 1791 ventos
954 1761 1181 1804 sequerere
1213 1748 1428 1805 rogabam.

235 1864 305 1920 Et,
342 1866 495 1921 hercle,
526 1867 703 1909 minime
735 1868 893 1909 mirum
926 1871 990 1910 est
1020 1866 1170 1910 Latine
1202 1866 1459 1910 scribentem
1492 1866 1681 1921 aliquem

176 1941 222 1982 in
253 1941 332 1983 hac
363 1954 408 1984 re
443 1944 708 1997 pronominis
741 1943 829 1985 hic
861 1946 1064 1986 neutrum
1095 1955 1254 1999 ponere
1284 1956 1422 1998 genus
1455 1946 1497 1985 et
1528 1942 1682 1984 addere

178 2016 299 2060 verbi
330 2030 455 2061 esse
484 2019 794 2074 imperfectum.
826 2019 1094 2075 Expressum
1124 2031 1225 2061 vero
1252 2018 1464 2074 Propertii
1481 2031 1575 2061 esse
1590 2030 1685 2060 ver-

177 2106 274 2135 sum
306 2106 363 2136 ex
392 2093 628 2136 Horatiano

294 2201 390 2244 Hoc
421 2205 510 2245 erat
539 2203 586 2244 in
617 2204 728 2246 votis

177 2320 253 2375 qui
298 2317 515 2360 contendit
562 2317 741 2359 ridicule
787 2318 948 2373 ineptit.
975 2317 1087 2359 'Illic
1134 2317 1249 2359 enim
1292 2328 1470 2371 prorsus
1503 2315 1585 2356 alia
1617 2317 1682 2356 est

175 2394 375 2437 vocabuli
418 2396 537 2436 erat
578 2392 832 2448 significatio
871 2393 1213 2448 (Propertianum
1246 2394 1365 2434 erat
1397 2390 1556 2432 Graece
1588 2403 1681 2432 ver-

176 2471 354 2514 tendum
396 2473 459 2512 est
501 2465 546 2517 ἦν
584 2467 672 2522 ἄρα,
714 2468 998 2511 Horatianum
1041 2481 1140 2511 vero
1172 2465 1234 2509 ἀεὶ
1268 2462 1349 2521 ἦν);
1383 2466 1549 2508 nullam
1581 2478 1680 2521 ergo

177 2547 303 2589 aliam
352 2545 679 2600 comparationis
721 2557 868 2586 ansam
905 2544 950 2585 hi
981 2556 1134 2585 versus
1165 2541 1369 2598 praebent
1403 2555 1531 2597 quam
1565 2541 1680 2596 quod

177 2623 223 2664 in
270 2623 402 2664 altero
450 2623 514 2662 est
554 2621 610 2661 in
653 2619 824 2673 votis,
865 2619 910 2659 in
953 2618 1083 2660 altero
1115 2619 1170 2659 in
1203 2617 1415 2672 primis.
1448 2617 1507 2658 At
1538 2617 1680 2671 ipsum

178 2698 286 2740 illud
316 2698 371 2739 in
403 2696 604 2752 primis
636 2694 741 2749 quid
773 2693 983 2749 significet
1016 2706 1091 2748 pro
1124 2696 1238 2735 certo
1265 2706 1352 2734 non
1381 2695 1557 2735 constat.
1575 2691 1681 2733 Mihi

177 2774 350 2829 quidem
393 2771 571 2814 eandem
615 2770 701 2811 vim
734 2768 888 2811 habere
919 2769 1091 2811 videtur
1123 2781 1253 2823 quam
1285 2780 1416 2823 prae
1446 2767 1681 2822 ceteris,

177 2849 252 2893 sed
293 2850 330 2892 si
371 2849 468 2904 quis
510 2847 623 2889 dicat
666 2858 780 2888 esse:
813 2845 989 2901 primo
1021 2845 1195 2899 (amoris
1227 2844 1376 2898 nostri)
1408 2846 1681 2898 tempore,

1523 2916 1543 2950 7
