2034 3334
1074 368 1158 410 142

367 494 520 537 studiis
566 493 758 537 deditum
802 493 984 549 ideoque
1025 493 1087 535 nil
1129 493 1176 535 in
1218 505 1264 536 se
1305 492 1478 538 Amoris
1513 492 1652 537 valere
1682 493 1857 552 sagittas

365 584 489 627 saepe
535 570 775 627 gloriatum,
816 570 891 613 ubi
932 570 1104 614 tandem
1135 570 1255 613 illius
1284 583 1432 627 parere
1463 572 1655 628 imperiis
1685 574 1859 616 coactus

364 651 439 703 est,
493 647 618 704 lepid
623 648 765 690 ssimis
813 648 920 691 iocis
965 649 1218 704 perstringit
1263 647 1511 705 Propertius
1558 652 1624 692 et:
1690 647 1860 704 „Quid”

363 724 398 766 it
424 722 516 782 (111,
549 662 664 779 32(¹
646 713 704 765 27
739 725 868 780 sqqst)

544 831 656 883 Quid
688 835 762 876 tua
793 831 1019 876 Socraticis
1051 832 1128 876 tibi
1158 845 1278 876 nunc
1309 833 1515 890 sapientia
1544 833 1666 878 libris

600 908 796 952 Proderit
826 912 901 952 aut
929 922 1074 952 rerum
1106 909 1247 953 dicere
1278 922 1404 966 posse
1430 909 1555 953 vias?

539 986 629 1029 Aut
662 986 765 1042 quid
781 985 790 1029 2
808 1019 817 1029 .
835 1020 869 1029 ..
902 986 980 1029 tibi
1011 989 1190 1043 prosunt
1220 987 1411 1030 carmina
1445 986 1582 1030 lecta?

600 1062 674 1105 Nil
703 1063 825 1106 iuvat
854 1064 901 1105 in
932 1076 1086 1120 magno
1119 1066 1260 1107 vester
1289 1075 1435 1107 amore
1466 1075 1613 1107 senex.

424 1178 471 1223 Si
499 1179 634 1223 literis
667 1180 794 1223 etiam
825 1179 988 1236 aliquid
1020 1179 1121 1223 dare
1146 1181 1349 1237 temporis
1374 1180 1453 1236 vis,
1481 1180 1638 1223 erotica
1653 1192 1860 1237 compone

366 1257 567 1312 carmina,
611 1257 712 1299 huic
759 1255 838 1299 soli
877 1256 964 1299 iam
1006 1259 1131 1312 aptus
1163 1269 1208 1299 es
1239 1255 1426 1313 generi’'.
1458 1255 1522 1299 Eo
1552 1255 1646 1299 loco
1677 1254 1754 1299 ubi
1784 1268 1862 1313 ego

364 1331 565 1374 lacunam
619 1332 776 1388 reliqui
831 1332 879 1374 in
924 1331 1145 1375 codicibus
1191 1335 1293 1375 sunt
1336 1332 1589 1388 Erethei,
1635 1331 1863 1376 Crethei

144 1430 154 1441 ·
234 1430 241 1442 ι
282 1431 286 1436 -
365 1407 534 1464 aliaque
563 1407 778 1457 ἀδιανόητα
811 1407 970 1464 quibus
1001 1408 1205 1452 sanandis
1235 1409 1437 1465 permulti
1462 1421 1632 1466 operam
1651 1409 1860 1452 dederunt

365 1485 445 1527 viri
492 1485 615 1528 docti.
654 1485 849 1528 Profecto
889 1486 1087 1542 egregius
1119 1488 1183 1528 est
1213 1486 1387 1529 criticus
1418 1484 1638 1529 Lucianus
1667 1484 1861 1541 Mueller,

354 1561 409 1640 5in
441 1562 575 1617 poetis
606 1562 750 1605 latinis
781 1563 918 1619 siquis
949 1563 1060 1605 alius
1091 1565 1299 1618 versatus,
1331 1565 1497 1618 acutus,
1529 1575 1674 1619 sagax,
1707 1562 1857 1606 semel-

255 1643 449 1705 μὶ,.’ἱαὶᾳιιθ
494 1639 539 1680 in
580 1640 753 1682 nomine
794 1640 965 1696 proprio
997 1639 1185 1682 eruendo
1216 1643 1303 1682 tam
1334 1638 1439 1682 felix
1470 1638 1554 1681 fuit
1583 1642 1634 1682 ut
1661 1639 1756 1682 iure
1787 1638 1860 1682 ad-

39 1718 69 1762 ,ῑ
146 1699 213 1746 ‘²5⁷
224 1702 234 1716 '⁴
363 1715 630 1758 mirationem
673 1716 766 1758 eius
808 1719 978 1759 moveat
1009 1716 1257 1759 emendatio.
1288 1715 1529 1772 Legebatur
1560 1728 1715 1772 nempe
1745 1715 1860 1772 apud

22 1782 136 1846 px
170 1772 210 1794 'fl‘
235 1765 294 1875 (ἐ
362 1790 599 1843 Varronem
645 1792 722 1849 VI,
755 1794 834 1835 82:
882 1792 1106 1849 „Spectare
1146 1793 1307 1836 dictum
1349 1792 1403 1836 ab
1444 1793 1638 1849 specio
1667 1793 1861 1848 antiquo,

36 1873 91 1892 Μ’
41 1870 263 1962 :ll
246 1903 317 1954 A
304 1866 465 1953 “liquo
482 1869 607 1911 etiam
640 1868 809 1912 Ennius
842 1883 949 1913 usus
982 1873 1067 1913 est:

50 1950 147 2017 Ι
139 1992 199 2015 r
293 1972 375 2027 2¹5l
715 1978 806 2023 Vos
837 1979 962 2036 epulo
994 1982 1221 2036 postquam
1253 1977 1423 2035 spexit''

363 2096 408 2137 in
455 2109 540 2151 quo
594 2097 687 2139 loco
733 2097 913 2140 ridicule
958 2097 1168 2140 sudarunt
1214 2098 1295 2139 viri
1341 2097 1465 2152 docti,
1514 2109 1696 2153 quorum
1741 2109 1857 2140 unus

362 2173 605 2229 populos
652 2175 843 2217 coniecit.
889 2174 1072 2231 Egregie
1116 2187 1215 2217 vero
1258 2173 1477 2216 Lucianus
1518 2172 1709 2229 Mueller,
1749 2185 1857 2216 usus
1910 2206 1914 2216 s

363 2250 457 2292 loco
488 2251 600 2306 apud
630 2250 826 2294 Festum:
860 2251 1030 2308 „Spicit,
1054 2251 1222 2294 Ennius
1238 2233 1391 2294 lleV1
1408 2264 1517 2307 quos
1535 2250 1611 2294 ubi
1626 2250 1857 2294 rex...ulo

362 2327 503 2381 spexit
535 2327 587 2370 de
619 2327 788 2371 cotibus
819 2327 973 2371 celsis’'
1006 2329 1195 2372 restituit
1226 2341 1398 2371 versum
1435 2328 1706 2371 Ennianum:

543 2434 659 2486 Quos
690 2436 765 2479 ubi
795 2450 874 2480 rex
903 2436 1044 2494 Epulo
1076 2438 1216 2494 spexit
1249 2437 1301 2481 de
1331 2436 1498 2481 cotibus
1530 2437 1655 2481 celsis

364 2553 505 2608 agitur
552 2554 666 2596 enim
713 2554 766 2596 de
806 2553 918 2597 bello
958 2554 1123 2610 Isti-ico,
1166 2559 1208 2599 et
1239 2557 1329 2611 regi
1359 2555 1568 2599 Istrorum
1602 2567 1760 2598 nomen
1791 2557 1857 2598 est

363 2627 501 2683 Epulo
547 2632 654 2672 teste
699 2629 820 2672 Livio
865 2629 979 2686 XLI,
1014 2631 1080 2673 11.
1113 2630 1292 2674 Minime
1323 2635 1465 2675 tamen
1498 2631 1854 2687 praestantissimi

364 2705 500 2746 critici
548 2707 796 2749 auctoritate
841 2719 1013 2750 moveor
1057 2710 1107 2750 ut
1151 2708 1278 2751 etiam
1319 2708 1413 2750 loco
1454 2707 1730 2764 Propertiano
1762 2708 1856 2751 eius

363 2780 536 2835 probem
583 2782 829 2826 lectionem:
877 2783 992 2837 „Aut
1035 2784 1140 2840 quid
1181 2797 1276 2840 epe
1308 2783 1473 2827 Chii’'.
1504 2784 1695 2827 Primum
1728 2784 1855 2839 enim,

364 2859 413 2898 ut
459 2857 544 2899 iam
590 2857 697 2900 illud
745 2871 841 2914 epe
882 2856 986 2913 (ἔπη)
1026 2859 1192 2916 probes,
1232 2863 1374 2903 tamen
1406 2873 1502 2916 epe
1533 2862 1575 2903 et
1606 2859 1854 2902 carmina

1904 2232 1990 2303 Μ·
