2034 3334
45 1739 147 1871 a}

50 1884 161 2048 figi

1033 401 1088 441 54

278 530 394 569 certo
431 527 793 578 deprehendatur;
827 537 913 567 non
943 527 1039 567 vult
1070 538 1096 567 a
1126 518 1205 568 suo
1235 528 1368 570 fratre
1399 529 1541 580 aliquo
1572 540 1669 572 esse
1698 530 1844 572 dolore

278 604 480 645 affectam
507 603 728 643 Thaidem.
755 603 865 653 Ergo
882 603 1040 643 iterum
1057 603 1313 646 Eunuchum
1328 605 1476 646 omnia
1490 606 1579 647 iam
1595 606 1843 649 confessum

278 681 526 730 interrogat,
574 689 753 730 sperans
799 678 852 719 ab
898 679 971 720 illo
1017 671 1319 721 testimonium
1360 683 1611 723 revocatum
1651 682 1718 723 iri.
1760 681 1843 723 Sed
1911 677 1920 685 ⁴

277 756 395 806 prius
426 756 490 796 sic
520 755 734 805 Pythiada
764 755 995 805 alloquitur
1026 757 1104 803 (vs.
1139 756 1262 804 704):

1047 832 1140 882 Age
1170 843 1296 884 nunc,
1329 833 1466 884 belua,

721 907 868 949 Credis
898 908 998 948 huic
1028 908 1140 958 quod
1171 908 1306 949 dicit?

277 987 373 1027 Vox
413 996 513 1036 ergo
554 985 580 1025 b
593 985 720 1025 elua
759 995 845 1026 non
885 986 979 1025 tam
1014 985 1198 1040 aggestis
1235 987 1303 1026 est
1333 996 1464 1036 quam
1494 950 1634 1038 primo
1665 989 1842 1040 aspectu

275 1063 457 1103 videtur
1909 1074 1915 1079 ’

336 1138 498 1179 Verum
539 1137 691 1178 eadem
733 1147 842 1186 quae
883 1138 1013 1177 antea
1052 1138 1337 1188 respondente
1377 1137 1583 1181 Eunucho
1623 1139 1843 1194 exclamat

276 1218 354 1261 (vs.
388 1215 512 1261 709):

394 1290 585 1340 Iuppiter
615 1299 784 1340 magne,
819 1299 843 1329 o
875 1289 1109 1331 scelestum
1141 1291 1270 1340 atque
1301 1291 1509 1332 audacem
1539 1292 1776 1334 hominem.

277 1366 535 1407 Rectissime
582 1365 845 1406 Scholiasta:
893 1365 1155 1414 „Chaeream
1197 1366 1363 1407 scilicet
1401 1367 1471 1408 vel
1511 1351 1839 1410 Parmenonem.

276 1444 359 1484 Sed
389 1443 452 1483 sic
477 1441 842 1493 pronuntiandum
874 1443 952 1491 est,
986 1442 1036 1481 ut
1065 1443 1189 1491 putet
1219 1442 1375 1483 ancilla
1404 1443 1457 1483 de
1482 1443 1687 1485 Eunucho
1712 1443 1839 1489 dici.”

334 1518 417 1559 Hic
451 1518 631 1567 Pythias
663 1517 763 1563 (709
794 1519 897 1566 sq.):
923 1562 929 1568 .

1113 1593 1203 1633 Vae
1234 1594 1365 1640 mihi:

425 1670 568 1710 Etiam
600 1680 686 1710 non
717 1669 866 1710 credas
897 1669 1084 1719 indignis
1115 1680 1194 1710 nos
1226 1680 1322 1710 esse
1354 1670 1502 1711 irrisas
1533 1671 1707 1712 modis?

275 1747 420 1796 Neque
462 1746 659 1786 credas
699 1756 837 1794 neque
878 1745 1064 1785 credis
1106 1747 1229 1794 (quae
1259 1746 1437 1795 vulgata
1468 1748 1536 1787 est
1565 1747 1706 1794 lectio)
1738 1747 1840 1788 ferri

194 1823 345 1905 hic
376 1823 530 1872 potest.
566 1822 609 1861 Si
642 1822 812 1862 constat
843 1821 890 1860 is
922 1821 966 1860 in
998 1821 1183 1860 credis
1214 1831 1435 1870 nunquam
1467 1823 1655 1874 produci,
1687 1825 1837 1874 putan-

194 1856 378 1938 dum
406 1901 473 1938 est
499 1899 684 1948 graviori
711 1899 818 1938 vitio
844 1898 959 1938 hunc
978 1898 1122 1938 locum
1138 1898 1331 1938 laborare
1348 1901 1392 1938 et
1407 1901 1550 1939 totum
1572 1899 1838 1941 credendi

274 1975 454 2014 verbum
486 1975 570 2014 huc
601 1985 623 2014 e
655 1985 784 2014 versu
814 1975 1012 2024 sequenti
1043 1975 1277 2025 aberrasse,
1311 1976 1361 2015 ut
1391 1985 1495 2015 vera
1523 1976 1652 2016 lectio
1682 1975 1763 2016 sit.

424 2051 509 2090 710
540 2051 683 2091 Etiam
713 2052 762 2090 tu
792 2061 925 2100 negas
957 2051 1143 2101 indignis
1174 2061 1254 2091 nos
1285 2061 1381 2092 esse
1411 2051 1560 2092 irrisas
1590 2051 1764 2093 modis?

423 2127 505 2166 711
540 2127 696 2166 Mirum
727 2127 771 2166 ni
804 2127 941 2167 credis
972 2127 1084 2176 quod
1115 2127 1198 2167 iste
1229 2127 1356 2168 dicat.

333 2202 523 2242 Tandem
546 2203 598 2242 ad
615 2204 770 2243 incitas
786 2204 986 2244 redactus
1002 2204 1212 2244 Phaedria
1227 2204 1340 2244 clam
1357 2204 1410 2244 ad
1426 2204 1680 2245 Eunuchum
1696 2205 1836 2253 (712):
1865 2208 1867 2210 ’
1896 2195 1899 2197 ’

277 2280 409 2328 „heus
451 2280 606 2328 negato
648 2281 863 2330 rursum,”
907 2281 950 2319 et
991 2280 1139 2330 signis,
1183 2290 1209 2320 a
1250 2280 1459 2329 Pythiade
1494 2290 1686 2332 aversus,
1719 2280 1838 2322 iubet
1901 2293 1905 2296 ⁴

273 2355 527 2394 Eunuchum
559 2366 715 2405 negare
749 2365 857 2404 quae
889 2356 1016 2395 modo
1048 2356 1237 2405 agnovit.
1271 2355 1381 2396 Tum
1413 2356 1528 2395 clara
1557 2365 1685 2396 voce:
1716 2366 1835 2408 „pos-

272 2442 426 2470 sumne
483 2442 559 2479 ego
616 2431 741 2471 hodie
798 2442 852 2471 ex
898 2433 941 2471 te
989 2431 1238 2481 exsculpere
1284 2442 1436 2471 verum
1448 2433 1497 2471 ?'’
1544 2432 1626 2472 Hic
1671 2430 1835 2473 hodie

271 2507 479 2545 minantis
521 2507 795 2563 iracundique
837 2509 915 2547 est.
960 2509 1101 2557 Atque
1142 2508 1214 2547 ubi
1258 2509 1434 2558 negavit
1464 2508 1695 2549 Eunuchus
1725 2519 1835 2559 quae

271 2592 425 2629 negare
453 2583 596 2621 iussus
624 2585 702 2632 est,
731 2593 880 2623 secum
907 2594 1007 2623 eum
1034 2584 1211 2623 domum
1238 2584 1372 2623 trahit
1393 2584 1515 2634 quasi
1532 2584 1584 2624 ad
1601 2585 1830 2625 tormenta.

275 2656 318 2704 „I
352 2657 462 2696 intro
495 2659 725 2697 nunciam”
762 2659 979 2698 exclamat
1009 2658 1110 2699 ficta
1141 2659 1372 2709 iracundia,
1406 2661 1450 2699 et
1475 2660 1707 2700 Eunuchus
1732 2658 1832 2701 ficto

271 2732 448 2771 timore:
488 2734 638 2781 „olei”

330 2808 427 2845 Sola
454 2808 602 2847 relicta
629 2819 727 2848 cum
755 2809 935 2850 Doriade
958 2811 1137 2859 Pythias
1153 2810 1369 2860 significat
1384 2822 1431 2851 se
1447 2811 1576 2860 probe
1592 2810 1832 2859 intelligere

270 2884 549 2922 Parmenonis
592 2885 713 2923 illum
755 2886 888 2924 fuisse
931 2887 1088 2926 dolum.
1129 2886 1235 2936 Quid
1266 2887 1325 2926 sit
1355 2887 1569 2936 agendum
1600 2885 1828 2926 Doriadem

270 2960 403 3007 rogat.
442 2959 574 3007 „Rem
608 2961 727 3000 tace‘’
762 2961 834 3000 illa
867 2962 926 3001 ait
958 2963 1001 3001 et
1033 2962 1130 3007 (721
1165 2964 1295 3012 sqq.):
