2034 3334
1024 369 1079 412 90

295 493 407 537 tur''.
441 493 525 537 Sed
556 506 699 550 neque
730 496 944 538 sententia
968 494 1043 538 illa
1069 508 1093 539 e
1118 494 1228 538 libro
1255 494 1307 538 de
1324 494 1431 555 Arge
1447 493 1620 538 Poetica
1635 498 1807 553 sumpta
1823 503 1854 532 Aa
1873 485 1955 536 nid
2004 478 2006 481 ⁵

295 571 350 614 ad
381 574 572 614 nostram
601 572 897 627 quaestionem
930 573 1125 628 pertinet,
1157 575 1200 615 et
1229 572 1372 615 iudice
1397 571 1658 615 Ruhnkenio
1677 572 1807 617 verba

294 647 534 692 Horatiana
580 661 636 691 ex
684 649 906 693 Asinianis
954 653 1059 692 sunt
1105 661 1322 706 expressa,
1370 662 1456 692 non
1498 649 1709 693 Asiniana
1750 663 1807 694 ex

295 724 557 768 Horatianis.

355 801 558 845 Livius
598 802 830 846 historicus
873 802 1054 846 Horatio
1097 803 1253 860 viginti
1283 816 1421 846 annos
1452 806 1670 860 superstes
1699 803 1805 847 fuit:

295 878 416 922 nulla
446 882 591 922 tamen
622 879 762 922 adhuc
793 883 908 923 certa
940 881 1065 937 signa
1096 883 1262 937 reperta
1293 883 1398 923 sunt
1430 893 1453 923 e
1485 879 1646 937 quibus
1679 893 1807 937 appa-

296 958 387 998 reat
433 955 662 999 Horatium
707 960 858 1000 notum
903 958 943 1000 ei
974 957 1120 1000 fuisse.
1151 955 1362 1000 Desinant
1394 969 1494 1013 ergo
1524 957 1698 1001 tandem
1731 957 1808 1000 ali-

299 1032 472 1088 quando
505 1046 712 1090 quaerere
737 1034 818 1076 viri
847 1034 974 1077 docti.
1001 1033 1113 1077 Nam
1140 1034 1279 1078 solent
1296 1033 1470 1090 quidem
1487 1034 1628 1077 afferri
1643 1034 1809 1090 aliquot

297 1110 550 1154 imitationis
598 1111 808 1168 exempla,
857 1111 932 1155 sed
980 1111 1096 1155 aliud
1135 1111 1218 1155 alio
1261 1115 1326 1155 est
1365 1112 1584 1155 incertius.
1627 1110 1808 1168 Singula

297 1200 612 1232 recenseamus.

357 1264 507 1308 Livius
538 1264 614 1320 VI,
649 1266 717 1322 19,
752 1266 778 1307 2
811 1267 1023 1309 sententia
1054 1266 1212 1308 utitur:
1251 1265 1337 1320 „Ut
1368 1266 1461 1309 suis
1486 1265 1578 1322 ipse
1605 1267 1808 1309 oneratus

297 1341 465 1385 viribus
496 1341 637 1398 ruat'',
670 1345 712 1385 et
742 1341 913 1385 Horatii
945 1342 1014 1385 hic
1045 1355 1198 1385 versus
1231 1346 1295 1385 est
1327 1341 1475 1398 (Epod.
1507 1341 1656 1397 XVI):

598 1443 699 1488 Suis
731 1448 774 1488 et
803 1446 898 1502 ipsa
929 1444 1066 1488 Roma
1098 1445 1264 1488 viribus
1296 1445 1394 1488 ruit.

358 1547 490 1604 Apud
521 1546 692 1590 Livium
726 1547 914 1605 (XXXI,
950 1549 1019 1604 18,
1052 1549 1092 1604 7)
1125 1548 1335 1592 vocabula
1366 1549 1489 1591 vias
1519 1548 1626 1591 leti
1654 1547 1806 1606 legun-

299 1627 383 1680 tur,
438 1625 554 1681 apud
608 1624 839 1668 Horatium
895 1624 988 1680 (Od.
1035 1625 1068 1681 I,
1115 1626 1185 1681 28,
1234 1626 1297 1679 5):
1357 1626 1450 1668 via
1493 1625 1608 1668 leti.
1656 1623 1806 1669 Livius

301 1701 529 1757 (XXXIV,
560 1703 602 1758 4,
637 1703 678 1756 3)
712 1701 915 1745 Catonem
948 1703 994 1744 in
1022 1703 1213 1746 oratione
1240 1703 1292 1745 de
1317 1702 1413 1759 lege
1440 1701 1578 1760 Oppia
1594 1702 1805 1747 dicentem

299 1779 422 1822 facit:
461 1792 542 1834 „ne
571 1779 670 1822 illae
703 1781 838 1835 magis
871 1793 950 1822 nos
982 1780 1174 1836 ceperint
1206 1793 1334 1836 quam
1363 1792 1442 1822 nos
1467 1778 1606 1834 illas'',
1633 1783 1675 1823 et
1691 1779 1807 1836 apud

299 1855 529 1899 Horatium
562 1855 654 1912 (Ep.
687 1855 743 1911 H,
774 1857 811 1911 l,
845 1856 944 1911 156)
977 1856 1197 1899 decantata
1229 1856 1303 1900 illa
1329 1856 1488 1913 legitur
1513 1857 1746 1900 sententia:

483 1957 661 2001 Graecia
691 1962 814 2015 capta
845 1958 986 2001 ferum
1019 1959 1223 2002 victorem
1256 1959 1369 2015 cepit
1400 1961 1443 2002 et
1473 1961 1586 2002 artes

480 2034 635 2077 Intulit
667 2035 825 2091 agresti
855 2034 989 2078 Latio.

362 2136 537 2180 Nullam
568 2137 647 2180 hos
678 2137 794 2180 locos
825 2135 1110 2190 παραλλήλους
1142 2136 1297 2180 habere
1328 2137 1616 2193 persuadendi
1647 2137 1735 2180 vim
1767 2139 1811 2180 et

302 2227 380 2270 ego
413 2227 566 2257 censeo
601 2217 644 2256 et
669 2215 838 2270 egregie
871 2214 1135 2256 demonstrat
1166 2213 1383 2257 Hertzius.
1417 2213 1512 2265 Quo
1546 2214 1681 2271 magis
1707 2227 1807 2257 eum

304 2292 437 2334 miror
469 2291 521 2334 de
551 2304 683 2334 versu
716 2290 927 2333 Ovidiano
959 2290 1074 2344 (Fast
1105 2290 1185 2348 III,
1221 2292 1303 2334 101
1337 2292 1439 2348 sq.):

483 2392 688 2436 Nondum
721 2393 956 2436 tradideras
987 2394 1124 2436 victas
1156 2393 1393 2437 victoribus
1430 2397 1542 2436 artes

485 2470 661 2513 Graecia

306 2572 410 2614 haec
441 2571 675 2615 affirmare:
714 2571 823 2626 „Hic
851 2570 1033 2614 Ovidius
1060 2571 1261 2614 omnibus
1288 2570 1655 2614 consentientibus
1671 2570 1810 2614 Hora-

306 2649 414 2690 tium
447 2652 546 2691 ante
579 2650 726 2692 oculos
757 2648 950 2706 habuit'',
983 2662 1071 2691 non
1103 2648 1304 2691 omnibus
1328 2649 1414 2691 illis
1441 2661 1564 2691 suam
1594 2660 1810 2704 opponere

307 2726 627 2767 auctoritatem:
663 2730 726 2769 est
758 2727 872 2769 enim
905 2725 1093 2783 profecto
1125 2727 1280 2768 πολλῶν
1312 2722 1494 2774 ἀντάξιος
1525 2723 1668 2766 ἄλλων.
1698 2725 1808 2768 Nam

306 2799 534 2842 verborum
569 2802 727 2857 quibus
759 2803 875 2858 apud
901 2802 1074 2845 Livium
1102 2802 1204 2845 Cato
1231 2803 1368 2845 utitur
1386 2802 1498 2844 haud
1514 2801 1643 2844 dubie
1660 2802 1807 2844 eadem

306 2877 372 2918 vis
412 2880 476 2919 est
507 2882 636 2933 atque
668 2891 874 2922 versuum
905 2879 1240 2922 Horatianorum
1273 2891 1329 2921 ex
1360 2879 1480 2934 epist.
1511 2877 1567 2933 II,
1603 2878 1649 2932 13
1682 2878 1804 2921 locus
