<?xml version="1.0" encoding="UTF-8"?>
<!DOCTYPE html PUBLIC "-//W3C//DTD XHTML 1.0 Transitional//EN"
    "http://www.w3.org/TR/xhtml1/DTD/xhtml1-transitional.dtd">
<html xmlns="http://www.w3.org/1999/xhtml" xml:lang="en" lang="en">
 <head>
  <title>
</title>
<meta http-equiv="Content-Type" content="text/html;charset=utf-8" />
  <meta name='ocr-system' content='tesseract 3.04.00' />
  <meta name='ocr-capabilities' content='ocr_page ocr_carea ocr_par ocr_line ocrx_word'/>
</head>
<body>
  <div class='ocr_page' id='page_1' title='image "./dehoratiopota00hartuoft_0433.png"; bbox 0 0 2034 3334; ppageno 0'>
   <div class='ocr_carea' id='block_1_1' title="bbox 924 470 979 510">
    <p class='ocr_par' dir='ltr' id='par_1_1' title="bbox 924 470 979 510">
     <span class='ocr_line' id='line_1_1' title="bbox 924 470 979 510; baseline 0 0"><span class='ocrx_word' id='word_1_1' title='bbox 924 470 979 510; x_wconf 87' lang='lat'>49</span> 
     </span>
    </p>
   </div>
   <div class='ocr_carea' id='block_1_2' title="bbox 0 0 244 640">
    <p class='ocr_par' dir='ltr' id='par_1_2' title="bbox 0 0 244 640">
     <span class='ocr_line' id='line_1_2' title="bbox 0 0 244 640; baseline 0.275 -68"><span class='ocrx_word' id='word_1_2' title='bbox 0 0 244 640; x_wconf 95' lang='lat' dir='ltr'>  </span> 
     </span>
    </p>
   </div>
   <div class='ocr_carea' id='block_1_3' title="bbox 0 597 2029 2537">
    <p class='ocr_par' dir='ltr' id='par_1_3' title="bbox 0 597 2029 1027">
     <span class='ocr_line' id='line_1_3' title="bbox 172 597 1730 650; baseline -0.004 -9"><span class='ocrx_word' id='word_1_3' title='bbox 172 603 276 642; x_wconf 84' lang='lat' dir='ltr'>nota</span> <span class='ocrx_word' id='word_1_4' title='bbox 301 599 580 650; x_wconf 74' lang='lat' dir='ltr'>aegritudinis</span> <span class='ocrx_word' id='word_1_5' title='bbox 607 600 651 638; x_wconf 93' lang='lat' dir='ltr'>et</span> <span class='ocrx_word' id='word_1_6' title='bbox 676 598 998 648; x_wconf 77' lang='lat' dir='ltr'>desperationis.</span> <span class='ocrx_word' id='word_1_7' title='bbox 1027 597 1120 636; x_wconf 92' lang='lat' dir='ltr'>Non</span> <span class='ocrx_word' id='word_1_8' title='bbox 1146 598 1238 636; x_wconf 89' lang='lat' dir='ltr'>tam</span> <span class='ocrx_word' id='word_1_9' title='bbox 1266 598 1368 636; x_wconf 88' lang='lat' dir='ltr'>sunt</span> <span class='ocrx_word' id='word_1_10' title='bbox 1392 597 1530 646; x_wconf 91' lang='lat' dir='ltr'>primo</span> <span class='ocrx_word' id='word_1_11' title='bbox 1553 598 1730 646; x_wconf 88' lang='lat' dir='ltr'>aspectu</span> 
     </span>
     <span class='ocr_line' id='line_1_4' title="bbox 171 674 1730 728; baseline -0.003 -11"><span class='ocrx_word' id='word_1_12' title='bbox 171 677 396 728; x_wconf 88' lang='lat' dir='ltr'>perspicua</span> <span class='ocrx_word' id='word_1_13' title='bbox 436 677 563 716; x_wconf 86' lang='lat' dir='ltr'>haec:</span> <span class='ocrx_word' id='word_1_14' title='bbox 611 676 736 726; x_wconf 87' lang='lat' dir='ltr'>„quid</span> <span class='ocrx_word' id='word_1_15' title='bbox 776 677 871 715; x_wconf 91' lang='lat' dir='ltr'>tum</span> <span class='ocrx_word' id='word_1_16' title='bbox 913 676 1091 724; x_wconf 85' lang='lat' dir='ltr'>postea?</span> <span class='ocrx_word' id='word_1_17' title='bbox 1132 674 1192 713; x_wconf 90' lang='lat' dir='ltr'>nil</span> <span class='ocrx_word' id='word_1_18' title='bbox 1234 675 1342 714; x_wconf 90' lang='lat' dir='ltr'>est.”</span> <span class='ocrx_word' id='word_1_19' title='bbox 1380 675 1551 714; x_wconf 88' lang='lat' dir='ltr'>Habent</span> <span class='ocrx_word' id='word_1_20' title='bbox 1581 675 1730 713; x_wconf 91' lang='lat' dir='ltr'>tamen</span> 
     </span>
     <span class='ocr_line' id='line_1_5' title="bbox 172 749 2029 802; baseline -0.003 -10"><span class='ocrx_word' id='word_1_21' title='bbox 172 754 279 793; x_wconf 90' lang='lat' dir='ltr'>haec</span> <span class='ocrx_word' id='word_1_22' title='bbox 335 763 499 802; x_wconf 89' lang='lat' dir='ltr'>quoque</span> <span class='ocrx_word' id='word_1_23' title='bbox 555 752 820 801; x_wconf 83' lang='lat' dir='ltr'>permultum</span> <span class='ocrx_word' id='word_1_24' title='bbox 875 751 1130 789; x_wconf 75' lang='lat' dir='ltr'>venustatis.</span> <span class='ocrx_word' id='word_1_25' title='bbox 1189 751 1384 789; x_wconf 87' lang='lat' dir='ltr'>Primum</span> <span class='ocrx_word' id='word_1_26' title='bbox 1441 751 1566 799; x_wconf 64' lang='lat' dir='ltr'>quid</span> <span class='ocrx_word' id='word_1_27' title='bbox 1615 752 1730 801; x_wconf 57' lang='lat' dir='ltr'>tum</span> <span class='ocrx_word' id='word_1_28' title='bbox 1821 749 1950 788; x_wconf 53' lang='lat' dir='ltr'>mad,</span> <span class='ocrx_word' id='word_1_29' title='bbox 1969 754 2029 800; x_wconf 50' lang='lat' dir='ltr'>m*</span> 
     </span>
     <span class='ocr_line' id='line_1_6' title="bbox 172 825 1734 881; baseline -0.003 -13"><span class='ocrx_word' id='word_1_30' title='bbox 172 830 371 881; x_wconf 72' lang='lat' dir='ltr'>postea</span> <span class='ocrx_word' id='word_1_31' title='bbox 402 829 501 876; x_wconf 90' lang='lat' dir='ltr'>quid</span> <span class='ocrx_word' id='word_1_32' title='bbox 533 828 592 866; x_wconf 91' lang='lat' dir='ltr'>sit</span> <span class='ocrx_word' id='word_1_33' title='bbox 623 828 804 866; x_wconf 89' lang='lat' dir='ltr'>constat.</span> <span class='ocrx_word' id='word_1_34' title='bbox 840 827 909 865; x_wconf 83' lang='lat' dir='ltr'>Sic</span> <span class='ocrx_word' id='word_1_35' title='bbox 940 826 1056 865; x_wconf 90' lang='lat' dir='ltr'>enim</span> <span class='ocrx_word' id='word_1_36' title='bbox 1087 827 1241 874; x_wconf 90' lang='lat' dir='ltr'>rogant</span> <span class='ocrx_word' id='word_1_37' title='bbox 1271 826 1343 874; x_wconf 85' lang='lat' dir='ltr'>qui</span> <span class='ocrx_word' id='word_1_38' title='bbox 1374 825 1619 874; x_wconf 88' lang='lat' dir='ltr'>significant</span> <span class='ocrx_word' id='word_1_39' title='bbox 1638 825 1734 878; x_wconf 60' lang='lat' dir='ltr'>§.ib-i</span> 
     </span>
     <span class='ocr_line' id='line_1_7' title="bbox 173 897 1732 958; baseline -0.002 -15"><span class='ocrx_word' id='word_1_40' title='bbox 173 904 361 954; x_wconf 75' lang='lat' dir='ltr'>aliquam</span> <span class='ocrx_word' id='word_1_41' title='bbox 402 914 494 943; x_wconf 89' lang='lat' dir='ltr'>rem</span> <span class='ocrx_word' id='word_1_42' title='bbox 536 913 621 942; x_wconf 90' lang='lat' dir='ltr'>non</span> <span class='ocrx_word' id='word_1_43' title='bbox 662 902 798 941; x_wconf 89' lang='lat' dir='ltr'>videri</span> <span class='ocrx_word' id='word_1_44' title='bbox 838 902 985 953; x_wconf 84' lang='lat' dir='ltr'>magni</span> <span class='ocrx_word' id='word_1_45' title='bbox 1015 901 1239 941; x_wconf 86' lang='lat' dir='ltr'>momenti.</span> <span class='ocrx_word' id='word_1_46' title='bbox 1262 897 1288 947; x_wconf 94' lang='lat'>¹)</span> <span class='ocrx_word' id='word_1_47' title='bbox 1321 901 1481 940; x_wconf 87' lang='lat' dir='ltr'>Deinde</span> <span class='ocrx_word' id='word_1_48' title='bbox 1512 901 1732 958; x_wconf 86' lang='lat' dir='ltr'>vocabulis</span> 
     </span>
     <span class='ocr_line' id='line_1_8' title="bbox 0 977 1731 1027; baseline -0.004 -5"><span class='ocrx_word' id='word_1_49' title='bbox 0 982 21 1023; x_wconf 61' lang='grc' dir='ltr'>Ξ·</span> <span class='ocrx_word' id='word_1_50' title='bbox 173 980 252 1019; x_wconf 89' lang='lat' dir='ltr'>nil</span> <span class='ocrx_word' id='word_1_51' title='bbox 284 981 370 1019; x_wconf 88' lang='lat' dir='ltr'>est</span> <span class='ocrx_word' id='word_1_52' title='bbox 396 979 607 1018; x_wconf 81' lang='lat' dir='ltr'>Phaedria</span> <span class='ocrx_word' id='word_1_53' title='bbox 633 977 847 1027; x_wconf 88' lang='lat' dir='ltr'>significat</span> <span class='ocrx_word' id='word_1_54' title='bbox 873 978 926 1016; x_wconf 88' lang='lat' dir='ltr'>in</span> <span class='ocrx_word' id='word_1_55' title='bbox 942 978 1074 1016; x_wconf 90' lang='lat' dir='ltr'>urbe</span> <span class='ocrx_word' id='word_1_56' title='bbox 1100 977 1207 1016; x_wconf 88' lang='lat' dir='ltr'>nihil</span> <span class='ocrx_word' id='word_1_57' title='bbox 1233 987 1329 1016; x_wconf 89' lang='lat' dir='ltr'>esse</span> <span class='ocrx_word' id='word_1_58' title='bbox 1347 978 1456 1026; x_wconf 88' lang='lat' dir='ltr'>quod</span> <span class='ocrx_word' id='word_1_59' title='bbox 1472 987 1731 1026; x_wconf 85' lang='lat' dir='ltr'>magnopere</span> 
     </span>
    </p>

    <p class='ocr_par' dir='ltr' id='par_1_4' title="bbox 173 1052 1732 1103">
     <span class='ocr_line' id='line_1_9' title="bbox 173 1052 1732 1103; baseline -0.003 -8"><span class='ocrx_word' id='word_1_60' title='bbox 173 1055 385 1095; x_wconf 85' lang='lat' dir='ltr'>desideret</span> <span class='ocrx_word' id='word_1_61' title='bbox 417 1054 774 1103; x_wconf 89' lang='lat' dir='ltr'>(quandoquidem</span> <span class='ocrx_word' id='word_1_62' title='bbox 805 1053 893 1092; x_wconf 88' lang='lat' dir='ltr'>illic</span> <span class='ocrx_word' id='word_1_63' title='bbox 923 1064 1089 1101; x_wconf 90' lang='lat' dir='ltr'>quoque</span> <span class='ocrx_word' id='word_1_64' title='bbox 1120 1063 1195 1102; x_wconf 88' lang='lat' dir='ltr'>per</span> <span class='ocrx_word' id='word_1_65' title='bbox 1225 1053 1402 1092; x_wconf 88' lang='lat' dir='ltr'>biduum</span> <span class='ocrx_word' id='word_1_66' title='bbox 1434 1052 1474 1092; x_wconf 91' lang='lat' dir='ltr'>ei</span> <span class='ocrx_word' id='word_1_67' title='bbox 1500 1053 1732 1092; x_wconf 90' lang='lat' dir='ltr'>carendum</span> 
     </span>
    </p>

    <p class='ocr_par' dir='ltr' id='par_1_5' title="bbox 117 1126 1733 1558">
     <span class='ocr_line' id='line_1_10' title="bbox 173 1126 1733 1188; baseline -0.003 -18"><span class='ocrx_word' id='word_1_68' title='bbox 173 1132 240 1170; x_wconf 88' lang='lat' dir='ltr'>est</span> <span class='ocrx_word' id='word_1_69' title='bbox 282 1130 455 1176; x_wconf 88' lang='lat' dir='ltr'>Thaide)</span> <span class='ocrx_word' id='word_1_70' title='bbox 476 1126 518 1176; x_wconf 77' lang='grc'>2).</span> <span class='ocrx_word' id='word_1_71' title='bbox 557 1129 1349 1188; x_wconf 60' lang='lat' dir='ltr'>QQQ</span> <span class='ocrx_word' id='word_1_72' title='bbox 1384 1129 1456 1177; x_wconf 88' lang='lat' dir='ltr'>qui</span> <span class='ocrx_word' id='word_1_73' title='bbox 1487 1129 1540 1167; x_wconf 92' lang='lat' dir='ltr'>ad</span> <span class='ocrx_word' id='word_1_74' title='bbox 1570 1128 1733 1167; x_wconf 88' lang='lat' dir='ltr'>lemma</span> 
     </span>
     <span class='ocr_line' id='line_1_11' title="bbox 117 1204 1733 1254; baseline -0.002 -8"><span class='ocrx_word' id='word_1_75' title='bbox 117 1247 121 1254; x_wconf 70' lang='grc'>,</span> <span class='ocrx_word' id='word_1_76' title='bbox 174 1207 319 1246; x_wconf 91' lang='lat' dir='ltr'>nihil</span> <span class='ocrx_word' id='word_1_77' title='bbox 366 1207 483 1246; x_wconf 85' lang='lat' dir='ltr'>est?</span> <span class='ocrx_word' id='word_1_78' title='bbox 530 1206 690 1254; x_wconf 82' lang='lat' dir='ltr'>quid?</span> <span class='ocrx_word' id='word_1_79' title='bbox 736 1205 912 1244; x_wconf 86' lang='lat' dir='ltr'>nihil?</span> <span class='ocrx_word' id='word_1_80' title='bbox 959 1205 1007 1243; x_wconf 91' lang='lat' dir='ltr'>si</span> <span class='ocrx_word' id='word_1_81' title='bbox 1053 1215 1157 1244; x_wconf 91' lang='lat' dir='ltr'>non</span> <span class='ocrx_word' id='word_1_82' title='bbox 1204 1206 1404 1244; x_wconf 90' lang='lat' dir='ltr'>annotat:</span> <span class='ocrx_word' id='word_1_83' title='bbox 1451 1204 1733 1254; x_wconf 88' lang='lat' dir='ltr'>„Amantium</span> 
     </span>
     <span class='ocr_line' id='line_1_12' title="bbox 174 1280 1733 1331; baseline -0.003 -9"><span class='ocrx_word' id='word_1_84' title='bbox 174 1283 486 1331; x_wconf 87' lang='lat' dir='ltr'>disputationes</span> <span class='ocrx_word' id='word_1_85' title='bbox 513 1281 811 1320; x_wconf 83' lang='lat' dir='ltr'>intermiscent</span> <span class='ocrx_word' id='word_1_86' title='bbox 838 1281 1049 1329; x_wconf 85' lang='lat' dir='ltr'>quaedam</span> <span class='ocrx_word' id='word_1_87' title='bbox 1076 1280 1254 1320; x_wconf 86' lang='lat' dir='ltr'>consilia</span> <span class='ocrx_word' id='word_1_88' title='bbox 1280 1290 1411 1319; x_wconf 86' lang='lat' dir='ltr'>sanae</span> <span class='ocrx_word' id='word_1_89' title='bbox 1432 1280 1605 1329; x_wconf 75' lang='lat' dir='ltr'>mentis,</span> <span class='ocrx_word' id='word_1_90' title='bbox 1625 1290 1733 1327; x_wconf 88' lang='lat' dir='ltr'>quae</span> 
     </span>
     <span class='ocr_line' id='line_1_13' title="bbox 174 1355 1733 1405; baseline -0.002 -8"><span class='ocrx_word' id='word_1_91' title='bbox 174 1360 323 1398; x_wconf 90' lang='lat' dir='ltr'>tamen</span> <span class='ocrx_word' id='word_1_92' title='bbox 349 1357 500 1396; x_wconf 90' lang='lat' dir='ltr'>statim</span> <span class='ocrx_word' id='word_1_93' title='bbox 527 1357 791 1405; x_wconf 87' lang='lat' dir='ltr'>resurgentis</span> <span class='ocrx_word' id='word_1_94' title='bbox 819 1356 979 1395; x_wconf 88' lang='lat' dir='ltr'>amoris</span> <span class='ocrx_word' id='word_1_95' title='bbox 1006 1356 1190 1395; x_wconf 89' lang='lat' dir='ltr'>saevitia</span> <span class='ocrx_word' id='word_1_96' title='bbox 1216 1356 1541 1395; x_wconf 87' lang='lat' dir='ltr'>devincuntur.&#39;’</span> <span class='ocrx_word' id='word_1_97' title='bbox 1563 1355 1733 1394; x_wconf 88' lang='lat' dir='ltr'>Etenim</span> 
     </span>
     <span class='ocr_line' id='line_1_14' title="bbox 175 1430 1732 1479; baseline -0.003 -6"><span class='ocrx_word' id='word_1_98' title='bbox 175 1434 219 1473; x_wconf 91' lang='lat' dir='ltr'>in</span> <span class='ocrx_word' id='word_1_99' title='bbox 259 1433 479 1473; x_wconf 90' lang='lat' dir='ltr'>vocabulis</span> <span class='ocrx_word' id='word_1_100' title='bbox 516 1432 662 1471; x_wconf 90' lang='lat' dir='ltr'>nihil</span> <span class='ocrx_word' id='word_1_101' title='bbox 694 1433 781 1471; x_wconf 90' lang='lat' dir='ltr'>est</span> <span class='ocrx_word' id='word_1_102' title='bbox 813 1432 1040 1471; x_wconf 88' lang='lat' dir='ltr'>consilium</span> <span class='ocrx_word' id='word_1_103' title='bbox 1072 1442 1203 1471; x_wconf 85' lang='lat' dir='ltr'>sanae</span> <span class='ocrx_word' id='word_1_104' title='bbox 1234 1432 1395 1471; x_wconf 89' lang='lat' dir='ltr'>mentis</span> <span class='ocrx_word' id='word_1_105' title='bbox 1427 1430 1558 1470; x_wconf 87' lang='lat' dir='ltr'>finem</span> <span class='ocrx_word' id='word_1_106' title='bbox 1590 1431 1732 1479; x_wconf 85' lang='lat' dir='ltr'>habet⁷</span> 
     </span>
     <span class='ocr_line' id='line_1_15' title="bbox 175 1508 993 1558; baseline -0.002 -10"><span class='ocrx_word' id='word_1_107' title='bbox 175 1520 200 1548; x_wconf 90' lang='lat' dir='ltr'>a</span> <span class='ocrx_word' id='word_1_108' title='bbox 231 1509 359 1558; x_wconf 91' lang='lat' dir='ltr'>quid</span> <span class='ocrx_word' id='word_1_109' title='bbox 391 1508 576 1557; x_wconf 84' lang='lat' dir='ltr'>resurgit</span> <span class='ocrx_word' id='word_1_110' title='bbox 607 1508 767 1547; x_wconf 87' lang='lat' dir='ltr'>amoris</span> <span class='ocrx_word' id='word_1_111' title='bbox 798 1508 993 1546; x_wconf 91' lang='lat' dir='ltr'>saevitia.</span> 
     </span>
    </p>

    <p class='ocr_par' dir='ltr' id='par_1_6' title="bbox 175 1583 1736 2011">
     <span class='ocr_line' id='line_1_16' title="bbox 233 1583 1734 1632; baseline -0.001 -9"><span class='ocrx_word' id='word_1_112' title='bbox 233 1585 346 1624; x_wconf 89' lang='lat' dir='ltr'>Dum</span> <span class='ocrx_word' id='word_1_113' title='bbox 392 1585 525 1623; x_wconf 85' lang='lat' dir='ltr'>etiarn</span> <span class='ocrx_word' id='word_1_114' title='bbox 572 1594 719 1623; x_wconf 86' lang='lat' dir='ltr'>secum</span> <span class='ocrx_word' id='word_1_115' title='bbox 766 1584 954 1632; x_wconf 87' lang='lat' dir='ltr'>loquitur</span> <span class='ocrx_word' id='word_1_116' title='bbox 994 1584 1214 1632; x_wconf 84' lang='lat' dir='ltr'>Phaedria,</span> <span class='ocrx_word' id='word_1_117' title='bbox 1259 1585 1303 1622; x_wconf 89' lang='lat' dir='ltr'>et</span> <span class='ocrx_word' id='word_1_118' title='bbox 1344 1584 1395 1622; x_wconf 91' lang='lat' dir='ltr'>ab</span> <span class='ocrx_word' id='word_1_119' title='bbox 1438 1583 1573 1622; x_wconf 88' lang='lat' dir='ltr'>altera</span> <span class='ocrx_word' id='word_1_120' title='bbox 1613 1583 1734 1631; x_wconf 86' lang='lat' dir='ltr'>parte</span> 
     </span>
     <span class='ocr_line' id='line_1_17' title="bbox 175 1657 1735 1708; baseline -0.003 -9"><span class='ocrx_word' id='word_1_121' title='bbox 175 1660 313 1699; x_wconf 90' lang='lat' dir='ltr'>otiosa</span> <span class='ocrx_word' id='word_1_122' title='bbox 354 1660 498 1698; x_wconf 89' lang='lat' dir='ltr'>adstat</span> <span class='ocrx_word' id='word_1_123' title='bbox 539 1659 702 1708; x_wconf 84' lang='lat' dir='ltr'>Dorias,</span> <span class='ocrx_word' id='word_1_124' title='bbox 751 1659 930 1708; x_wconf 89' lang='lat' dir='ltr'>„timida</span> <span class='ocrx_word' id='word_1_125' title='bbox 971 1659 1112 1697; x_wconf 91' lang='lat' dir='ltr'>subito</span> <span class='ocrx_word' id='word_1_126' title='bbox 1155 1659 1368 1707; x_wconf 86' lang='lat' dir='ltr'>egreditur</span> <span class='ocrx_word' id='word_1_127' title='bbox 1400 1658 1622 1706; x_wconf 87' lang='lat' dir='ltr'>Pythias.&#39;’</span> <span class='ocrx_word' id='word_1_128' title='bbox 1655 1657 1735 1695; x_wconf 91' lang='lat' dir='ltr'>His</span> 
     </span>
     <span class='ocr_line' id='line_1_18' title="bbox 176 1733 1736 1782; baseline -0.002 -8"><span class='ocrx_word' id='word_1_129' title='bbox 176 1736 291 1774; x_wconf 89' lang='lat' dir='ltr'>enim</span> <span class='ocrx_word' id='word_1_130' title='bbox 332 1736 475 1774; x_wconf 90' lang='lat' dir='ltr'>verbis</span> <span class='ocrx_word' id='word_1_131' title='bbox 516 1735 652 1774; x_wconf 88' lang='lat' dir='ltr'>utitur</span> <span class='ocrx_word' id='word_1_132' title='bbox 693 1735 902 1774; x_wconf 90' lang='lat' dir='ltr'>Phaedria</span> <span class='ocrx_word' id='word_1_133' title='bbox 943 1745 1042 1773; x_wconf 89' lang='lat' dir='ltr'>cum</span> <span class='ocrx_word' id='word_1_134' title='bbox 1083 1734 1366 1773; x_wconf 84' lang='lat' dir='ltr'>admiratione</span> <span class='ocrx_word' id='word_1_135' title='bbox 1409 1734 1508 1782; x_wconf 89' lang='lat' dir='ltr'>quid</span> <span class='ocrx_word' id='word_1_136' title='bbox 1550 1734 1622 1772; x_wconf 91' lang='lat' dir='ltr'>illa</span> <span class='ocrx_word' id='word_1_137' title='bbox 1655 1733 1736 1771; x_wconf 89' lang='lat' dir='ltr'>sibi</span> 
     </span>
     <span class='ocr_line' id='line_1_19' title="bbox 175 1810 1732 1859; baseline -0.001 -11"><span class='ocrx_word' id='word_1_138' title='bbox 175 1811 281 1849; x_wconf 73' lang='lat' dir='ltr'>&#39;velit</span> <span class='ocrx_word' id='word_1_139' title='bbox 311 1821 478 1859; x_wconf 84' lang='lat' dir='ltr'>rogans.</span> <span class='ocrx_word' id='word_1_140' title='bbox 511 1811 577 1849; x_wconf 92' lang='lat' dir='ltr'>Ad</span> <span class='ocrx_word' id='word_1_141' title='bbox 609 1810 869 1849; x_wconf 88' lang='lat' dir='ltr'>adiectivum</span> <span class='ocrx_word' id='word_1_142' title='bbox 896 1810 1097 1848; x_wconf 88' lang='lat' dir='ltr'>timida</span> <span class='ocrx_word' id='word_1_143' title='bbox 1122 1811 1237 1849; x_wconf 89' lang='lat' dir='ltr'>recte</span> <span class='ocrx_word' id='word_1_144' title='bbox 1265 1810 1505 1848; x_wconf 80' lang='lat' dir='ltr'>Scholiasta</span> <span class='ocrx_word' id='word_1_145' title='bbox 1531 1810 1732 1848; x_wconf 88' lang='lat' dir='ltr'>annotat:</span> 
     </span>
     <span class='ocr_line' id='line_1_20' title="bbox 181 1885 1734 1935; baseline -0.001 -11"><span class='ocrx_word' id='word_1_146' title='bbox 181 1885 427 1934; x_wconf 83' lang='lat' dir='ltr'>„timida‚</span> <span class='ocrx_word' id='word_1_147' title='bbox 466 1886 591 1925; x_wconf 88' lang='lat' dir='ltr'>modo</span> <span class='ocrx_word' id='word_1_148' title='bbox 624 1896 763 1935; x_wconf 88' lang='lat' dir='ltr'>aegra⁷</span> <span class='ocrx_word' id='word_1_149' title='bbox 797 1886 980 1935; x_wconf 80' lang='lat' dir='ltr'>turbata,</span> <span class='ocrx_word' id='word_1_150' title='bbox 1016 1886 1275 1935; x_wconf 83' lang='lat' dir='ltr'>commota‚’&#39;</span> <span class='ocrx_word' id='word_1_151' title='bbox 1309 1886 1478 1931; x_wconf 85' lang='lat' dir='ltr'>(modo</span> <span class='ocrx_word' id='word_1_152' title='bbox 1511 1886 1657 1924; x_wconf 89' lang='lat' dir='ltr'>autem</span> <span class='ocrx_word' id='word_1_153' title='bbox 1691 1885 1734 1922; x_wconf 89' lang='lat' dir='ltr'>et</span> 
     </span>
     <span class='ocr_line' id='line_1_21' title="bbox 178 1959 1400 2011; baseline 0.002 -13"><span class='ocrx_word' id='word_1_154' title='bbox 178 1959 247 1998; x_wconf 89' lang='lat' dir='ltr'>hic</span> <span class='ocrx_word' id='word_1_155' title='bbox 283 1961 326 1998; x_wconf 90' lang='lat' dir='ltr'>et</span> <span class='ocrx_word' id='word_1_156' title='bbox 356 1961 573 1999; x_wconf 80' lang='lat' dir='ltr'>sexcentis</span> <span class='ocrx_word' id='word_1_157' title='bbox 605 1961 701 1999; x_wconf 90' lang='lat' dir='ltr'>aliis</span> <span class='ocrx_word' id='word_1_158' title='bbox 731 1961 836 2000; x_wconf 90' lang='lat' dir='ltr'>locis</span> <span class='ocrx_word' id='word_1_159' title='bbox 867 1959 1082 2009; x_wconf 88' lang='lat' dir='ltr'>significat</span> <span class='ocrx_word' id='word_1_160' title='bbox 1112 1961 1212 1999; x_wconf 92' lang='lat' dir='ltr'>hoc</span> <span class='ocrx_word' id='word_1_161' title='bbox 1252 1961 1400 2011; x_wconf 82' lang='grc'>1000).</span> 
     </span>
    </p>

    <p class='ocr_par' dir='ltr' id='par_1_7' title="bbox 178 2035 1736 2537">
     <span class='ocr_line' id='line_1_22' title="bbox 238 2035 1734 2085; baseline 0.001 -12"><span class='ocrx_word' id='word_1_162' title='bbox 238 2035 378 2074; x_wconf 88' lang='lat' dir='ltr'>Habet</span> <span class='ocrx_word' id='word_1_163' title='bbox 417 2036 604 2084; x_wconf 87' lang='lat' dir='ltr'>profecto</span> <span class='ocrx_word' id='word_1_164' title='bbox 645 2036 824 2084; x_wconf 88' lang='lat' dir='ltr'>Pythias</span> <span class='ocrx_word' id='word_1_165' title='bbox 856 2047 929 2075; x_wconf 92' lang='lat' dir='ltr'>cur</span> <span class='ocrx_word' id='word_1_166' title='bbox 964 2037 1169 2085; x_wconf 87' lang='lat' dir='ltr'>„timida”</span> <span class='ocrx_word' id='word_1_167' title='bbox 1203 2037 1273 2076; x_wconf 86' lang='lat' dir='ltr'>sit.</span> <span class='ocrx_word' id='word_1_168' title='bbox 1306 2037 1419 2075; x_wconf 91' lang='lat' dir='ltr'>Dum</span> <span class='ocrx_word' id='word_1_169' title='bbox 1440 2037 1567 2075; x_wconf 81' lang='lat' dir='ltr'>enim</span> <span class='ocrx_word' id='word_1_170' title='bbox 1584 2037 1734 2075; x_wconf 87' lang='lat' dir='ltr'>Dorias</span> 
     </span>
     <span class='ocr_line' id='line_1_23' title="bbox 179 2109 1735 2160; baseline -0.001 -11"><span class='ocrx_word' id='word_1_171' title='bbox 179 2112 223 2149; x_wconf 92' lang='lat' dir='ltr'>et</span> <span class='ocrx_word' id='word_1_172' title='bbox 272 2109 480 2149; x_wconf 87' lang='lat' dir='ltr'>Phaedria</span> <span class='ocrx_word' id='word_1_173' title='bbox 526 2111 810 2150; x_wconf 87' lang='lat' dir='ltr'>adveniebant</span> <span class='ocrx_word' id='word_1_174' title='bbox 857 2114 899 2150; x_wconf 88' lang='lat' dir='ltr'>et</span> <span class='ocrx_word' id='word_1_175' title='bbox 945 2113 1044 2150; x_wconf 90' lang='lat' dir='ltr'>ante</span> <span class='ocrx_word' id='word_1_176' title='bbox 1092 2112 1253 2150; x_wconf 85' lang='lat' dir='ltr'>ostium</span> <span class='ocrx_word' id='word_1_177' title='bbox 1299 2112 1591 2160; x_wconf 87' lang='lat' dir='ltr'>loquebantur,</span> <span class='ocrx_word' id='word_1_178' title='bbox 1641 2111 1735 2159; x_wconf 89' lang='lat' dir='ltr'>ipsa</span> 
     </span>
     <span class='ocr_line' id='line_1_24' title="bbox 180 2186 1736 2235; baseline 0 -11"><span class='ocrx_word' id='word_1_179' title='bbox 180 2186 380 2225; x_wconf 89' lang='lat' dir='ltr'>conclave</span> <span class='ocrx_word' id='word_1_180' title='bbox 421 2186 669 2235; x_wconf 88' lang='lat' dir='ltr'>intraverat,</span> <span class='ocrx_word' id='word_1_181' title='bbox 713 2187 758 2224; x_wconf 89' lang='lat' dir='ltr'>in</span> <span class='ocrx_word' id='word_1_182' title='bbox 798 2196 879 2234; x_wconf 91' lang='lat' dir='ltr'>quo</span> <span class='ocrx_word' id='word_1_183' title='bbox 922 2186 1088 2225; x_wconf 89' lang='lat' dir='ltr'>ancillis</span> <span class='ocrx_word' id='word_1_184' title='bbox 1130 2187 1375 2226; x_wconf 86' lang='lat' dir='ltr'>lavantibus</span> <span class='ocrx_word' id='word_1_185' title='bbox 1416 2187 1566 2226; x_wconf 89' lang='lat' dir='ltr'>relicta</span> <span class='ocrx_word' id='word_1_186' title='bbox 1596 2187 1736 2224; x_wconf 83' lang='lat' dir='ltr'>fuerat</span> 
     </span>
     <span class='ocr_line' id='line_1_25' title="bbox 178 2261 1735 2310; baseline 0 -11"><span class='ocrx_word' id='word_1_187' title='bbox 178 2261 297 2309; x_wconf 88' lang='lat' dir='ltr'>virgo</span> <span class='ocrx_word' id='word_1_188' title='bbox 330 2261 594 2310; x_wconf 85' lang='lat' dir='ltr'>(Pamphila),</span> <span class='ocrx_word' id='word_1_189' title='bbox 629 2261 769 2309; x_wconf 89' lang='lat' dir='ltr'>ibique</span> <span class='ocrx_word' id='word_1_190' title='bbox 802 2263 1059 2310; x_wconf 86' lang='lat' dir='ltr'>cognoverat</span> <span class='ocrx_word' id='word_1_191' title='bbox 1090 2273 1174 2301; x_wconf 93' lang='lat' dir='ltr'>non</span> <span class='ocrx_word' id='word_1_192' title='bbox 1200 2273 1352 2301; x_wconf 88' lang='lat' dir='ltr'>verum</span> <span class='ocrx_word' id='word_1_193' title='bbox 1379 2263 1454 2301; x_wconf 90' lang='lat' dir='ltr'>sed</span> <span class='ocrx_word' id='word_1_194' title='bbox 1481 2262 1735 2300; x_wconf 88' lang='lat' dir='ltr'>simulatum</span> 
     </span>
     <span class='ocr_line' id='line_1_26' title="bbox 178 2336 1731 2386; baseline 0.001 -11"><span class='ocrx_word' id='word_1_195' title='bbox 178 2337 431 2375; x_wconf 89' lang='lat' dir='ltr'>Eunuchum</span> <span class='ocrx_word' id='word_1_196' title='bbox 472 2347 498 2375; x_wconf 90' lang='lat' dir='ltr'>a</span> <span class='ocrx_word' id='word_1_197' title='bbox 538 2337 803 2376; x_wconf 88' lang='lat' dir='ltr'>Parmenone</span> <span class='ocrx_word' id='word_1_198' title='bbox 835 2337 1138 2376; x_wconf 89' lang='lat' dir='ltr'>introductum.</span> <span class='ocrx_word' id='word_1_199' title='bbox 1173 2336 1376 2376; x_wconf 85' lang='lat' dir='ltr'>Clamans</span> <span class='ocrx_word' id='word_1_200' title='bbox 1409 2348 1507 2386; x_wconf 89' lang='lat' dir='ltr'>ergo</span> <span class='ocrx_word' id='word_1_201' title='bbox 1524 2338 1731 2386; x_wconf 87' lang='lat' dir='ltr'>provolat,</span> 
     </span>
     <span class='ocr_line' id='line_1_27' title="bbox 179 2413 1735 2462; baseline 0 -11"><span class='ocrx_word' id='word_1_202' title='bbox 179 2413 439 2452; x_wconf 89' lang='lat' dir='ltr'>scelerosum</span> <span class='ocrx_word' id='word_1_203' title='bbox 481 2413 701 2452; x_wconf 89' lang='lat' dir='ltr'>hominem</span> <span class='ocrx_word' id='word_1_204' title='bbox 733 2424 952 2462; x_wconf 87' lang='lat' dir='ltr'>quaerens,</span> <span class='ocrx_word' id='word_1_205' title='bbox 988 2414 1162 2462; x_wconf 88' lang='lat' dir='ltr'>eiusque</span> <span class='ocrx_word' id='word_1_206' title='bbox 1194 2415 1358 2453; x_wconf 80' lang='lat' dir='ltr'>factum</span> <span class='ocrx_word' id='word_1_207' title='bbox 1390 2416 1433 2453; x_wconf 89' lang='lat' dir='ltr'>et</span> <span class='ocrx_word' id='word_1_208' title='bbox 1465 2414 1561 2453; x_wconf 90' lang='lat' dir='ltr'>aliis</span> <span class='ocrx_word' id='word_1_209' title='bbox 1592 2413 1735 2452; x_wconf 90' lang='lat' dir='ltr'>verbis</span> 
     </span>
     <span class='ocr_line' id='line_1_28' title="bbox 179 2489 913 2537; baseline 0 -10"><span class='ocrx_word' id='word_1_210' title='bbox 179 2489 423 2528; x_wconf 88' lang='lat' dir='ltr'>describens</span> <span class='ocrx_word' id='word_1_211' title='bbox 454 2490 497 2527; x_wconf 92' lang='lat' dir='ltr'>et</span> <span class='ocrx_word' id='word_1_212' title='bbox 527 2489 644 2527; x_wconf 89' lang='lat' dir='ltr'>hisce</span> <span class='ocrx_word' id='word_1_213' title='bbox 677 2490 776 2534; x_wconf 81' lang='lat'>(645</span> <span class='ocrx_word' id='word_1_214' title='bbox 811 2491 913 2537; x_wconf 86' lang='lat' dir='ltr'>sq.):</span> 
     </span>
    </p>
   </div>
   <div class='ocr_carea' id='block_1_4' title="bbox 0 65 77 762">
    <p class='ocr_par' dir='ltr' id='par_1_8' title="bbox 0 65 77 762">
     <span class='ocr_line' id='line_1_29' title="bbox 6 65 68 104; baseline 0.016 -6"><span class='ocrx_word' id='word_1_215' title='bbox 6 95 16 98; x_wconf 17' lang='grc' dir='ltr'>,γ</span> <span class='ocrx_word' id='word_1_216' title='bbox 26 65 68 104; x_wconf 55' lang='lat'>2123·</span> 
     </span>
     <span class='ocr_line' id='line_1_30' title="bbox 3 106 37 131; baseline 0 -12"><span class='ocrx_word' id='word_1_217' title='bbox 3 106 11 119; x_wconf 63' lang='lat' dir='ltr'>t</span> <span class='ocrx_word' id='word_1_218' title='bbox 18 112 37 131; x_wconf 46' lang='lat' dir='ltr'>,w</span> 
     </span>
     <span class='ocr_line' id='line_1_31' title="bbox 66 150 77 164; baseline 0 0"><span class='ocrx_word' id='word_1_219' title='bbox 66 150 77 164; x_wconf 63' lang='grc' dir='ltr'>’ἱ</span> 
     </span>
     <span class='ocr_line' id='line_1_32' title="bbox 22 248 51 261; baseline -0.034 0"><span class='ocrx_word' id='word_1_220' title='bbox 22 250 35 261; x_wconf 54' lang='lat' dir='ltr'>J.</span> <span class='ocrx_word' id='word_1_221' title='bbox 47 248 51 255; x_wconf 80' lang='lat'><strong>¹</strong></span> 
     </span>
     <span class='ocr_line' id='line_1_33' title="bbox 0 262 52 274; baseline -0.058 0"><span class='ocrx_word' id='word_1_222' title='bbox 0 271 3 274; x_wconf 71' lang='grc'>,</span> <span class='ocrx_word' id='word_1_223' title='bbox 24 262 30 271; x_wconf 62' lang='lat' dir='ltr'><em>fl</em></span> <span class='ocrx_word' id='word_1_224' title='bbox 40 262 52 272; x_wconf 73' lang='lat' dir='ltr'>v·</span> 
     </span>
     <span class='ocr_line' id='line_1_34' title="bbox 7 274 57 289; baseline 0 0"><span class='ocrx_word' id='word_1_225' title='bbox 7 276 10 283; x_wconf 45' lang='lat' dir='ltr'><em>t</em></span> <span class='ocrx_word' id='word_1_226' title='bbox 46 274 57 289; x_wconf 61' lang='lat' dir='ltr'>a</span> 
     </span>
     <span class='ocr_line' id='line_1_35' title="bbox 0 292 51 314; baseline -0.039 -3"><span class='ocrx_word' id='word_1_227' title='bbox 0 293 22 314; x_wconf 37' lang='grc' dir='ltr'>δ’(</span> <span class='ocrx_word' id='word_1_228' title='bbox 35 292 51 309; x_wconf 57' lang='grc'>“.,</span> 
     </span>
     <span class='ocr_line' id='line_1_36' title="bbox 33 323 36 330; baseline 0 0"><span class='ocrx_word' id='word_1_229' title='bbox 33 323 36 330; x_wconf 69' lang='grc'>,</span> 
     </span>
     <span class='ocr_line' id='line_1_37' title="bbox 6 541 17 555; baseline 0 0"><span class='ocrx_word' id='word_1_230' title='bbox 6 541 17 555; x_wconf 67' lang='lat'>:³</span> 
     </span>
     <span class='ocr_line' id='line_1_38' title="bbox 0 651 3 655; baseline -0.03 0"><span class='ocrx_word' id='word_1_231' title='bbox 0 651 3 655; x_wconf 79' lang='grc'>,</span> 
     </span>
     <span class='ocr_line' id='line_1_39' title="bbox 0 668 32 699; baseline 0.031 -1"><span class='ocrx_word' id='word_1_232' title='bbox 0 668 32 699; x_wconf 51' lang='grc' dir='ltr'>’ᾴὲ</span> 
     </span>
     <span class='ocr_line' id='line_1_40' title="bbox 0 751 22 762; baseline 0.045 -1"><span class='ocrx_word' id='word_1_233' title='bbox 0 755 9 762; x_wconf 50' lang='grc' dir='ltr'>,Α</span> <span class='ocrx_word' id='word_1_234' title='bbox 16 751 22 762; x_wconf 58' lang='lat' dir='ltr'><em>J</em></span> 
     </span>
    </p>
   </div>
   <div class='ocr_carea' id='block_1_5' title="bbox 173 1024 370 1036">
    <p class='ocr_par' dir='ltr' id='par_1_9' title="bbox 173 1024 370 1036">
     <span class='ocr_line' id='line_1_41' title="bbox 173 1024 370 1036; baseline 0 2298"><span class='ocrx_word' id='word_1_235' title='bbox 173 1024 370 1036; x_wconf 95' lang='lat' dir='ltr'> </span> 
     </span>
    </p>
   </div>
   <div class='ocr_carea' id='block_1_6' title="bbox 462 1928 616 1941">
    <p class='ocr_par' dir='ltr' id='par_1_10' title="bbox 462 1928 616 1941">
     <span class='ocr_line' id='line_1_42' title="bbox 462 1928 616 1941; baseline 0 0"><span class='ocrx_word' id='word_1_236' title='bbox 462 1928 616 1941; x_wconf 95' lang='lat' dir='ltr'> </span> 
     </span>
    </p>
   </div>
   <div class='ocr_carea' id='block_1_7' title="bbox 189 2609 298 2612">
    <p class='ocr_par' dir='ltr' id='par_1_11' title="bbox 189 2609 298 2612">
     <span class='ocr_line' id='line_1_43' title="bbox 189 2609 298 2612; baseline 0 0"><span class='ocrx_word' id='word_1_237' title='bbox 189 2609 298 2612; x_wconf 95' lang='lat' dir='ltr'> </span> 
     </span>
    </p>
   </div>
   <div class='ocr_carea' id='block_1_8' title="bbox 345 2607 504 2611">
    <p class='ocr_par' dir='ltr' id='par_1_12' title="bbox 345 2607 504 2611">
     <span class='ocr_line' id='line_1_44' title="bbox 345 2607 504 2611; baseline 0 0"><span class='ocrx_word' id='word_1_238' title='bbox 345 2607 504 2611; x_wconf 95' lang='lat' dir='ltr'> </span> 
     </span>
    </p>
   </div>
   <div class='ocr_carea' id='block_1_9' title="bbox 179 2666 1740 3066">
    <p class='ocr_par' dir='ltr' id='par_1_13' title="bbox 218 2666 776 2708">
     <span class='ocr_line' id='line_1_45' title="bbox 218 2666 776 2708; baseline -0.004 -11"><span class='ocrx_word' id='word_1_239' title='bbox 218 2671 239 2704; x_wconf 82' lang='lat'>¹)</span> <span class='ocrx_word' id='word_1_240' title='bbox 258 2668 402 2708; x_wconf 75' lang='lat' dir='ltr'>Belgica:</span> <span class='ocrx_word' id='word_1_241' title='bbox 423 2667 490 2702; x_wconf 86' lang='lat' dir='ltr'>„Nu</span> <span class='ocrx_word' id='word_1_242' title='bbox 509 2666 579 2704; x_wconf 79' lang='lat' dir='ltr'>wat</span> <span class='ocrx_word' id='word_1_243' title='bbox 597 2674 658 2695; x_wconf 91' lang='lat' dir='ltr'>zou</span> <span class='ocrx_word' id='word_1_244' title='bbox 677 2667 776 2695; x_wconf 78' lang='lat' dir='ltr'>dat?&#39;’</span> 
     </span>
    </p>

    <p class='ocr_par' dir='ltr' id='par_1_14' title="bbox 179 2719 1740 3066">
     <span class='ocr_line' id='line_1_46' title="bbox 216 2719 1737 2758; baseline 0 -10"><span class='ocrx_word' id='word_1_245' title='bbox 216 2722 239 2755; x_wconf 75' lang='lat'>2)</span> <span class='ocrx_word' id='word_1_246' title='bbox 259 2721 368 2756; x_wconf 80' lang='lat' dir='ltr'>Longe</span> <span class='ocrx_word' id='word_1_247' title='bbox 395 2721 547 2750; x_wconf 82' lang='lat' dir='ltr'>diversus</span> <span class='ocrx_word' id='word_1_248' title='bbox 575 2727 596 2748; x_wconf 87' lang='lat' dir='ltr'>a</span> <span class='ocrx_word' id='word_1_249' title='bbox 622 2722 736 2750; x_wconf 82' lang='lat' dir='ltr'>nostro</span> <span class='ocrx_word' id='word_1_250' title='bbox 765 2721 835 2749; x_wconf 92' lang='grc'>1000</span> <span class='ocrx_word' id='word_1_251' title='bbox 864 2721 917 2749; x_wconf 85' lang='lat' dir='ltr'>est</span> <span class='ocrx_word' id='word_1_252' title='bbox 943 2728 1062 2750; x_wconf 82' lang='lat' dir='ltr'>versus</span> <span class='ocrx_word' id='word_1_253' title='bbox 1092 2720 1303 2751; x_wconf 88' lang='lat' dir='ltr'>Phormionis</span> <span class='ocrx_word' id='word_1_254' title='bbox 1322 2721 1387 2758; x_wconf 65' lang='lat'>20&amp;</span> <span class='ocrx_word' id='word_1_255' title='bbox 1410 2722 1524 2750; x_wconf 88' lang='lat' dir='ltr'>tamen</span> <span class='ocrx_word' id='word_1_256' title='bbox 1542 2719 1588 2748; x_wconf 93' lang='lat' dir='ltr'>ibi</span> <span class='ocrx_word' id='word_1_257' title='bbox 1609 2727 1737 2754; x_wconf 83' lang='lat' dir='ltr'>quoque</span> 
     </span>
     <span class='ocr_line' id='line_1_47' title="bbox 179 2769 1738 2809; baseline 0.001 -9"><span class='ocrx_word' id='word_1_258' title='bbox 179 2769 262 2800; x_wconf 90' lang='lat' dir='ltr'>illud</span> <span class='ocrx_word' id='word_1_259' title='bbox 286 2773 344 2801; x_wconf 87' lang='lat' dir='ltr'>nil</span> <span class='ocrx_word' id='word_1_260' title='bbox 369 2775 433 2802; x_wconf 83' lang='lat' dir='ltr'>est</span> <span class='ocrx_word' id='word_1_261' title='bbox 458 2773 596 2802; x_wconf 86' lang='lat' dir='ltr'>eandem</span> <span class='ocrx_word' id='word_1_262' title='bbox 622 2772 692 2800; x_wconf 90' lang='lat' dir='ltr'>vim</span> <span class='ocrx_word' id='word_1_263' title='bbox 716 2771 826 2801; x_wconf 85' lang='lat' dir='ltr'>habet.</span> <span class='ocrx_word' id='word_1_264' title='bbox 844 2772 1010 2801; x_wconf 83' lang='lat' dir='ltr'>Phaedria</span> <span class='ocrx_word' id='word_1_265' title='bbox 1028 2774 1062 2802; x_wconf 86' lang='lat' dir='ltr'>et</span> <span class='ocrx_word' id='word_1_266' title='bbox 1082 2772 1166 2801; x_wconf 84' lang='lat' dir='ltr'>Geta</span> <span class='ocrx_word' id='word_1_267' title='bbox 1184 2772 1411 2808; x_wconf 84' lang='lat' dir='ltr'>Antiphonem</span> <span class='ocrx_word' id='word_1_268' title='bbox 1430 2773 1611 2809; x_wconf 88' lang='lat' dir='ltr'>propinquo</span> <span class='ocrx_word' id='word_1_269' title='bbox 1630 2773 1738 2807; x_wconf 72' lang='lat' dir='ltr'>patris</span> 
     </span>
     <span class='ocr_line' id='line_1_48' title="bbox 181 2814 1736 2861; baseline 0.001 -10"><span class='ocrx_word' id='word_1_270' title='bbox 181 2814 326 2852; x_wconf 81' lang='lat' dir='ltr'>adventu</span> <span class='ocrx_word' id='word_1_271' title='bbox 349 2824 486 2853; x_wconf 83' lang='lat' dir='ltr'>anxium</span> <span class='ocrx_word' id='word_1_272' title='bbox 504 2824 751 2858; x_wconf 84' lang='lat' dir='ltr'>sollicitumque</span> <span class='ocrx_word' id='word_1_273' title='bbox 772 2824 895 2859; x_wconf 80' lang='lat' dir='ltr'>erigere</span> <span class='ocrx_word' id='word_1_274' title='bbox 914 2825 949 2853; x_wconf 86' lang='lat' dir='ltr'>et</span> <span class='ocrx_word' id='word_1_275' title='bbox 968 2824 1161 2853; x_wconf 82' lang='lat' dir='ltr'>confirmare</span> <span class='ocrx_word' id='word_1_276' title='bbox 1182 2826 1358 2854; x_wconf 86' lang='lat' dir='ltr'>conantur:</span> <span class='ocrx_word' id='word_1_277' title='bbox 1381 2825 1515 2861; x_wconf 87' lang='lat' dir='ltr'>frustra,</span> <span class='ocrx_word' id='word_1_278' title='bbox 1532 2825 1630 2860; x_wconf 86' lang='lat' dir='ltr'>plane</span> <span class='ocrx_word' id='word_1_279' title='bbox 1649 2825 1736 2853; x_wconf 87' lang='lat' dir='ltr'>enim</span> 
     </span>
     <span class='ocr_line' id='line_1_49' title="bbox 180 2874 1740 2912; baseline 0.001 -10"><span class='ocrx_word' id='word_1_280' title='bbox 180 2874 236 2902; x_wconf 85' lang='lat' dir='ltr'>ille</span> <span class='ocrx_word' id='word_1_281' title='bbox 266 2875 402 2905; x_wconf 84' lang='lat' dir='ltr'>demisit</span> <span class='ocrx_word' id='word_1_282' title='bbox 429 2876 589 2904; x_wconf 86' lang='lat' dir='ltr'>animum.</span> <span class='ocrx_word' id='word_1_283' title='bbox 619 2875 765 2904; x_wconf 85' lang='lat' dir='ltr'>Tandem</span> <span class='ocrx_word' id='word_1_284' title='bbox 793 2875 886 2912; x_wconf 86' lang='lat' dir='ltr'>Geta,</span> <span class='ocrx_word' id='word_1_285' title='bbox 915 2875 1001 2904; x_wconf 90' lang='lat' dir='ltr'>nihil</span> <span class='ocrx_word' id='word_1_286' title='bbox 1029 2875 1184 2910; x_wconf 83' lang='lat' dir='ltr'>proficere</span> <span class='ocrx_word' id='word_1_287' title='bbox 1213 2883 1248 2905; x_wconf 83' lang='lat' dir='ltr'>se</span> <span class='ocrx_word' id='word_1_288' title='bbox 1277 2876 1421 2910; x_wconf 84' lang='lat' dir='ltr'>alloquio</span> <span class='ocrx_word' id='word_1_289' title='bbox 1450 2883 1510 2905; x_wconf 85' lang='lat' dir='ltr'>suo</span> <span class='ocrx_word' id='word_1_290' title='bbox 1538 2876 1740 2911; x_wconf 83' lang='lat' dir='ltr'>intelligens,</span> 
     </span>
     <span class='ocr_line' id='line_1_50' title="bbox 181 2924 1740 2963; baseline 0.002 -10"><span class='ocrx_word' id='word_1_291' title='bbox 181 2924 450 2961; x_wconf 80' lang='lat' dir='ltr'>indignabundus</span> <span class='ocrx_word' id='word_1_292' title='bbox 477 2926 519 2955; x_wconf 86' lang='lat' dir='ltr'>ad</span> <span class='ocrx_word' id='word_1_293' title='bbox 546 2926 759 2955; x_wconf 86' lang='lat' dir='ltr'>Phaedriam:</span> <span class='ocrx_word' id='word_1_294' title='bbox 788 2927 869 2962; x_wconf 84' lang='lat' dir='ltr'>„hoc</span> <span class='ocrx_word' id='word_1_295' title='bbox 896 2927 943 2955; x_wconf 92' lang='lat' dir='ltr'>nil</span> <span class='ocrx_word' id='word_1_296' title='bbox 968 2928 1030 2963; x_wconf 82' lang='lat' dir='ltr'>est,</span> <span class='ocrx_word' id='word_1_297' title='bbox 1048 2927 1220 2962; x_wconf 85' lang='lat' dir='ltr'>Phaedria,</span> <span class='ocrx_word' id='word_1_298' title='bbox 1239 2927 1347 2956; x_wconf 84' lang='lat' dir='ltr'>ilicet”</span> <span class='ocrx_word' id='word_1_299' title='bbox 1366 2927 1387 2956; x_wconf 94' lang='lat' dir='ltr'>i.</span> <span class='ocrx_word' id='word_1_300' title='bbox 1398 2935 1423 2957; x_wconf 87' lang='lat' dir='ltr'>e.</span> <span class='ocrx_word' id='word_1_301' title='bbox 1442 2928 1504 2956; x_wconf 88' lang='grc'>1100</span> <span class='ocrx_word' id='word_1_302' title='bbox 1523 2928 1592 2956; x_wconf 87' lang='grc'>1000</span> <span class='ocrx_word' id='word_1_303' title='bbox 1614 2928 1659 2961; x_wconf 86' lang='lat' dir='ltr'>(in</span> <span class='ocrx_word' id='word_1_304' title='bbox 1678 2928 1740 2956; x_wconf 88' lang='lat' dir='ltr'>hoc</span> 
     </span>
     <span class='ocr_line' id='line_1_51' title="bbox 182 2975 1735 3015; baseline 0.003 -11"><span class='ocrx_word' id='word_1_305' title='bbox 182 2975 326 3012; x_wconf 87' lang='lat' dir='ltr'>homine)</span> <span class='ocrx_word' id='word_1_306' title='bbox 352 2979 422 3014; x_wconf 84' lang='lat' dir='ltr'>spei</span> <span class='ocrx_word' id='word_1_307' title='bbox 440 2978 525 3007; x_wconf 85' lang='lat' dir='ltr'>nihil</span> <span class='ocrx_word' id='word_1_308' title='bbox 543 2980 604 3007; x_wconf 83' lang='lat' dir='ltr'>est.</span> <span class='ocrx_word' id='word_1_309' title='bbox 624 2978 743 3006; x_wconf 84' lang='lat' dir='ltr'>Totum</span> <span class='ocrx_word' id='word_1_310' title='bbox 763 2985 839 3013; x_wconf 87' lang='lat' dir='ltr'>ergo</span> <span class='ocrx_word' id='word_1_311' title='bbox 858 2979 934 3007; x_wconf 86' lang='lat' dir='ltr'>hoc:</span> <span class='ocrx_word' id='word_1_312' title='bbox 955 2979 1053 3013; x_wconf 86' lang='lat' dir='ltr'>quid</span> <span class='ocrx_word' id='word_1_313' title='bbox 1071 2980 1159 3008; x_wconf 90' lang='lat' dir='ltr'>tum</span> <span class='ocrx_word' id='word_1_314' title='bbox 1179 2982 1351 3015; x_wconf 79' lang='lat' dir='ltr'>postea?</span> <span class='ocrx_word' id='word_1_315' title='bbox 1371 2980 1430 3009; x_wconf 89' lang='lat' dir='ltr'>nil</span> <span class='ocrx_word' id='word_1_316' title='bbox 1457 2981 1520 3009; x_wconf 83' lang='lat' dir='ltr'>est</span> <span class='ocrx_word' id='word_1_317' title='bbox 1539 2980 1668 3014; x_wconf 85' lang='lat' dir='ltr'>Belgice</span> <span class='ocrx_word' id='word_1_318' title='bbox 1688 2980 1735 3008; x_wconf 84' lang='lat' dir='ltr'>sic</span> 
     </span>
     <span class='ocr_line' id='line_1_52' title="bbox 182 3028 1431 3066; baseline 0.003 -9"><span class='ocrx_word' id='word_1_319' title='bbox 182 3029 311 3058; x_wconf 85' lang='lat' dir='ltr'>vertas:</span> <span class='ocrx_word' id='word_1_320' title='bbox 332 3028 440 3066; x_wconf 83' lang='lat' dir='ltr'>„Maar</span> <span class='ocrx_word' id='word_1_321' title='bbox 459 3037 606 3059; x_wconf 86' lang='lat' dir='ltr'>waarom</span> <span class='ocrx_word' id='word_1_322' title='bbox 625 3037 686 3058; x_wconf 84' lang='lat' dir='ltr'>zou</span> <span class='ocrx_word' id='word_1_323' title='bbox 705 3029 740 3058; x_wconf 83' lang='lat' dir='ltr'>ik</span> <span class='ocrx_word' id='word_1_324' title='bbox 761 3031 851 3058; x_wconf 79' lang='lat' dir='ltr'>niet?</span> <span class='ocrx_word' id='word_1_325' title='bbox 872 3031 909 3059; x_wconf 93' lang='lat' dir='ltr'>In</span> <span class='ocrx_word' id='word_1_326' title='bbox 930 3031 968 3058; x_wconf 87' lang='lat' dir='ltr'>de</span> <span class='ocrx_word' id='word_1_327' title='bbox 989 3032 1063 3060; x_wconf 84' lang='lat' dir='ltr'>stad</span> <span class='ocrx_word' id='word_1_328' title='bbox 1082 3032 1144 3060; x_wconf 84' lang='lat' dir='ltr'>heb</span> <span class='ocrx_word' id='word_1_329' title='bbox 1164 3032 1199 3060; x_wconf 89' lang='lat' dir='ltr'>ik</span> <span class='ocrx_word' id='word_1_330' title='bbox 1218 3033 1296 3060; x_wconf 82' lang='lat' dir='ltr'>toch</span> <span class='ocrx_word' id='word_1_331' title='bbox 1316 3034 1431 3062; x_wconf 81' lang='lat' dir='ltr'>niets.”</span> 
     </span>
    </p>
   </div>
   <div class='ocr_carea' id='block_1_10' title="bbox 346 3064 1409 3080">
    <p class='ocr_par' dir='ltr' id='par_1_15' title="bbox 346 3064 1409 3080">
     <span class='ocr_line' id='line_1_53' title="bbox 346 3064 1409 3080; baseline -0.002 -8"><span class='ocrx_word' id='word_1_332' title='bbox 346 3064 1409 3080; x_wconf 73' lang='lat'><strong>-——-———-—-——-—-—-—————..--</strong></span> 
     </span>
    </p>
   </div>
   <div class='ocr_carea' id='block_1_11' title="bbox 1617 3086 1634 3112">
    <p class='ocr_par' dir='ltr' id='par_1_16' title="bbox 1617 3086 1634 3112">
     <span class='ocr_line' id='line_1_54' title="bbox 1617 3086 1634 3112; baseline 0 0"><span class='ocrx_word' id='word_1_333' title='bbox 1617 3086 1634 3112; x_wconf 84' lang='lat'>4</span> 
     </span>
    </p>
   </div>
   <div class='ocr_carea' id='block_1_12' title="bbox 0 1199 79 3334">
    <p class='ocr_par' dir='ltr' id='par_1_17' title="bbox 0 1199 79 3334">
     <span class='ocr_line' id='line_1_55' title="bbox 0 1199 79 3334; baseline 0 0"><span class='ocrx_word' id='word_1_334' title='bbox 0 1199 79 3334; x_wconf 95' lang='lat' dir='ltr'> </span> 
     </span>
    </p>
   </div>
  </div>
 </body>
</html>
