2034 3334
1030 375 1112 415 170

341 499 588 550 Respondet
628 500 747 540 leno:
795 511 899 550 „ego
940 510 1063 551 spem
1104 501 1241 551 pretio
1283 511 1368 542 non
1405 502 1546 542 emo.”
1579 501 1662 541 Hic
1692 500 1851 551 sym:

285 586 533 626 „nunquam
565 586 657 615 rem
689 576 865 616 facies.‘'
898 577 964 616 Ad
996 587 1105 626 quae
1134 577 1268 617 verba
1298 578 1553 618 annotatur:
1586 577 1709 627 „leno
1734 575 1851 627 quid-

282 652 382 701 quid
414 651 505 701 agit
535 651 589 691 ad
620 652 788 692 lucrum
820 652 973 692 refert:
1008 654 1052 693 et
1077 653 1141 693 sic
1166 653 1274 693 lucri
1301 663 1438 703 genus
1464 653 1568 693 dicit
1594 662 1691 693 esse
1717 653 1853 703 Syrus

280 738 304 767 a
322 727 486 778 lenone,
506 729 871 777 quemadmodum
887 730 1160 779 persuadet?
1180 730 1317 770 Sensu
1335 740 1472 770 cassa.
1491 730 1708 780 Propono:
1730 729 1853 780 „leno

280 803 482 853 quidquid
515 804 605 854 agit
636 805 689 844 ad
721 805 889 845 lucrum
921 806 1064 856 refert,
1098 807 1142 846 et
1173 806 1237 846 sic
1268 816 1422 856 spem
1454 805 1560 846 lucri
1587 815 1724 856 genus
1749 804 1854 847 dicit

281 889 377 919 esse
410 879 544 928 Syrus
575 880 768 920 lenoni
805 892 963 931 quem
996 882 1058 922 ad
1090 882 1550 932 morigerandum
1579 881 1852 932 persuadet.”

345 957 410 996 18.
443 956 619 1006 „Nunc”
649 957 783 1006 Syrus
810 958 872 997 ait
898 957 1127 1007 „ancillam
1144 959 1267 998 tuam
1284 958 1533 1008 Ctesiphoni
1552 957 1688 998 vende
1703 957 1855 1008 quanti

281 1034 349 1072 est
381 1034 550 1083 empta;
583 1043 759 1082 peregre
792 1033 871 1073 tibi
902 1033 1260 1083 proficiscendum
1293 1035 1405 1075 scio:

543 1108 617 1149 ubi
648 1109 778 1160 illinc,
813 1120 950 1160 spero,
985 1110 1175 1161 redieris,
1205 1112 1354 1150 tamen
1386 1110 1468 1150 hoc
1498 1110 1644 1160 ages.”

280 1186 346 1226 Ad
386 1185 479 1225 ubi
520 1185 698 1235 illinc,
741 1195 917 1236 spero,
965 1186 1211 1226 redieris
1253 1187 1507 1226 annotatur:
1554 1197 1637 1236 „ex
1667 1196 1743 1237 spe
1774 1195 1856 1226 sua

279 1263 375 1303 vult
411 1263 546 1312 Syrus
578 1263 804 1303 ostendere
835 1263 937 1312 quid
968 1263 1065 1303 leno
1098 1264 1252 1304 debeat
1283 1274 1468 1315 sperare,
1503 1264 1546 1304 id
1577 1264 1657 1315 est,
1691 1273 1778 1305 non
1807 1273 1856 1305 se

280 1340 558 1389 accepturum
599 1339 770 1379 modo.’'
813 1339 932 1379 Haec
972 1350 1058 1380 non
1095 1340 1311 1390 intelligo;
1346 1340 1526 1390 periisse
1558 1339 1674 1380 hunc
1703 1339 1857 1381 scholii
1906 1366 1909 1371 ·

280 1415 412 1456 finem
443 1416 660 1466 suspicor:
698 1416 964 1467 „pecuniam,
999 1417 1075 1456 sed
1107 1417 1241 1456 etiam
1273 1417 1325 1457 de
1357 1417 1522 1466 reliquo
1554 1416 1796 1457 acturum.‘’

341 1494 410 1533 20.
454 1493 635 1532 Inieci
676 1492 1006 1542 scrupulum
1048 1493 1278 1540 homini]
1327 1493 1435 1543 „hoc
1465 1493 1563 1533 leno
1593 1502 1680 1532 non
1711 1491 1854 1541 audit;

280 1569 412 1609 simul
455 1569 572 1610 enim
616 1569 772 1609 dicitur
803 1579 938 1618 quum
971 1569 1042 1609 ille
1074 1569 1247 1609 clamat.
1280 1569 1335 1610 Et
1367 1570 1460 1609 ideo
1492 1569 1624 1610 simul
1654 1568 1741 1619 legi
1770 1578 1858 1609 non

279 1646 465 1696 potest.”
498 1645 666 1685 Ultima
696 1646 760 1685 sic
790 1645 952 1695 scripta
984 1647 1088 1685 sunt
1120 1646 1172 1685 ab
1200 1656 1249 1686 eo
1277 1646 1350 1695 qui
1377 1646 1422 1685 in
1449 1645 1565 1686 clara
1589 1645 1685 1686 luce
1711 1653 1856 1685 caecu-

279 1722 394 1762 tiret.
442 1722 604 1772 Integri
650 1721 803 1762 scholii
849 1722 955 1762 haec
1003 1722 1086 1762 fuit
1127 1722 1366 1762 sententia:
1416 1731 1707 1772 „quamquam
1747 1730 1858 1771 quae

281 1798 416 1847 Syrus
457 1798 561 1838 dicit
602 1799 646 1837 et
677 1808 786 1847 quae
828 1798 987 1838 Sannio
1030 1798 1190 1838 clamat
1227 1797 1430 1848 deinceps
1461 1798 1674 1847 leguntur,
1708 1798 1858 1838 tamen

280 1875 324 1914 in
355 1885 486 1915 scena
517 1874 649 1914 simul
680 1875 784 1914 sunt
815 1874 1145 1923 pronuntianda.
1181 1874 1317 1924 Syrus
1349 1874 1468 1914 enim
1494 1883 1644 1914 secum
1669 1873 1859 1924 loquitur

281 1953 323 1991 et
355 1951 417 1990 ita
448 1951 496 1990 ut
527 1950 686 1990 Sannio
718 1960 804 1990 non
837 1951 1026 1990 audiat.”

341 2029 410 2068 36.
460 2028 659 2070 Omnes
706 2028 906 2067 dentes
952 2028 1231 2068 labefecit
1279 2028 1434 2075 mihi]
1487 2027 1670 2078 „iniuria
1714 2027 1860 2068 lenoni

280 2105 384 2143 tunc
415 2104 542 2154 dolet,
577 2114 710 2153 quum
743 2104 946 2144 adiuncta
978 2105 1137 2144 damno
1169 2105 1258 2144 est:
1298 2105 1347 2143 ut
1378 2114 1530 2154 supra:

819 2181 988 2229 quando
1022 2191 1123 2220 eum
1156 2181 1387 2229 quaestum
1420 2179 1637 2229 occeperis

429 2257 690 2306 Accipienda
721 2259 765 2296 et
796 2256 1071 2296 mussitanda
1102 2257 1259 2296 iniuria
1290 2257 1358 2296 est
1390 2255 1743 2296 adolescentium.

279 2333 357 2373 Vel
415 2333 571 2372 idcirco
626 2332 892 2373 enumeratis
950 2332 1225 2372 contumeliis
1277 2332 1455 2372 adiecit:
1505 2332 1639 2372 etiam
1684 2332 1859 2382 insuper

281 2410 535 2449 defrudet?”
569 2410 650 2449 Pro
681 2410 770 2450 vel
813 2409 1029 2449 idcirco
1062 2409 1292 2458 legendum
1325 2411 1393 2448 est
1424 2409 1736 2449 etidcirco.

341 2486 563 2534 Sequitur:
611 2487 681 2535 „et
722 2486 819 2525 vide
856 2487 906 2525 ut
938 2485 1091 2524 eadem
1123 2495 1232 2534 quae
1264 2485 1375 2524 dixit
1406 2495 1537 2534 supra
1567 2485 1747 2535 repetat,
1781 2484 1858 2525 sed

281 2562 502 2601 ardentius
533 2563 682 2601 tamen
714 2563 758 2601 et
789 2572 891 2601 cum
919 2559 1096 2612 αὐξήσει.
1132 2561 1203 2601 Sic
1228 2561 1434 2610 Virgilius
1461 2561 1505 2600 in
1527 2561 1671 2601 maius
1686 2561 1855 2612 repetit,

283 2638 393 2686 quod
425 2648 510 2676 non
542 2638 678 2677 semel
705 2637 850 2677 dicit.”
879 2637 968 2676 Aut
994 2637 1115 2677 locus
1142 2647 1164 2676 e
1190 2636 1369 2686 Virgilio
1398 2637 1558 2676 citatus
1585 2637 1656 2676 hic
1682 2636 1855 2686 excidit,

283 2716 368 2763 aut,
415 2714 455 2752 id
498 2715 608 2762 quod
651 2714 933 2753 verisimilius
968 2714 1150 2763 videtur,
1185 2713 1329 2763 ipsum
1360 2713 1528 2762 Virgilii
1559 2723 1720 2753 nomen
1749 2711 1857 2768 vitio

282 2791 434 2828 natum
467 2791 545 2828 est.

343 2866 411 2903 44.
447 2865 495 2903 In
531 2865 893 2905 Wcsterhoviana
922 2865 1231 2905 obscurissima
1263 2865 1333 2904 hic
1363 2865 1520 2914 legitur
1551 2863 1774 2904 annotatio
1804 2863 1856 2904 de

283 2941 407 2978 novis
436 2941 631 2989 personis
660 2942 702 2979 in
725 2952 901 2981 scenam
919 2941 1238 2991 prodeuntibus,
1257 2951 1440 2990 quarum
1457 2941 1646 2980 adventu
1662 2939 1856 2989 quaestio
