2034 3334
0 594 82 655 “Af
92 620 145 656 r„-

921 416 1005 458 149

206 542 274 585 vel
305 542 446 598 potius
476 542 536 584 ita
568 541 727 584 dicam:
760 542 930 585 iuvenis
960 542 1034 598 qui
1060 554 1160 584 vero
1189 542 1373 597 quodam
1391 541 1541 598 flagrat
1559 554 1703 584 amore

207 617 259 660 de
302 618 376 674 illo
421 619 552 660 tantis
593 618 843 674 ambagibus
874 618 1161 674 philosophari
1194 631 1279 660 non
1312 621 1460 673 potest.
1495 617 1577 660 Sed
1610 630 1704 674 per-

91 684 101 696 ”
205 707 368 750 gamus.
419 694 544 748 „Tam
591 695 744 750 plenus
791 696 948 738 amoris
995 694 1120 737 sum’'
1168 696 1227 737 ait
1270 698 1391 750 poeta
1438 698 1511 749 „ut
1554 707 1704 738 versus

689 770 713 788 Η

205 769 343 813 facere
390 783 476 812 non
523 772 684 826 possim
716 804 724 813 .
771 770 880 813 Mira
922 784 1001 826 res,
1049 771 1123 814 sed
1164 770 1392 813 affirmanti
1435 771 1704 814 credendum.

210 846 307 901 „Illi
353 847 487 889 amori
533 860 618 888 non
662 850 863 903 poterunt
903 849 1136 890 amicorum
1169 848 1479 890 admonitiones
1512 847 1706 890 adhorta-

206 923 431 979 tionesque
471 924 689 979 imponere
720 923 888 966 finem''.
920 923 1014 966 Hoc
1045 925 1181 980 magis
1214 923 1426 966 credibile.
1466 923 1607 977 „Nihil
1640 937 1707 967 me

207 999 287 1041 hoc
325 999 512 1042 liberare
552 1013 695 1042 amore
736 1002 888 1055 poterit
921 1001 1005 1043 nisi
1038 1013 1177 1043 novus
1210 999 1385 1056 quidam
1418 1000 1585 1042 ardor’'.
1618 1000 1706 1042 Ex-

206 1075 326 1131 plicit
352 1088 521 1117 carmen
555 1076 607 1117 ad
639 1075 837 1118 Pettium.
872 1075 984 1127 Quid
1009 1089 1108 1132 ergo
1135 1077 1254 1119 illius
1269 1076 1352 1119 fuit
1369 1077 1705 1132 argumentum?

207 1150 390 1207 Rogavit
429 1151 594 1194 Pettius
624 1151 852 1195 Horatium
885 1156 934 1196 ut
975 1167 1137 1196 novum
1180 1166 1350 1196 carmen
1383 1153 1596 1196 scriberet.
1625 1154 1706 1197 Re-

209 1227 389 1283 spondet
419 1231 542 1284 poeta
573 1230 819 1272 carmine
852 1230 1126 1272 mittendo
1160 1243 1245 1286 quo
1279 1230 1463 1273 declarat
1494 1244 1540 1273 se
1565 1244 1708 1286 neque

209 1317 325 1361 nunc
371 1306 559 1347 carmina
601 1305 785 1348 scribere
828 1318 968 1362 neque
1004 1319 1194 1367 unquam
1225 1308 1403 1363 posthac
1435 1309 1708 1363 scripturum.

210 1379 324 1430 Quid
365 1384 428 1423 est
471 1381 522 1424 de
554 1394 694 1423 amore
725 1383 890 1437 nugari,
922 1396 1056 1438 quum
1090 1384 1182 1438 ipse
1214 1382 1266 1425 ab
1299 1396 1442 1426 amore
1474 1384 1708 1426 remotissi-

209 1470 305 1499 mus
337 1458 409 1513 sis,
442 1458 526 1500 nisi
556 1458 636 1500 hoc
667 1459 762 1501 est?
796 1458 851 1501 Et
883 1472 968 1515 quo
999 1459 1383 1515 prudentissimum
1422 1460 1530 1502 illud

1039 1585 1200 1635 ποιητὴν
1230 1583 1350 1640 &apa

534 1659 622 1715 ἔρως
655 1660 826 1704 διδάσκει
853 1659 927 1704 κᾶν
958 1660 1134 1714 ἄμουσος
1167 1659 1189 1716 ᾗ
1222 1663 1266 1705 τὸ
1297 1662 1382 1716 πρίν

210 1803 325 1857 abiit,
367 1804 482 1860 quod
523 1818 653 1860 quam
693 1805 860 1860 egregie
903 1808 944 1847 et
985 1804 1128 1847 verbis
1161 1808 1203 1847 et
1233 1805 1430 1861 exemplo
1463 1818 1542 1848 suo
1574 1806 1708 1861 expli-

209 1881 345 1923 cuerit
374 1881 622 1937 Propertius
657 1881 780 1923 modo
814 1881 1035 1924 vidimus?
1067 1881 1165 1924 Non
1197 1895 1367 1924 carmen
1400 1882 1516 1924 istud
1550 1886 1617 1924 est
1635 1883 1709 1925 sed

211 1958 413 2000 versiculi
461 1961 683 2013 utcunque
729 1957 900 2000 conflati
940 1958 992 2000 ab
1037 1971 1099 2010 eo,
1132 1959 1207 2014 qui
1239 1959 1470 2001 dummodo
1500 1960 1603 2002 iusti
1635 1972 1709 2002 ex—

210 2034 430 2090 plerentur
471 2035 598 2090 pedes
630 2035 682 2077 de
716 2047 920 2078 versuum
954 2048 1132 2077 suorum
1167 2048 1297 2078 sensu
1327 2035 1456 2077 fuerit
1490 2036 1709 2078 securissi-

212 2125 321 2154 mus.
352 2111 563 2154 Versibus
594 2115 735 2154 autem
771 2113 967 2153 15—18:

392 2236 554 2288 Quodsi
586 2238 691 2279 meis
723 2238 935 2279 inaestuet
967 2237 1226 2293 praecordiis

452 2312 605 2355 Libera
636 2312 746 2367 bilis,
778 2316 826 2355 ut
856 2313 959 2355 haec
989 2314 1156 2368 ingrata
1189 2313 1326 2355 ventis
1358 2313 1519 2355 dividat

393 2390 598 2432 Fomenta
628 2389 790 2431 vulnus
821 2390 884 2431 nil
917 2389 1076 2431 malum
1108 2390 1297 2431 levantia

452 2464 630 2507 Desinet
659 2464 895 2520 imparibus
925 2467 1086 2507 certare
1117 2468 1358 2507 summotus
1395 2465 1534 2520 pudor

217 2602 454 2655 temporum
487 2599 644 2641 iniuria
672 2599 871 2640 nocuisse
898 2598 1078 2640 videtur.
1103 2598 1236 2640 Istius
1264 2598 1378 2640 modi
1406 2599 1519 2641 enim
1537 2599 1711 2656 aliquod

215 2673 443 2722 ἀδιανόητον
494 2687 547 2717 ne
603 2687 737 2729 quum
786 2674 968 2729 pessime
1017 2674 1190 2729 quidem
1236 2673 1439 2716 scriberet
1483 2674 1710 2718 Horatium

218 2752 439 2806 scripsisse
470 2750 607 2793 credo.

277 2826 510 2869 Notissima
540 2827 613 2869 illa
645 2827 854 2869 sententia
885 2825 1149 2874 ποιητὴν-τὸ
1180 2825 1263 2879 πρίν
1294 2826 1471 2869 Horatio
1497 2829 1711 2871 vixinno-

218 2903 352 2945 tuisse
392 2902 571 2945 videtur.
612 2902 730 2944 Idem
771 2903 886 2945 enim
917 2902 1022 2945 illud
1059 2915 1185 2959 „prae
1217 2915 1359 2946 amore
1389 2916 1543 2946 versus
1573 2904 1710 2948 facere
