2034 3334
1005 385 1062 429 ΒΟ

244 499 333 551 trix
358 513 501 553 vicina
522 514 632 555 est.”
654 513 708 553 Et
722 524 851 554 mox:
872 513 1129 566 „artificiose
1145 515 1475 566 inculcat-poeta
1489 498 1854 579 vbQQ'Q—sj
1880 566 1888 578 ,Ἴ

304 601 368 630 vs.
397 592 496 632 361.
526 592 780 632 Formosam
808 603 904 633 esse
931 593 1139 633 Thaidem
1167 594 1239 633 ubi
1265 593 1430 634 audivit
1455 593 1852 650 Chaereag-regatgss
1984 593 1987 595 ’

248 668 320 715 „at
356 667 415 707 nil
452 667 505 707 ad
541 670 737 708 nostram
774 669 886 709 hanc
897 670 945 709 ?’'
979 669 1243 726 Scholiasta:
1279 669 1528 724 „moraliter
1558 654 1815 715 nott‘ff'hm
1845 657 1859 671 ‘⁴

244 741 355 781 dixit
385 753 461 791 pro
493 746 712 784 meam.'’
1589 800 1593 803 ι
1638 796 1641 799 ³
1764 740 1811 801 ᾗ]
1848 796 1850 798 ,

303 828 366 858 vs,
411 819 510 859 362.
551 820 764 870 „Obsecro
795 821 950 871 hercle,
984 821 1210 872 Parmeno,
1244 821 1311 862 fac
1342 823 1392 861 ut
1421 821 1589 872 potiar”
1618 808 1814 865 Chaerea

243 894 316 944 ait,
351 896 395 934 et
426 895 661 936 Parmeno:
697 897 881 947 „faciam
912 897 1104 937 sedulo.'’
1138 897 1362 937 Faciam
1393 883 1591 938 sedulo
1620 897 1814 953 Qeet

244 980 373 1018 quam
405 973 640 1012 strenue
672 983 898 1033 operam
924 973 1075 1013 dabo.
1094 973 1272 1013 Accedit
1289 973 1424 1013 etiam
1440 972 1817 1015 fidelisamicitiae

242 1047 373 1086 notio.
409 1047 543 1097 Saepe
575 1049 693 1087 enim
724 1049 924 1090 homines
954 1059 1131 1090 omnem
1162 1050 1351 1104 lapidem
1382 1050 1574 1100 movent,
1606 1059 1694 1090 non
1717 1050 1812 1090 tam

0 1135 96 1172 w.
112 1103 532 1181 [stfflmieuffl
545 1124 751 1164 adiuvent
781 1135 912 1174 quam
943 1126 993 1165 ut
1023 1126 1166 1175 specie
1196 1126 1434 1166 industriae
1461 1136 1561 1166 eum
1583 1125 1810 1176 decipiant.

243 1197 303 1238 cf.
353 1198 681 1240 ciceronianum
727 1201 854 1241 illud:
902 1200 1201 1252 „Quamquam
1243 1202 1392 1242 sedulo
1432 1202 1644 1263 facieba&
1661 1202 1813 1243 tamen

242 1273 460 1314 interdum
490 1286 577 1315 non
608 1276 834 1317 defendere
865 1277 942 1317 sed
971 1278 1260 1327 praevaricari
1291 1278 1559 1318 videbatur.'’

299 1360 365 1390 ve.
409 1351 510 1391 369.
554 1351 690 1401 Quid
732 1353 780 1392 si
821 1363 963 1392 nunc
1005 1355 1129 1394 tute
1170 1354 1505 1394 fortunatus
1535 1353 1682 1394 fias?
1713 1347 1812 1404 5811:

241 1426 411 1466 videtur
441 1427 595 1467 dicere.
613 1429 838 1479 Parmeno,
871 1430 1016 1479 potius
1046 1431 1096 1469 ut
1126 1430 1290 1473 iocetur
1315 1440 1446 1479 quam
1472 1430 1522 1470 ut
1546 1429 1639 1470 fleri
1664 1429 1812 1471 credat

241 1503 411 1551 posse.”
443 1503 603 1543 Veram
637 1515 733 1544 esse
766 1506 877 1545 hanc
909 1506 1174 1546 Scholiastae
1206 1504 1553 1546 obServationem
1585 1514 1640 1545 ex
1665 1505 1811 1545 iocosa

240 1573 561 1630 vocabulorum,
606 1581 760 1629 quibus
804 1580 993 1620 Chaerea
1034 1582 1162 1621 modo
1200 1588 1306 1622 usus
1337 1583 1416 1632 est,
1450 1583 1627 1631 apparet
1657 1581 1808 1631 repeti·

240 1654 369 1705 tione,
404 1666 488 1704 qua
519 1655 732 1696 ludicrum
763 1667 892 1696 suum
925 1657 1153 1696 consilium
1185 1658 1397 1697 Parmeno
1429 1657 1706 1718 commendat
1724 1652 1768 1704 ²).

301 1730 400 1770 375.
434 1730 488 1770 Et
518 1731 599 1772 hoc
625 1732 772 1772 adiicit
805 1733 1040 1772 Parmeno:

329 1806 558 1847 Praeterea
582 1808 723 1848 forma
739 1811 783 1848 et
799 1811 920 1849 aetas
937 1810 1086 1860 ipsam,
1105 1810 1229 1849 facile
1246 1811 1295 1849 ut
1310 1820 1386 1859 pro
1403 1809 1599 1849 eunucho
1614 1809 1782 1860 probes,

240 1883 373 1923 Multo
404 1884 644 1934 elegantius
674 1886 917 1930 Bentleius:

418 1961 647 2000 Praeterea
678 1961 818 2001 forma
850 1963 894 2001 et
925 1963 1068 2002 aetate
1100 1963 1191 2012 ipse
1223 1973 1282 2013 eS‚
1316 1962 1344 2002 f.
1378 1973 1419 2002 u,
1452 1973 1492 2012 p.
1526 1973 1561 2002 e.
1594 1972 1634 2012 p.

299 2037 399 2076 378.
432 2037 592 2076 Videns
625 2039 835 2086 quantum
867 2039 1043 2088 periculi
1075 2039 1167 2078 ioco
1199 2049 1277 2078 suo
1309 2039 1566 2079 excitaverit
1596 2038 1808 2079 Parmeno

240 2113 480 2152 exclamat:
901 2115 905 2119 '

845 2189 970 2240 Perii,
1005 2190 1105 2239 quid
1137 2201 1215 2240 ego
1247 2191 1315 2240 egi
1346 2191 1512 2231 miser?

240 2264 320 2303 Hic
362 2265 542 2304 minime
579 2265 768 2304 abundat
799 2276 919 2314 ego:
953 2276 1002 2304 eo
1035 2266 1151 2305 enim
1182 2266 1348 2306 adiecto
1380 2267 1517 2306 multo
1549 2265 1599 2306 fit
1628 2262 1810 2307 flebilior

240 2342 354 2380 servi
388 2343 536 2381 oratio.
833 2347 838 2350 '
1775 2337 1778 2340 ⁴
1815 2344 1819 2346 “

299 2418 397 2455 379.
435 2417 551 2467 „Quo
579 2418 716 2457 trudis
727 2419 776 2457 ?’‘
804 2420 939 2467 rogat.
968 2419 1034 2458 Ad
1061 2419 1169 2459 haec
1195 2419 1326 2459 verba
1351 2420 1569 2470 egregiam
1595 2419 1807 2460 habemus

240 2492 504 2532 Scholiastae
547 2495 893 2534 annotationem:
937 2495 1125 2543 „Comici
1167 2495 1338 2545 semper
1369 2506 1421 2536 ea
1451 2496 1684 2536 ostendunt
1713 2494 1811 2536 fleri·

278 2645 297 2677 ¹)
318 2644 437 2673 Eodem
458 2647 587 2681 spectat
606 2647 781 2675 annotatio
801 2647 841 2676 ad
862 2648 1003 2683 Adelph.
1021 2649 1076 2677 648
1094 2655 1141 2683 sq.
1157 2632 1189 2700 ζ
1212 2629 1355 2685 inurog'
1364 2631 1497 2729 domei

274 2697 298 2729 π)
318 2696 487 2731 Simulque
519 2698 578 2726 illa
612 2701 807 2733 argumento
842 2701 895 2728 est
935 2701 1126 2729 sententiae
1159 2700 1258 2729 modo
1295 2707 1316 2729 a
1343 2707 1397 2729 me
1424 2707 1482 2736 pro
1497 2701 1589 2730 atae:
1618 2700 1804 2730 Terentii

238 2747 300 2775 hoc
329 2756 401 2777 esse
430 2749 604 2779 inventum
635 2754 672 2779 ut
700 2751 864 2780 Chaereae
894 2752 991 2781 dolus
1019 2760 1037 2781 e
1066 2752 1206 2782 consilio
1237 2760 1258 2781 a
1276 2751 1483 2781 Parmenone
1501 2752 1631 2781 iocante
1649 2751 1730 2782 dato
1749 2759 1805 2781 na-

239 2802 359 2828 scatur.
396 2801 480 2828 Nam
518 2802 669 2830 miraculi
706 2803 815 2832 instar
854 2804 900 2832 sit
927 2804 1030 2833 istam
1059 2804 1237 2833 verborum
1265 2805 1506 2842 repetitionem,
1534 2804 1678 2833 mutatis
1705 2805 1802 2834 modo

238 2853 396 2886 personis,
434 2853 500 2881 iani
540 2855 572 2881 in
612 2854 733 2883 Graeco
768 2856 950 2891 exemplari
986 2856 1099 2892 fuisse,
1135 2856 1293 2891 illamque
1330 2856 1504 2886 Terentius
1542 2856 1620 2884 dum
1650 2858 1811 2888 verteret,-

239 2905 517 2933 venustissimum
538 2906 625 2934 hunc
645 2910 762 2935 natum
783 2909 1004 2936 octonarium:

275 2955 388 2983 cibum
410 2964 473 2984 uua
494 2958 614 2993 capias,
635 2959 735 2995 adsis,
754 2961 884 2995 tangas,
902 2960 1007 2995 ludas,
1026 2962 1160 2995 propter
1177 2961 1334 2991 dormias.
