2034 3334
579 891 892 965 CAPUT
943 891 1340 964 PRIMUM.

237 1215 456 1265 Lepidum,
486 1218 730 1266 venustum,
751 1216 993 1264 elegantem
1011 1226 1106 1254 esse
1122 1216 1295 1264 poetam
1313 1214 1562 1253 Terentium
1579 1212 1737 1251 dicenti

178 1291 256 1329 tibi
302 1291 505 1340 permulti
553 1292 854 1330 assentientur.
905 1291 1006 1340 Quis
1054 1291 1170 1330 enim
1212 1291 1327 1329 istud
1369 1300 1454 1328 non
1495 1288 1739 1327 sexcenties

179 1367 355 1416 audivit,
406 1367 555 1416 quisve
598 1366 758 1406 infitias
800 1367 861 1406 ire
903 1367 1090 1406 audeat?
1133 1367 1213 1405 Sed
1256 1368 1442 1414 quantus
1484 1365 1541 1403 sit
1583 1363 1740 1403 artifex

180 1443 369 1482 comicus
411 1443 494 1493 ille,
540 1443 876 1492 quotusquisque
919 1453 1067 1482 eorum
1109 1453 1134 1481 a
1179 1442 1332 1490 quibus
1372 1442 1572 1480 laudatur
1604 1440 1736 1488 scit,

111 1538 113 1540 ·
179 1519 220 1558 id
253 1521 320 1558 est
351 1519 522 1568 penitus
554 1519 718 1558 sentit?
751 1518 874 1558 Certe
906 1529 991 1557 non
1023 1519 1165 1557 sciunt
1191 1519 1272 1557 hoc
1298 1517 1327 1555 ii
1355 1517 1426 1565 qui
1453 1516 1611 1565 raptim
1640 1526 1739 1554 eum

178 1596 442 1644 percurrunt,
486 1595 538 1633 ad
581 1594 748 1634 exitum
788 1595 958 1633 fabulae
998 1596 1287 1643 properantes,
1331 1595 1556 1641 tamquam
1598 1592 1635 1631 si
1672 1602 1741 1630 res

180 1671 261 1709 sibi
307 1670 365 1709 sit
411 1681 510 1709 cum
556 1672 728 1710 nostrae
775 1670 932 1709 aetatis
978 1669 1322 1719 narratiunculis,
1373 1679 1554 1717 quarum
1595 1669 1742 1706 ternas

182 1747 495 1795 quaternasque
547 1746 728 1795 singulis
779 1746 1040 1795 pervolitant
1092 1746 1240 1784 diebus
1288 1744 1498 1784 eiusmodi
1545 1743 1742 1782 lectionis

183 1822 393 1860 amantes
431 1820 643 1860 Accurate
676 1821 792 1860 enirn
823 1823 950 1870 poeta
981 1822 1128 1860 noster
1158 1821 1364 1870 legendus
1397 1822 1486 1868 est;
1519 1830 1656 1867 neque
1690 1819 1741 1857 ad

185 1905 281 1934 eam
328 1906 420 1934 rem
461 1907 620 1945 magna
662 1907 767 1945 opus
810 1899 876 1936 est
918 1897 1111 1936 doctrina
1152 1896 1350 1936 Latinive
1392 1895 1605 1935 sermonis
1645 1905 1742 1933 rara

186 1970 371 2018 quadam
398 1970 600 2019 scientia;
629 1972 858 2010 sedulitate
884 1983 990 2020 opus
1017 1974 1095 2022 est,
1125 1974 1253 2020 atque
1281 1971 1491 2011 eiusmodi
1513 1970 1742 2009 sedulitate

187 2055 294 2093 quae
325 2045 432 2083 nihil
463 2046 585 2094 parvi
616 2046 743 2084 ducat
774 2046 848 2085 sed
880 2047 1050 2095 singula
1081 2047 1287 2086 vocabula
1318 2047 1551 2095 perpendat
1583 2045 1742 2085 exami-

186 2122 354 2169 netque.
388 2121 441 2159 Et
472 2131 525 2159 ne
556 2121 861 2160 vocabulorum
893 2122 1065 2170 quidem
1095 2122 1188 2160 vim
1218 2122 1346 2170 probe
1374 2122 1546 2160 novisse
1573 2121 1741 2169 sufficit,

186 2196 270 2234 nisi
295 2196 376 2235 hoc
403 2196 566 2235 accedit
591 2197 640 2234 ut
667 2205 748 2244 quo
777 2196 894 2235 vocis
921 2207 1024 2235 sono
1051 2197 1364 2245 pronuntianda
1391 2197 1478 2235 sint
1504 2199 1742 2246 teneamus,

186 2271 483 2320 loquentisque
514 2272 685 2310 vultum
716 2273 887 2320 gestum
920 2273 1066 2311 actum
1097 2274 1322 2320 tamquam
1352 2274 1601 2321 praesentes
1633 2273 1743 2311 vide—

188 2357 325 2386 amus.
370 2347 557 2386 Gravem
588 2347 711 2386 illum
743 2357 838 2385 esse
869 2347 1059 2386 laborem
1091 2347 1128 2385 si
1161 2347 1255 2395 quis
1287 2347 1401 2386 dicat
1432 2357 1517 2386 non
1549 2348 1745 2395 equidem

189 2433 355 2470 negem.
398 2422 457 2461 At
498 2424 565 2461 est
605 2422 882 2461 dulcissimus
924 2423 1306 2472 suavissimusque‚
1351 2433 1488 2470 neque
1520 2423 1592 2470 qui
1623 2423 1746 2461 illum

189 2498 424 2547 susceperit
456 2508 647 2546 unquam
673 2498 805 2537 taedii
831 2498 1063 2546 quidquam
1089 2498 1259 2538 sentiet.
1280 2498 1385 2547 Quid
1413 2498 1523 2546 quod
1549 2508 1603 2536 ne
1629 2498 1747 2536 oneri

190 2560 267 2612 suo
299 2574 552 2612 succumbat
584 2573 750 2612 nullum
778 2575 845 2612 est
870 2573 1129 2622 periculum:
1158 2576 1328 2622 praesto
1357 2574 1473 2612 enim
1501 2575 1567 2612 est
1592 2573 1748 2621 ubique

190 2650 392 2688 strenuus
434 2649 612 2698 adiutor,
657 2649 728 2697 qui
770 2660 868 2688 eum
905 2651 1131 2699 sustentet,
1167 2650 1339 2699 excitet,
1372 2651 1558 2698 moneat,
1595 2649 1748 2696 quique

190 2724 364 2772 longam
406 2726 533 2772 atque
575 2734 771 2773 asperam
812 2724 942 2773 viam,
988 2735 1071 2772 qua
1111 2725 1418 2763 ambulandum
1456 2726 1533 2774 est,
1568 2724 1748 2763 facundo

192 2810 389 2838 sermone
415 2800 592 2838 brevem
618 2800 766 2838 reddat
793 2809 1071 2847 aequamque.
1102 2800 1204 2849 Quis
1231 2800 1288 2838 sit
1315 2801 1402 2838 dux
1428 2800 1499 2839 ille
1522 2802 1565 2838 et
1582 2800 1749 2838 adiutor

193 2877 343 2923 sponte
390 2875 621 2924 apparebit,
671 2876 856 2922 quotque
903 2875 995 2913 eius
1037 2877 1305 2923 quantaeque
1347 2876 1434 2914 sint
1475 2875 1660 2914 virtutes
1701 2876 1749 2912 ut

194 2949 238 2987 in
279 2950 393 2988 clara
434 2952 614 2998 ponatur
655 2950 748 2988 luce
785 2950 1074 2989 sedulo-dabo
1107 2962 1293 2998 operam.
1329 2952 1396 2990 Sic
1428 2952 1588 2999 optime
1621 2961 1747 2998 quan-

1631 3022 1646 3048 1
