2034 3334
1056 369 1110 412 70

324 499 405 554 die,
452 499 502 540 ut
550 497 609 539 ait
655 495 807 539 Livius
849 495 1035 552 (XXIII,
1079 496 1149 553 16,
1194 508 1324 553 quem
1365 496 1508 540 locum
1542 496 1663 540 affert
1693 495 1838 541 Peerl-

322 575 540 632 kampius)
586 574 766 630 „ingens
797 585 881 630 res,
911 586 962 616 ac
994 575 1140 617 nescio
1173 586 1228 616 an
1262 574 1452 617 maxima
1478 573 1554 617 illo
1580 573 1692 617 bello
1716 576 1838 631 gesta

324 654 390 695 sit.
423 651 521 695 Non
555 652 671 694 vinci
702 651 817 694 enim
847 650 900 694 ab
933 650 1178 694 Hannibale
1213 651 1485 694 vincentibus
1519 650 1737 694 difficilius
1751 651 1838 695 fuit

325 742 455 786 quam
502 732 649 785 postea
694 727 908 771 vincere''.
951 727 1207 771 Rectissime
1240 741 1341 785 ergo
1372 727 1590 772 Nolanum
1622 728 1837 785 proelium

324 807 540 862 comparat
585 804 911 861 Peerlkampius
959 817 1058 847 cum
1107 804 1268 848 Briliae
1316 805 1460 862 oppidi
1503 806 1837 863 expugnatione,

325 896 456 938 quam
502 885 623 938 grata
670 882 927 925 nostratium
972 883 1179 925 memoria
1222 881 1436 926 celebrare
1476 882 1584 926 solet
1615 886 1838 940 tamquam

325 963 492 1016 ereptae
534 973 557 1003 e
599 959 997 1003 crudelissimorum
1034 963 1319 1014 tyrannorum
1353 960 1644 1004 dominatione
1675 961 1838 1017 patriae

323 1038 510 1079 initium.
554 1036 639 1078 Hic
677 1049 778 1079 vero
811 1049 899 1079 non
932 1036 984 1079 de
1013 1035 1183 1079 Nolano
1214 1037 1376 1093 proelio
1409 1050 1559 1080 verum
1593 1037 1645 1081 de
1676 1037 1837 1094 proelio

325 1113 379 1156 ad
424 1112 668 1156 Metaurum
714 1113 927 1156 eiusmodi
959 1113 1121 1168 aliquid
1155 1113 1335 1156 dicitur:
1373 1115 1563 1170 „primus
1594 1113 1668 1156 ille
1699 1114 1838 1158 laetus

323 1189 531 1232 Romanis
564 1189 655 1232 dies
687 1189 794 1243 fuit3
829 1189 956 1232 multi
987 1189 1058 1232 alii
1087 1193 1189 1232 sunt
1216 1191 1366 1246 secuti,
1390 1190 1560 1233 tandem
1591 1191 1702 1234 dixit
1717 1189 1839 1234 Han-

324 1266 463 1309 nibal:
511 1279 545 1310 e.
565 1280 603 1323 q.
621 1266 683 1309 s.''
730 1265 776 1309 Si
822 1280 922 1323 ergo
965 1266 1145 1309 Horatio
1179 1270 1352 1310 auctore
1385 1268 1532 1323 utaris,
1564 1267 1838 1311 Metaurense

324 1343 535 1399 proelium
579 1356 676 1385 cum
712 1342 871 1386 Briliae
902 1343 1222 1399 expugnatione
1254 1356 1496 1400 compares:
1530 1357 1580 1386 ea
1612 1347 1755 1388 autem
1789 1347 1839 1388 ut

323 1421 434 1463 laeta
464 1432 533 1463 res
565 1421 625 1462 ita
657 1421 814 1479 ominis
845 1421 981 1463 instar
1011 1420 1095 1463 fuit
1128 1422 1264 1476 magis
1298 1434 1427 1477 quam
1456 1422 1662 1464 victoriae
1678 1424 1838 1481 ceQam

325 1497 540 1539 afferentis
587 1497 869 1554 secujjtatem.
917 1495 1050 1539 Poeta
1097 1510 1210 1553 ergo,
1253 1498 1290 1539 si
1332 1497 1414 1540 sibi
1457 1498 1606 1540 saltem
1641 1501 1837 1542 constare

325 1573 468 1629 vellet,
519 1574 583 1615 uti
625 1574 699 1615 illo
740 1574 900 1630 proelio
933 1577 1097 1630 poterat
1129 1573 1181 1616 ad
1214 1574 1598 1617 demonstrandum
1634 1574 1836 1619 Claudios

324 1650 460 1693 fuisse
508 1650 590 1693 diis
637 1650 952 1693 immortalibus
1000 1651 1320 1702 dilectissimos3
1372 1651 1425 1693 ad
1458 1651 1838 1695 demonstrandum

327 1727 588 1784 praeclaram
638 1741 785 1770 eorum
834 1728 969 1771 fuisse
1000 1729 1046 1770 in
1079 1727 1190 1771 bello
1225 1741 1395 1784 operam
1428 1741 1515 1783 non
1548 1732 1721 1785 poterat.
1754 1728 1839 1772 Sed

329 1818 483 1861 parum
514 1807 661 1847 utrum
695 1804 777 1848 sibi
809 1809 1022 1848 constaret
1052 1818 1108 1847 an
1134 1805 1316 1847 ridicule
1343 1805 1649 1862 obloqueretur
1664 1818 1838 1849 curasse

328 1881 511 1923 videtur.
546 1879 630 1931 Qui
662 1883 776 1924 enim
810 1882 937 1924 modo
971 1882 1129 1923 dixerit
1160 1882 1370 1937 proelium
1404 1882 1457 1924 ad
1485 1881 1729 1925 Metaurum
1745 1881 1837 1926 feli-

328 1958 467 2000 citatis
500 1957 718 2000 Romanae
749 1957 884 2000 fuisse
914 1958 1150 2000 initium
1181 1970 1381 2014 ergoque,
1411 1959 1497 2001 nisi
1524 1961 1566 2002 et
1592 1958 1699 2002 aliae
1715 1971 1838 2003 secu-

326 2037 394 2077 tae
426 2037 571 2077 essent
602 2035 818 2091 victoriae,
851 2034 1107 2077 mediocrem
1135 2035 1430 2077 tantummodo
1458 2035 1574 2078 illam
1602 2034 1838 2080 Hannibali

331 2111 522 2154 futuram
555 2111 691 2155 fuisse
724 2112 899 2163 cladem,
931 2111 1072 2154 subito
1105 2112 1274 2154 veritati
1310 2112 1538 2155 historicae
1569 2125 1724 2155 manus
1754 2112 1839 2169 dat,

325 2188 709 2244 Hannibalemque
741 2189 795 2232 ad
822 2202 1036 2232 summam
1066 2188 1406 2244 desperationem
1433 2189 1654 2233 redactum
1670 2190 1838 2234 inducit

327 2266 632 2308 lamentantem
647 2280 656 2307 :

1107 2374 1287 2432 Occidit,
1319 2375 1474 2419 occidit

684 2451 789 2508 Spes
821 2452 961 2494 omnis
993 2454 1034 2494 et
1065 2451 1239 2495 fortuna
1270 2453 1408 2495 nostri

744 2526 944 2570 Nominis
977 2526 1248 2572 Hasdrubale
1279 2530 1549 2585 interempto,

387 2645 501 2696 Quid
543 2648 606 2688 est
650 2645 767 2688 aliud
798 2658 950 2688 versus
983 2646 1168 2690 conflare
1201 2647 1253 2689 de
1284 2659 1434 2690 eorum
1467 2647 1677 2689 sententia
1709 2659 1830 2690 secu-

326 2736 423 2764 rum
470 2723 554 2764 nisi
586 2722 666 2763 hoc
699 2722 795 2764 est?
829 2721 944 2773 Quid
974 2724 1124 2766 attinet
1155 2723 1367 2766 eiusmodi
1399 2735 1569 2765 carmen
1604 2723 1830 2766 emendare

326 2798 434 2840 velle
466 2798 629 2853 aliquot
659 2799 804 2840 eiectis
832 2798 1060 2841 versibus?
1089 2798 1153 2842 De
1182 2799 1377 2842 versibus
1405 2802 1547 2841 autem
1579 2799 1695 2840 2—4
1721 2802 1763 2842 et
1789 2799 1829 2854 6,

328 2887 436 2930 quos
493 2874 665 2916 damnat
716 2874 1052 2930 PeerIkampius,
1098 2877 1183 2918 iam
1231 2876 1440 2918 vidimus:
1488 2875 1586 2917 illos
1634 2875 1829 2931 neglecta
