2034 3334
371 1154 429 1186 ns
465 1153 610 1186 omno
641 1152 851 1185 aurona.
883 1152 1056 1185 ovmms
1086 1152 1170 1185 oua
1198 1153 1244 1185 m
1274 1151 1482 1186 nxsmm(
1510 1151 1662 1187 msam
1688 1150 1782 1190 aa*
1810 1190 1868 1202 Ν

937 1224 1191 1262 Qunmrun.

323 1357 529 1401 Ovidium
561 1359 708 1400 autem
739 1357 830 1399 sive
860 1354 1089 1399 laudamus
1118 1356 1212 1401 sive
1245 1357 1542 1413 vituperamus
1572 1380 1629 1390 -
1661 1357 1708 1402 et
1729 1327 1891 1402 modo

261 1429 392 1472 hulus
423 1427 552 1471 modo
581 1427 701 1470 illius
731 1428 794 1470 rei
824 1427 948 1471 nobie
978 1427 1153 1484 praebet
1184 1426 1436 1471 facultatem
1467 1451 1525 1460 -—·
1555 1440 1695 1472 unum
1724 1430 1792 1474 est
1806 1426 1875 1480 in«

263 1514 348 1557 quo
379 1513 548 1556 semper
579 1499 662 1541 sibi
693 1501 882 1541 constet:
914 1499 958 1540 in
992 1498 1194 1541 omnibus
1226 1499 1319 1541 eius
1350 1498 1628 1551 carminibus,
1658 1497 1887 1559 qumvis

262 1570 455 1613 diversae
497 1571 584 1612 sint
616 1573 814 1619 naturae,
849 1567 1002 1611 Arellii
1031 1567 1160 1611 Fusci
1190 1573 1234 1612 et
1263 1568 1407 1612 Porcii
1439 1568 1638 1613 Latronis
1668 1569 1931 1628 agnosci-

262 1655 362 1684 mus
392 1638 668 1696 discipulum.
702 1638 853 1682 Rideat
883 1638 953 1681 hic
978 1638 1220 1696 legentium
1249 1638 1407 1696 aliquis
1431 1643 1475 1683 et
1504 1654 1557 1692 „o
1582 1639 1720 1685 bone”
1746 1636 1882 1691 dicat]

266 1725 399 1763 „num
442 1711 669 1767 quisquam
710 1709 790 1753 hoc
822 1709 954 1752 etiam
986 1710 1067 1752 tibi
1098 1709 1269 1753 disertis
1300 1710 1443 1753 verbis
1473 1710 1714 1755 monendus
1741 1709 1880 1757 vider

263 1779 363 1824 tur?
406 1805 462 1813 —
496 1779 607 1833 Quid
656 1784 698 1822 te
742 1779 917 1822 docente
958 1779 1027 1823 hic
1069 1794 1200 1836 opus,
1244 1780 1319 1822 ubi
1362 1785 1482 1824 tanto
1523 1782 1701 1838 gravior
1738 1780 1895 1839 nobis-1

262 1853 381 1897 adest
421 1856 569 1895 auctor
609 1850 766 1894 Seneca
805 1848 982 1907 pater?”
1028 1851 1170 1893 Addat
1212 1849 1346 1894 alius:
1382 1853 1554 1908 „inepte
1585 1851 1777 1910 profecto
1807 1836 1878 1897 ἅθ’

263 1923 419 1967 Ovidio
456 1936 599 1966 narras
630 1936 702 1973 ea,
734 1934 842 1978 quae
873 1922 917 1963 in
950 1935 1097 1964 omnes
1130 1923 1384 1968 convenire.
1416 1923 1491 1978 qui
1522 1921 1656 1966 latine
1686 1923 1876 1984 scripse-¹

262 1998 387 2045 runt,
430 2008 515 2036 non
555 1998 701 2049 poetas
743 1991 883 2035 solum
928 1992 1001 2035 sed
1043 1994 1174 2035 etiam
1217 1993 1466 2044 historicos,
1499 1979 1665 2036 nudum
1694 1994 1877 2039 constet?
1942 1983 1974 2038 :²³1ss

262 2067 375 2109 inter
416 2078 584 2114 omnes,
627 2065 701 2120 qui
732 2065 777 2106 in
807 2063 886 2106 hac
917 2062 1161 2106 studiorum
1194 2076 1437 2107 nostrorum
1467 2074 1588 2120 parte
1619 2078 1703 2108 non
1732 2062 1897 2123 phtia]

263 2138 349 2179 sint
379 2136 580 2192 hospites.
609 2133 720 2186 Quid
745 2134 867 2176 nobis
893 2138 1115 2190 tamquam
1143 2133 1356 2191 peculiare
1384 2133 1530 2177 Ovidii
1544 2133 1667 2178 affers
1680 2135 1894 2195 vitium„

264 2221 348 2263 quo
389 2211 432 2249 et
473 2204 671 2248 Tibullus
710 2204 1065 2262 Propertiusque,
1101 2204 1251 2247 Livius
1282 2204 1540 2262 Tacitusque
1570 2195 1902 2261 laborm-intr’sg

263 2277 467 2320 Veritatis
500 2275 689 2319 multum
718 2276 763 2318 in
796 2275 874 2318 hac
905 2277 1044 2318 inesse
1075 2276 1402 2332 reprehensione
1433 2277 1570 2319 sentio
1601 2280 1731 2333 atque
1764 2284 1902 2322 θον*

262 2348 386 2399 cedo;
421 2360 717 2404 quemcunque
746 2345 935 2403 legimus
967 2347 1218 2403 scriptorem
1249 2350 1475 2403 poetamve
1501 2346 1730 2399 Latinum,
1755 2354 1862 2402 θοῇ,
1883 2364 1893 2380 2

262 2419 483 2461 rhetorum
512 2416 720 2473 discipulo
745 2431 835 2460 rem
863 2417 985 2460 nobis
1011 2431 1102 2460 esse
1127 2422 1299 2459 tantum
1324 2431 1407 2460 non
1433 2431 1601 2474 semper
1625 2421 1691 2461 est
1715 2411 1889 2468 tenen·-

264 2489 382 2531 dum.
427 2488 534 2531 Tota
576 2488 862 2530 Romanorum
897 2489 1036 2543 poesis
1068 2486 1222 2530 iisdem
1254 2487 1342 2530 fere
1371 2487 1544 2544 legibus
1573 2490 1719 2544 paret,
1749 2500 1860 2546 quae

264 2560 315 2602 ab
349 2559 585 2601 oratoribus
617 2559 908 2601 observantur.
943 2557 1000 2600 Et
1030 2561 1175 2601 tamen
1206 2557 1320 2600 idem
1354 2556 1464 2600 illud
1496 2557 1610 2614 quod
1642 2557 1695 2601 de
1724 2557 1860 2602 omni-

265 2630 343 2671 bus
384 2631 519 2685 poetis
559 2628 706 2671 latinis
745 2633 932 2680 const-at,
974 2630 1019 2671 in
1055 2628 1209 2672 Ovidio
1240 2630 1382 2685 magis
1413 2642 1542 2685 quam
1571 2630 1618 2671 in
1649 2627 1741 2672 ullo
1770 2626 1856 2673 elio

265 2713 465 2756 apparere
506 2714 601 2741 meo
632 2701 724 2742 iure
754 2699 865 2742 mihi
897 2699 1149 2742 contendere
1179 2712 1301 2755 posse
1331 2698 1490 2742 videor.
1525 2698 1572 2741 Si
1602 2700 1876 2759 quisquam„

265 2768 444 2811 Ovidius
471 2771 582 2812 inter
607 2775 752 2825 poetas
780 2770 924 2812 rhetor
950 2775 1026 2812 est.
1055 2769 1176 2822 Quod
1201 2770 1403 2825 quoniam
1431 2769 1553 2811 brevi
1568 2768 1856 2825 disputatione
1904 2790 1910 2793 ·

265 2841 309 2881 in
353 2839 466 2881 clara
508 2842 608 2894 poni
639 2839 733 2882 luce
764 2845 904 2896 potest
935 2845 1000 2890 et,
1033 2854 1132 2882 cum
1165 2839 1300 2882 semel
1332 2840 1434 2882 bene
1467 2843 1531 2882 est
1560 2838 1855 2891 intellectum,
1920 2836 1925 2839 ⁴
1983 2843 1996 2847 ”

265 2924 355 2952 rem
384 2910 608 2959 hactenus,
637 2909 737 2952 licet
764 2910 893 2952 multi
918 2910 1059 2953 multa
1075 2910 1126 2953 de
1143 2923 1192 2952 ea
1206 2911 1471 2966 scripserint,
1494 2909 1854 2960 obscurissimam,

266 2981 440 3037 egregie
482 2979 698 3021 illustrare
738 2981 847 3021 mihi
888 2980 1060 3036 quidem
1104 2993 1224 3036 posse
1268 2979 1452 3030 videtur,
1484 2993 1616 3035 pauca
1646 2979 1854 3035 quaedam

1316 3133 1343 3154 N
