2034 3334
972 370 1055 408 219

227 494 306 533 hoc
338 504 433 532 esse
465 493 652 532 Terentii
685 492 928 532 artificium.
964 493 1187 531 Postremo
1220 493 1316 531 vide
1348 503 1457 541 quae
1493 495 1543 532 de
1575 503 1689 542 sene,
1725 492 1791 531 cui

227 570 338 618 apud
379 568 628 607 Terentium
671 569 850 618 nullum,
895 569 1005 617 apud
1048 569 1327 607 Menandrum
1370 568 1488 607 Simo
1520 579 1678 608 nomen
1710 570 1789 618 est,

226 644 418 683 diximus
448 655 488 693 p.
523 645 579 683 74
612 644 678 690 (ad
710 644 815 683 Eun.
848 644 897 693 V,
927 645 981 690 5).

286 796 335 835 In
361 797 581 835 Menandri
608 796 882 845 Adelphis
910 806 995 835 non
1022 796 1142 834 venit
1170 796 1214 834 in
1240 806 1417 834 scenam
1445 796 1694 835 adolescens
1722 796 1792 844 qui

226 872 369 911 lenoni
411 873 568 921 eripuit
602 873 890 911 meretricem.
925 872 1035 910 Eum
1067 872 1293 910 Terentius
1325 872 1550 910 transtulit
1581 883 1603 911 e
1634 872 1794 921 Diphili

226 948 459 998 comoedia,
494 949 562 988 cui
594 948 747 987 titulus
780 947 1194 998 συναποθνήσκοντες.

284 1023 465 1063 Leviora
497 1025 549 1063 ad
582 1024 764 1063 eandem
795 1024 987 1063 fabulam
1020 1023 1279 1073 pertinentia
1311 1033 1366 1062 ex
1398 1023 1478 1062 hoc
1506 1034 1661 1072 genere
1688 1024 1795 1063 haec

226 1099 358 1138 tradit-
410 1100 662 1149 Scholiasta,
712 1110 820 1148 quae
869 1101 1017 1138 tamen
1063 1100 1107 1138 in
1154 1109 1290 1138 unum
1337 1099 1566 1137 coniuncta
1612 1099 1794 1138 minime

226 1176 329 1213 sunt
361 1176 624 1223 spernenda:

285 1251 316 1300 Ι,
347 1252 385 1300 2,
419 1252 454 1291 1.
485 1252 624 1291 Schol.
653 1251 816 1290 Ehem
850 1252 1178 1300 opportune]
1202 1250 1384 1300 „melius
1401 1260 1532 1298 quam
1551 1250 1791 1299 Menander,

226 1337 326 1365 cum
353 1327 422 1366 hic
449 1328 572 1366 illum
599 1328 652 1366 ad
679 1327 866 1376 iurgium
894 1327 1204 1376 promptiorem
1232 1337 1362 1375 quam
1389 1327 1442 1365 ad
1468 1326 1793 1365 resalutandum

225 1402 398 1441 faciat.”
431 1403 556 1451 Apud
588 1403 870 1441 Menandrum
903 1413 1003 1451 ergo
1035 1403 1197 1441 Demea
1227 1402 1450 1441 resalutat.

288 1478 341 1527 Π,
367 1478 406 1527 4,
430 1478 495 1517 11.
516 1478 654 1517 Schol.
674 1478 727 1516 ad
753 1488 890 1527 pene
918 1488 941 1516 e
967 1478 1156 1526 patria
1183 1478 1387 1516 annotat:
1411 1477 1668 1526 „Menander
1684 1478 1795 1516 mori

227 1564 327 1592 eum
377 1552 711 1602 (Ctesiphonem)
760 1554 950 1592 voluisse
997 1553 1132 1602 fingit,
1182 1553 1408 1591 Terentius
1454 1552 1649 1601 fugere‚”
1698 1552 1795 1592 vide

226 1629 355 1668 huius
387 1629 484 1668 libri
515 1641 554 1678 p.
590 1630 660 1668 84.

284 1705 359 1754 III,
410 1706 448 1754 2,
493 1706 562 1744 54.
606 1705 731 1753 Apud
773 1705 1023 1744 Terentium
1065 1705 1214 1754 Hegio,
1260 1704 1380 1743 cuius
1423 1714 1548 1752 opem
1592 1703 1795 1751 implorat

227 1782 434 1830 Sostrata,
479 1781 732 1829 Pamphilae
774 1782 926 1830 mater,
973 1781 1194 1819 Sostratae
1227 1781 1447 1828 cognatus,
1483 1779 1594 1827 apud
1627 1779 1794 1817 Menan-

226 1857 351 1895 drum
407 1856 602 1895 eiusdem
648 1856 781 1894 frater
828 1857 906 1895 est.
956 1856 1082 1894 Haud
1128 1855 1179 1894 de
1226 1855 1360 1893 nihilo
1408 1855 1488 1893 hoc
1537 1854 1796 1892 immutasse

225 1932 451 1970 Terentius
499 1931 680 1970 videtur.
724 1931 896 1970 Etenim
937 1931 1074 1979 Hegio
1118 1930 1362 1978 depingitur
1394 1930 1620 1977 tamquam
1653 1939 1794 1967 exem-

224 2007 345 2056 plum
386 2006 635 2055 probitatis:
670 2016 695 2044 a
725 2006 858 2044 fratre
890 2007 1038 2044 autern
1071 2005 1285 2044 auxilium
1316 2005 1417 2043 ferri
1449 2004 1586 2043 sorori
1619 2004 1795 2052 eiusque

225 2082 351 2132 filiae,
400 2082 554 2130 quibus
601 2081 752 2130 ingens
799 2083 867 2120 est
912 2081 1034 2120 illata
1079 2080 1246 2130 iniuria,
1296 2081 1477 2119 minime
1524 2080 1794 2118 mirandum:

227 2157 439 2197 eiusmodi
470 2156 726 2195 fidelitatem
757 2156 802 2194 in
835 2157 1015 2204 cognato
1047 2156 1278 2194 remotiore
1309 2155 1539 2194 laudamus
1571 2154 1724 2203 magis.

285 2233 334 2283 V,
385 2234 423 2283 8,
478 2233 543 2271 15.
596 2232 746 2280 „Apud
793 2231 1101 2270 Menandrum'’
1151 2231 1392 2269 Scholiasta
1435 2231 1496 2269 ait
1543 2240 1704 2280 „senex
1746 2230 1797 2268 de

227 2310 389 2359 nuptiis
420 2320 506 2348 non
537 2309 784 2357 gravatur.’'
817 2308 926 2356 Ergo
958 2307 1178 2346 Menandri
1209 2307 1391 2346 lectores
1422 2306 1691 2355 lepidissima
1724 2305 1797 2344 illa

227 2385 529 2434 disputatione,
573 2393 668 2433 qua,
711 2383 900 2422 multum
942 2383 1143 2431 luctatus,
1188 2382 1311 2420 Micio
1353 2382 1528 2420 tandem
1567 2381 1794 2429 aliquando

227 2471 276 2500 eo
304 2460 528 2499 adducitur
553 2460 602 2498 ut
629 2459 871 2498 Sostratam
899 2469 1031 2497 anum
1053 2458 1192 2507 ducat,
1212 2459 1453 2497 caruerunt.
1471 2458 1613 2505 Atque
1632 2455 1796 2496 omissa

226 2536 301 2574 illa
341 2535 630 2584 disputatione
671 2535 790 2572 totus
831 2533 950 2572 locus
987 2532 1036 2571 fit
1068 2533 1428 2571 absurdissimus:
1461 2533 1642 2571 naturae
1675 2530 1792 2570 enim

228 2612 492 2651 contrarium
543 2612 611 2649 est
661 2611 802 2659 ipsum
855 2610 1083 2648 Micionem
1139 2610 1292 2648 statim
1343 2609 1522 2658 probare
1569 2607 1795 2647 ridiculam

227 2697 411 2736 poenam
444 2697 470 2725 a
500 2686 632 2725 fratre
664 2685 969 2734 excogitatam.

289 2838 518 2885 Hecyra.
559 2836 722 2875 SchoL:
760 2846 896 2884 „novo
927 2845 1082 2884 genere
1118 2834 1188 2874 hic
1219 2836 1399 2882 utraque
1431 2833 1642 2885 προτατικὰ
1676 2833 1797 2884 πρόσ-

231 2927 319 2952 ωπα
362 2912 633 2951 inducuntur.
677 2911 788 2949 Nam
831 2912 874 2949 et
914 2910 1095 2949 Philotis
1137 2911 1180 2948 et
1217 2910 1325 2958 Syra
1366 2920 1451 2948 non
1491 2909 1708 2958 pertinent
1745 2909 1797 2947 ad
