2034 3334
1003 361 1086 402 104

261 565 421 606 auditis
463 564 776 605 exclamaverit
816 565 955 614 poeta,
999 573 1047 604 se
1083 564 1218 604 talem
1250 574 1350 605 cum
1381 565 1588 606 scriberet
1618 565 1833 616 cogitasse

262 641 515 692 parasitum,
559 642 604 680 et
645 651 700 680 ex
742 640 1048 690 indignatione,
1091 640 1203 690 quod
1235 651 1335 681 eum
1367 643 1567 683 saturum
1597 642 1836 695 potumque

262 718 614 768 deprehenderat,
648 716 853 757 delinitus
884 716 1038 756 statim
1070 716 1171 756 sit.'’

0 813 32 857 ι,
261 794 316 834 Et
346 794 400 834 ad
431 804 495 833 vs.
530 794 639 833 321:

0 855 43 914 3?
53 873 122 931 l3
135 875 163 901 c
351 869 463 910 Cedo
490 879 664 908 senem:
694 868 783 908 iam
810 868 1024 908 instructa
1044 869 1148 908 sunt
1164 868 1226 908 mi
1243 869 1288 908 in
1305 870 1430 909 corde
1447 869 1627 910 consilia
1641 869 1802 921 omnia,

262 956 345 995 quo
371 945 574 986 Phormio
601 944 792 984 declarat
818 945 1058 994 repperisse
1084 954 1132 985 se
1159 945 1319 996 dolum,
1348 955 1431 995 quo
1457 956 1608 986 senem
1634 946 1832 997 decipiat,

263 1023 379 1063 idem
411 1023 614 1061 annotat:

325 1098 434 1149 „Hic
474 1098 548 1151 alii
589 1098 836 1138 excussisse
876 1099 1096 1147 torporem
1136 1098 1280 1138 somni
1320 1098 1530 1139 inducunt
1568 1099 1833 1149 parasitum3

263 1175 336 1215 alii
362 1174 619 1229 transglutig'
620 1184 668 1214 se
695 1174 807 1223 quod
834 1174 879 1213 in
905 1184 977 1214 ore
1003 1174 1249 1224 mandebat,
1278 1175 1402 1223 quasi
1429 1175 1510 1215 hoc
1534 1185 1683 1216 morae
1703 1175 1836 1217 fuerit

262 1251 315 1291 ad
347 1251 609 1291 vincendum
640 1251 835 1290 senem.”

0 1317 232 1421 fusmj
322 1326 399 1367 Cui
430 1337 516 1366 non
548 1327 618 1366 hic
648 1326 905 1366 vernaculae
937 1326 1163 1366 cuiusdam
1188 1327 1372 1395 fabulae.
1390 1328 1436 1367 in
1461 1329 1657 1368 mentem
1682 1328 1836 1369 venit?

262 1403 338 1443 Vir
368 1403 544 1452 quidam
575 1402 734 1453 gravis,
768 1404 902 1442 tenax
928 1403 1214 1454 antiquitatis,
1243 1404 1288 1443 in
1314 1404 1532 1453 republica
1556 1404 1834 1454 optimatium

227 1464 237 1507 s
262 1479 415 1519 favens
454 1479 662 1529 partibus,
706 1480 920 1519 rusticum
961 1480 1071 1519 satis
1111 1479 1302 1530 lepidum
1343 1480 1397 1520 ad
1428 1490 1556 1520 suam
1585 1480 1834 1531 pertrahere

202 1544 222 1633 1!
262 1557 442 1595 conatur
486 1556 765 1596 sententiam.
817 1556 1001 1606 „Vides”
1050 1556 1112 1596 ait
1156 1566 1291 1606 „quae
1332 1557 1391 1597 sit
1430 1557 1638 1598 hodierna
1676 1556 1835 1598 levitas

264 1632 393 1680 atque
435 1631 540 1671 adeo
581 1631 798 1681 impietas.
842 1632 937 1672 Iam
979 1632 1023 1671 in
1062 1632 1162 1672 ludo
1203 1632 1395 1672 literario
1436 1633 1511 1672 illa
1547 1632 1832 1684 conspicitur;

199 1618 231 1758 s
261 1707 383 1747 libem·
424 1708 489 1747 tui
530 1707 684 1747 insana
724 1708 822 1758 ista,
855 1718 988 1756 quam
1019 1719 1134 1748 nunc
1164 1708 1293 1748 multi
1324 1709 1606 1759 admirantur,
1639 1707 1835 1751 docmina

262 1793 288 1822 a
315 1794 417 1823 vero
442 1783 521 1823 Dei
548 1783 667 1823 cultu
693 1784 974 1835 abducuntur,
1003 1786 1205 1834 parentes
1221 1795 1325 1829 suos
1342 1787 1619 1826 contemnere
1635 1786 1681 1826 et
1694 1785 1834 1826 ridere

263 1859 446 1910 discunt,
490 1859 743 1910 religionem
775 1861 1042 1910 negligunt.’'
1074 1861 1188 1901 Dum
1220 1862 1326 1901 haec
1357 1861 1587 1911 magnifice
1618 1861 1835 1903 declamat

0 1880 344 1991 wne,
393 1936 582 1975 rusticus
629 1936 762 1976 offam
803 1937 927 1986 panis
969 1937 1084 1977 lente
1126 1938 1394 1977 manducans
1425 1937 1664 1978 identidem
1694 1937 1834 1988 capite
1890 1959 1895 1966 ·

199 1996 228 2084 ss
262 2012 435 2061 abnuit;
474 2013 774 2053 stomachatur
805 2014 979 2063 sapiens
1010 2015 1167 2064 orator,
1200 2014 1350 2064 negari
1381 2013 1534 2054 videns
1565 2024 1676 2064 quae
1709 2015 1835 2057 tanta

260 2089 468 2128 orationis
499 2090 714 2138 gravitate
745 2090 971 2142 declamet,
1005 2091 1132 2139 idque
1164 2090 1216 2130 ab
1249 2101 1299 2130 eo
1327 2091 1379 2130 de
1405 2101 1489 2139 quo
1515 2090 1698 2132 minime
1723 2091 1832 2132 eius·

262 2165 378 2204 modi
420 2164 580 2214 aliquid
622 2166 964 2215 exspectaverim
1007 2177 1160 2206 vocem
1192 2167 1390 2217 intendit,
1423 2168 1623 2207 tandem:
1659 2166 1834 2216 „quidni

194 2231 238 2335 s
261 2251 365 2280 vera
400 2241 478 2280 tibi
510 2242 723 2292 videntur,
758 2253 867 2291 quae
899 2243 992 2282 dico
1003 2244 1052 2282 ?'‘
1087 2243 1260 2283 clamat.
1295 2243 1376 2282 Hic
1406 2242 1608 2292 rusticus,
1642 2242 1716 2292 qui
1740 2243 1832 2283 tan·

262 2317 360 2355 dem
403 2317 631 2365 aliquando
673 2328 830 2367 panem
872 2329 1002 2358 suum
1044 2319 1325 2368 transglutiit‚
1365 2319 1468 2358 dum
1500 2319 1646 2359 sinum
1677 2320 1834 2372 purgat

260 2392 401 2444 micis-
419 2403 526 2441 quae
554 2394 818 2434 inciderunt:
851 2395 978 2444 „quia
1003 2406 1089 2435 non
1116 2395 1252 2435 habeo
1278 2395 1464 2434 liberos”
1492 2395 1734 2444 respondet.
1762 2395 1833 2437 Sic

208 2443 232 2521 f
260 2471 374 2508 certe
418 2469 529 2508 hanc
570 2471 738 2518 partem
781 2470 833 2509 ab
865 2471 1029 2520 optimo
1061 2470 1225 2511 artifice
1257 2471 1327 2521 agi
1357 2471 1560 2511 vidimus.
1594 2471 1699 2522 Quis
1729 2481 1832 2512 vero

199 2522 208 2541 ⁴
259 2546 310 2584 de
357 2546 437 2584 hoc
479 2545 659 2585 artificio
702 2548 845 2586 tacere
886 2548 1036 2597 possit,
1081 2547 1154 2596 qui
1185 2548 1306 2587 illam
1336 2548 1529 2588 fabulam
1559 2549 1831 2597 posterorum

260 2632 391 2660 causa
418 2622 769 2662 annotationibus
796 2634 948 2663 revera
974 2624 1152 2664 utilibus
1179 2624 1439 2664 instructam
1465 2625 1510 2664 in
1536 2625 1679 2664 lucem
1705 2624 1831 2665 edere

259 2697 395 2735 velit?
443 2697 553 2736 Nam
595 2709 746 2737 revera
786 2699 916 2738 utiles
963 2700 1016 2738 ad
1057 2699 1249 2748 aliquam
1290 2700 1482 2739 fabulam
1527 2699 1831 2740 annotationes

258 2772 356 2810 illae
398 2773 574 2811 demum
617 2776 718 2812 sunt
761 2785 869 2822 quae
911 2775 965 2814 ad
996 2786 1090 2814 rem
1121 2775 1339 2815 scenicam
1370 2775 1598 2825 pertinent,
1633 2776 1677 2814 et
1708 2774 1830 2815 illam

259 2848 501 2887 Scholiasta
538 2851 683 2888 noster
715 2860 886 2899 semper
918 2851 1069 2890 habuit
1100 2853 1201 2891 ante
1232 2851 1391 2891 oculos.
1425 2851 1522 2890 Huc
1552 2860 1704 2890 omnes
1735 2851 1829 2891 eius

259 2924 561 2964 annotationes
593 2927 695 2965 sunt
727 2926 987 2967 referendae.
1021 2927 1193 2967 Etenim
1224 2926 1275 2977 si,
1308 2928 1359 2967 ut
1383 2927 1465 2967 hoc
1491 2926 1690 2977 exemplo
1715 2927 1826 2978 utar,

228 489 507 786 'inscalpens
548 488 740 538 digitulo,
784 487 864 527 hos
906 486 1106 527 Terentio
1147 488 1443 537 pronuntiavit
1468 498 1645 530 versus:
1677 488 1832 539 quibus
