2034 3334
0 888 15 963 ,ᾗ

0 965 10 1031 ξ

0 1033 11 1118 ἒ

0 1115 13 1186 β.

967 419 1050 457 223

283 552 348 581 vs.
383 542 451 581 28.
481 542 622 581 Senex
648 542 838 591 graviter
864 543 1108 582 commotus
1135 544 1213 592 est,
1242 543 1446 592 trepidus,
1476 543 1644 582 anxius,
1663 543 1789 582 Hunc

226 617 361 656 animi
401 618 568 656 statum
611 628 795 666 agnosco
836 618 1025 666 primum
1063 618 1107 656 in
1138 619 1281 657 verbis
1313 619 1427 657 ista
1458 619 1702 668 auferte,
1737 618 1789 657 ad

227 703 335 741 quae
382 692 624 732 Scholiasta
670 694 871 732 annotat:
924 693 1187 742 „auferimus
1234 704 1284 732 ea
1326 704 1434 742 quae
1476 704 1574 732 cum
1616 693 1789 733 fastidio

226 768 486 807 cernimus''
521 768 590 807 Sic
621 779 721 817 ergo
753 769 790 807 is
816 769 1017 818 loquitur,
1052 769 1123 817 qui
1155 779 1212 819 re,
1242 779 1372 817 quam
1400 779 1499 808 cum
1525 769 1719 808 maxime
1746 768 1791 807 in

225 843 426 882 manibus
472 844 613 893 habet,
663 845 917 892 quantocius
964 844 1137 892 defungi
1178 845 1309 893 gestit
1351 846 1394 883 et
1435 845 1487 883 ad
1529 845 1673 893 aliam,
1708 853 1791 892 qua

224 921 421 969 vexatur,
457 921 706 959 convertere
737 917 944 958 mentem.
977 919 1138 959 Deinde
1170 920 1301 959 etiam
1335 920 1378 958 in
1409 920 1616 959 vocabulo
1643 919 1789 958 ades-

225 995 370 1045 dum,
415 996 525 1044 quod
568 995 766 1043 equidem
802 995 872 1034 hic
904 997 1017 1034 certe
1050 996 1293 1034 revocantis
1325 1005 1420 1034 esse
1453 1006 1617 1044 censeo,
1652 995 1713 1034 ita
1745 996 1792 1034 ut

225 1081 361 1110 senex
391 1071 581 1120 primum
608 1081 759 1110 omnes
788 1070 968 1110 comites
996 1081 1097 1109 suos
1125 1071 1304 1120 ableget,
1334 1071 1452 1110 solus
1479 1081 1574 1110 esse
1602 1071 1789 1120 cupienS,

226 1147 377 1186 deinde
425 1147 621 1186 animum
666 1148 808 1186 mutet
855 1146 1215 1195 consiliorumque
1237 1143 1262 1193 ¹)
1306 1147 1387 1185 sibi
1429 1149 1575 1186 sumat
1611 1147 1790 1186 socium.

225 1223 447 1262 Eiusmodi
479 1222 640 1271 aliquid
672 1224 715 1261 et
748 1222 988 1261 Scholiasta
1018 1222 1208 1261 sensisse
1239 1222 1421 1272 videtur,
1455 1223 1527 1271 qui
1559 1223 1612 1262 ad
1639 1222 1792 1261 abite

226 1300 428 1338 annotat:
467 1298 750 1348 „concitatius
776 1298 1018 1346 legendum,
1049 1298 1148 1345 quia
1175 1299 1218 1336 et
1244 1299 1538 1346 respectantes
1564 1299 1793 1347 properant

227 1375 271 1413 et
301 1375 487 1414 secernit
520 1385 545 1413 a
577 1375 741 1414 Sosia.’'
763 1370 790 1420 2)

286 1450 397 1489 Illud
444 1454 521 1496 (vs.
573 1451 642 1497 29)
691 1450 903 1489 dictum
949 1451 1082 1498 puta
1128 1449 1318 1488 iocosam
1361 1449 1490 1488 habet
1531 1450 1793 1498 gravitatem

226 1526 380 1575 liberti,
415 1526 487 1574 qui
519 1525 590 1564 diu
621 1525 666 1564 in
698 1526 848 1564 eadem
880 1525 1006 1564 domo
1034 1525 1244 1574 servierit,
1273 1535 1402 1572 quem
1430 1525 1660 1565 admonere
1687 1535 1793 1574 opus

227 1611 314 1640 non
354 1601 424 1650 sit,
469 1601 542 1649 qui
573 1601 683 1640 sciat
715 1601 814 1649 quid
846 1601 913 1639 sui
945 1601 1003 1639 sit
1034 1600 1160 1639 officii
1193 1601 1236 1638 et
1266 1600 1371 1639 illud
1402 1610 1480 1639 suo
1512 1602 1705 1649 tempore
1736 1600 1794 1639 sit

226 1676 433 1716 facturus.
486 1677 633 1725 Neque
688 1676 1004 1726 negligendum,
1063 1676 1174 1724 quod
1221 1676 1372 1714 statim
1419 1676 1623 1725 sequitur,
1673 1686 1792 1715 voca-

227 1753 378 1792 bulum
423 1764 629 1802 nempe,
679 1753 791 1801 quod
839 1762 937 1791 cum
979 1751 1202 1791 lenissimo
1236 1752 1486 1800 contemptu
1517 1752 1696 1791 ridentis
1728 1754 1795 1791 est

229 1829 361 1878 („noli
390 1829 558 1878 timere,
593 1829 771 1868 obsonia
802 1828 887 1867 ista
919 1838 974 1866 ex
1005 1828 1113 1866 artis
1144 1827 1383 1876 praeceptis
1414 1827 1734 1876 parabuntur’').

287 1914 351 1943 νε.
400 1905 469 1943 30.
519 1903 654 1953 Quid
702 1905 788 1942 est
834 1903 974 1951 quod
1020 1903 1127 1941 tibi
1173 1913 1292 1941 mea
1338 1913 1428 1941 ars
1469 1903 1569 1942 hoc
1609 1902 1795 1952 possit

229 1980 505 2029 amplius?
545 1980 606 2019 De
648 1981 740 2019 arte
781 1989 860 2018 sua
895 1979 1197 2018 tantummodo
1218 1962 1390 2027 'cogitat
1421 1979 1590 2028 artifex,
1625 1980 1668 2018 et
1699 1989 1794 2018 esse

227 2057 397 2105 praeter
427 2055 549 2094 illam
580 2055 825 2103 quidquam,
860 2055 971 2102 quod
1001 2054 1148 2102 magni
1180 2053 1238 2092 sit
1269 2055 1492 2103 momenti,
1526 2054 1570 2093 in
1601 2056 1795 2093 mentem

229 2131 268 2170 ei
299 2142 354 2170 ne
384 2131 505 2170 venit
535 2130 721 2179 quidem.

288 2217 353 2246 νε.
387 2207 456 2246 34.
500 2206 780 2254 Exspecto
823 2204 952 2253 quid
983 2205 1134 2243 velis
1166 2204 1323 2253 duplici
1354 2206 1497 2253 potest
1527 2206 1795 2254 pronuntiari

230 2282 380 2321 modo:
426 2283 501 2321 aut
542 2282 803 2330 gravitatem
844 2281 967 2328 quasi
1009 2280 1245 2319 militarem
1276 2281 1405 2319 habet
1437 2281 1529 2320 eius
1560 2282 1632 2329 qui
1663 2292 1710 2320 se
1742 2282 1795 2320 ad

231 2357 462 2406 imperium
494 2357 790 2405 accipiendum
820 2358 1021 2404 paratum
1054 2356 1252 2405 declaret,
1283 2357 1358 2394 aut
1383 2356 1452 2394 hic
1479 2367 1645 2405 quoque
1673 2357 1796 2405 coqui

231 2433 371 2472 fastus
418 2432 607 2471 cernitur
652 2431 867 2480 rogantis:
920 2441 1054 2480 „quae
1101 2441 1196 2469 esse
1242 2432 1385 2479 potest
1425 2432 1569 2480 gravis
1611 2432 1695 2470 ista
1726 2443 1795 2471 res

232 2518 341 2556 quae
372 2509 521 2547 tamen
553 2507 606 2546 ad
637 2507 826 2545 culinam
858 2516 943 2545 non
974 2506 1188 2554 pertineat
1198 2506 1247 2544 ?’'

290 2593 355 2622 νε.
404 2583 473 2622 35.
522 2581 631 2621 Cum
677 2582 820 2630 aliqua
865 2581 1077 2630 gravitate
1120 2581 1305 2620 oratoria
1336 2581 1639 2621 allocutionem
1669 2593 1795 2622 suam

233 2659 396 2699 orditur
427 2668 574 2707 senex,
603 2668 688 2706 qua
713 2668 841 2696 suum
870 2657 1097 2696 consilium
1124 2657 1216 2695 eius
1242 2655 1340 2695 fidei
1367 2658 1626 2696 committat.
1655 2658 1795 2706 Atque

233 2736 463 2784 postquam
490 2734 541 2772 de
567 2733 745 2772 lenitate
772 2743 851 2772 sua
878 2742 978 2781 erga
1004 2742 1180 2771 servum
1207 2732 1438 2771 etiamtum
1465 2743 1649 2781 coquum
1672 2733 1793 2783 dixit,

273 2879 295 2912 ¹)
325 2878 369 2906 cf.
395 2877 476 2906 Eun.
501 2883 552 2906 νε.
577 2876 638 2904 765.
664 2875 870 2904 Chremetem
898 2874 988 2904 abire
1012 2875 1181 2904 volentem
1209 2874 1311 2903 Thais
1329 2874 1460 2904 retinet.
1483 2875 1546 2903 Hic
1563 2875 1632 2904 ille:
1653 2876 1797 2912 ‚,omitte,

234 2930 303 2958 iam
322 2929 448 2965 adero,''
466 2928 523 2957 ubi
543 2928 663 2956 adero
683 2927 736 2956 est
755 2927 955 2955 revertar.

271 2984 294 3015 ²)
315 2981 362 3011 De
382 2981 482 3010 huius
502 2979 619 3009 scholii
639 2978 869 3008 emendatione
890 2978 958 3006 dixi
978 2979 1139 3012 quaedam
1159 2985 1188 3013 p.
1208 2979 1268 3006 126.
