2034 3334
994 239 1052 284 26

467 363 528 405 Ac
561 362 726 406 fueram
758 376 907 420 nuper,
940 377 1078 421 neque
1109 364 1292 409 eundem
1322 369 1468 410 mente
1498 368 1649 425 recepi.

223 432 437 490 Repetitio
469 434 575 476 ista:
607 448 714 475 mens
849 439 976 477 mente
1006 439 1082 478 aut
1111 434 1216 479 mali
1248 440 1314 480 eet
1344 441 1492 495 poetae
1524 442 1601 482 aut
1631 439 1819 483 nimium

222 503 473 547 festinantis.

279 646 395 699 XIV,
429 647 470 690 8.
519 646 620 690 Inde
653 661 786 690 manu
816 661 975 705 magna
1006 647 1230 705 Tyrrhena
1260 663 1336 706 per
1366 663 1549 708 aequora
1579 654 1743 696 vectus.

281 718 344 762 De
393 718 499 762 duce
549 717 695 775 aliquo
738 718 806 762 hic
853 720 926 776 agi
966 722 1114 775 putes,
1158 721 1233 776 qui
1276 718 1435 778 magna
1476 720 1610 765 classe
1650 723 1698 765 in
1740 725 1824 766 ter·

217 803 311 833 ram
343 788 548 832 hostilem
578 788 896 846 expeditionem
927 790 1068 833 faciat.
1113 791 1170 833 At
1201 804 1341 834 sermo
1372 796 1437 836 est
1463 825 1472 836 .
1494 824 1504 835 .
1524 825 1533 836 .
1563 792 1614 836 de
1645 790 1813 838 Glauco

220 858 412 904 natante!

278 930 482 974 Versibus
527 929 580 973 15
623 934 668 974 et
708 930 764 973 21
809 930 893 974 duo
935 930 1144 989 leguntur
1184 930 1308 983 ἅπαξ
1350 931 1562 984 λεγόμενοι
1602 934 1649 977 in
1681 933 1820 978 Meta·

216 1002 526 1059 morphosesin,
559 1015 691 1058 eaque
724 1002 905 1045 minime
936 1006 1138 1050 venusta:
1170 1002 1371 1058 cognitiva
1400 1007 1444 1046 et
1474 1003 1756 1059 expuqnacior.

280 1073 337 1116 36
385 1071 613 1116 Auxilium
644 1074 808 1129 petenti
835 1071 998 1117 Glauco
1023 1087 1153 1117 suum
1178 1075 1272 1131 ipsa
1297 1087 1487 1118 amorem
1512 1075 1674 1119 fatetur
1697 1073 1820 1120 Circe

218 1158 403 1201 eumque
434 1144 502 1187 his
534 1144 676 1187 verbis
708 1144 924 1187 obsecrat:

460 1215 526 1258 En
557 1228 661 1272 ego,
694 1229 795 1258 cum
827 1215 905 1258 dea
935 1216 1043 1267 sim,
1076 1214 1204 1258 nitidi
1237 1229 1339 1259 cum
1371 1215 1462 1260 filia
1492 1215 1619 1268 solis,

460 1285 660 1331 Carmine
687 1301 786 1330 cum
813 1291 998 1338 tantum,
1027 1291 1198 1330 tantum
1225 1301 1395 1344 quoque
1420 1289 1617 1345 gramine
1639 1290 1818 1346 possim,

461 1357 521 1400 Ut
551 1361 627 1400 tua
658 1358 742 1400 sim
775 1371 926 1401 voveo.
970 1357 1250 1415 Spernentem
1283 1363 1358 1410 (sc.
1393 1357 1606 1416 Scyllam)
1637 1372 1814 1417 sperne,

461 1428 604 1471 Redde
636 1429 771 1479 vices,
804 1443 957 1485 unoque
987 1429 1089 1471 duae
1120 1429 1311 1471 ulciscere
1332 1430 1470 1487 sacto.
1603 1431 1818 1488 [sequenti

222 1497 400 1541 Ultimis
432 1498 650 1542 vocabulis
683 1498 786 1555 quid
819 1500 899 1542 sibi
931 1499 1036 1543 velit
1066 1504 1192 1556 poeta
1223 1514 1307 1543 non
1339 1500 1463 1544 facile
1494 1500 1622 1545 dicas.

280 1568 336 1611 56
386 1569 493 1612 Prae
525 1568 669 1626 Scylla
699 1573 840 1626 spreta
873 1567 994 1613 Circe
1025 1584 1180 1627 poenas
1212 1571 1265 1613 ab
1297 1585 1346 1614 ea
1377 1585 1548 1615 sumere
1574 1574 1748 1624 statuit,
1776 1577 1820 1617 et

220 1640 467 1695 gurgitem,
500 1640 546 1681 in
578 1654 662 1695 quo
693 1654 738 1682 se
768 1639 942 1683 ardente
973 1639 1060 1683 sole
1092 1640 1262 1684 reficere
1292 1640 1368 1684 illa
1399 1641 1563 1685 solebat

463 1709 688 1766 Inquinat,
723 1711 794 1753 hic
824 1710 941 1753 fusos
972 1709 1120 1754 latices
1152 1711 1292 1755 radice
1321 1714 1491 1756 nocenti

459 1779 650 1837 Spargit.

214 1849 250 1891 Ε
281 1850 421 1893 verbis
452 1852 593 1893 citatis
625 1851 824 1907 equidem
855 1855 969 1894 certe
1001 1856 1151 1908 poetae
1183 1857 1372 1896 mentem
1405 1868 1489 1897 non
1520 1855 1711 1900 extraho.

276 1919 332 1963 64
378 1920 429 1963 In
468 1920 598 1963 illum
641 1935 743 1978 ergo
775 1924 1014 1979 gurgitem,
1048 1937 1072 1965 a
1105 1921 1226 1967 Circe
1256 1924 1469 1967 infectum
1499 1925 1644 1969 herbis
1674 1927 1814 1985 magi-

213 1991 296 2042 cis,
329 1990 474 2049 Scylla
505 1991 746 2043 descendit,
781 2007 1015 2036 accrescere
1048 1994 1131 2036 sibi
1162 1996 1294 2037 sentit
1324 2010 1478 2038 canum
1512 1998 1653 2053 capita

454 2062 511 2105 Et
543 2077 695 2119 corpus
728 2077 932 2119 quaerens
964 2064 1177 2107 femorum
1210 2080 1471 2123 crurumque
1503 2067 1761 2126 pedumque.

214 2131 341 2184 Quis,
375 2133 569 2183 obsecro,
604 2147 794 2189 unquam
825 2135 885 2177 sic
917 2139 982 2177 est
1012 2134 1210 2178 locutus?

279 2201 364 2245 127
412 2202 602 2261 Sibyllae
633 2205 798 2247 Aeneas
830 2205 883 2247 ab
913 2205 1061 2248 inferis
1092 2206 1259 2249 rediens
1291 2209 1479 2251 oratione
1512 2208 1815 2254 ardentissima

213 2275 374 2330 gratias
406 2277 520 2332 agit,
554 2275 778 2332 additque:

455 2346 539 2388 Pro
571 2346 727 2402 quibus
758 2348 891 2389 aerias
922 2349 1091 2391 meritis
1123 2353 1297 2392 evectus
1329 2350 1381 2392 ad
1413 2364 1538 2393 auras

455 2416 634 2473 Templa
666 2418 745 2460 tibi
777 2422 979 2462 statuam.

213 2484 379 2537 Quanto
413 2488 469 2528 sit
496 2487 614 2529 istud
641 2490 878 2531 contortius
904 2490 1210 2547 obscuriusque
1237 2491 1307 2534 vel
1331 2491 1431 2543 illo,
1458 2506 1587 2548 quem
1611 2494 1658 2535 in
1683 2493 1810 2536 initio

214 2557 366 2612 capitis
398 2558 651 2609 citavimus,
685 2558 799 2602 loco:

456 2628 570 2680 Quae
603 2631 793 2685 gemitus
826 2635 1084 2688 truncaeque
1117 2632 1194 2676 deo
1226 2633 1472 2690 Neptunius
1504 2633 1628 2677 heroe

457 2697 593 2741 Causa
624 2705 747 2756 rogat
779 2701 931 2744 frontis

215 2766 352 2809 dicere
388 2769 458 2809 vix
491 2783 610 2824 opus.

278 2836 363 2878 158
412 2836 603 2881 Caietam
636 2842 756 2882 venit
789 2842 974 2884 Aeneas:

457 2908 538 2949 Hic
570 2924 737 2965 quoque
769 2912 1020 2955 substiterat
1051 2918 1149 2969 post
1181 2913 1322 2957 taedia
1351 2913 1481 2969 longa
1511 2913 1707 2956 laborum

454 2979 645 3021 Neritius
678 2981 912 3024 Macareus.
