2034 3334
521 0 528 14 ν
560 0 1080 30 *vwwwrwv
1102 0 1472 29 WQWW
1627 20 1629 22 .

792 40 794 44 ,
888 42 890 47 ,
1027 42 1030 45 Δ
1114 28 1118 35 ·
1203 27 1247 47 ’γ
1390 26 1420 46 ·“ο,·
1462 30 1566 50 τημ’·κῇ,;’
1594 35 1603 42 μ
1623 28 1732 51 dyst..

986 246 1073 292 138

230 370 442 428 Corrupta
473 371 596 421 haec;
633 369 847 428 quomodo
879 369 1160 414 emendentur
1183 385 1267 414 non
1293 374 1383 415 tam
1409 385 1510 416 curo
1536 385 1667 429 quam
1690 369 1829 423 laetor

229 442 342 500 quod
378 444 681 500 importunum
711 441 830 485 istud
861 440 1063 485 Merkelii
1095 446 1390 486 commentum
1422 442 1562 495 „dixit
1592 446 1638 486 uc
1668 441 1829 488 uuum

228 528 270 571 p.
303 528 362 556 m.
396 528 435 570 q.
470 512 542 556 d.'’
585 514 674 556 iam
715 526 930 569 nusquam
972 516 1201 569 comparet.
1235 511 1368 557 Nulla
1398 516 1545 557 antem
1577 513 1706 558 lectio
1735 526 1829 571 pro·

230 584 366 627 banda
408 587 473 627 est
513 585 559 626 in
603 597 686 640 qua
729 597 963 640 pronomen
994 583 1098 625 hwnc
1128 586 1336 627 servetur.
1365 582 1561 642 Cumque
1593 584 1829 628 necessario

228 655 358 699 verba
397 654 507 697 dixit
549 657 592 697 et
632 654 839 697 admonuit
870 653 1015 711 aliquo
1045 655 1158 698 inter
1188 668 1233 698 se
1263 654 1481 713 iungenda
1510 656 1597 699 sint
1628 652 1826 707 vinculo,

229 725 339 769 nihil
368 727 512 769 verius
539 739 629 770 esse
656 730 831 783 apparet
859 724 1042 769 lectione
1069 724 1223 769 codicis
1249 734 1297 768 λε
1328 725 1469 777 „dixit
1493 730 1538 770 et
1563 729 1614 770 ut
1627 723 1826 770 levita-’2

229 797 379 854 Neque
411 801 554 840 tamen
589 811 763 854 prorsus
793 796 989 853 improbo
1023 795 1222 839 Ehwaldi
1251 795 1504 840 lectionem:

872 867 989 921 Quae
1020 881 1106 911 non
1139 866 1296 911 solacia
1325 867 1527 911 Phoebus
1580 865 1582 869 ’

415 937 560 981 Dixit!
595 942 646 982 ut
675 939 810 991 hunc,
843 937 1000 982 leviter
1029 952 1106 995 pro
1139 939 1404 996 materiaque
1435 936 1597 982 doleret

414 1009 667 1054 Admonuit.

229 1079 278 1123 In
320 1094 405 1137 qua
444 1086 490 1123 ut
531 1085 596 1124 est
638 1079 931 1124 exclamantis.
974 1079 1070 1123 Nisi
1112 1080 1225 1137 quod
1270 1079 1430 1138 duplex
1466 1079 1545 1124 illa
1575 1070 1834 1124 exclamatio

230 1151 341 1194 mihi
373 1149 548 1208 quidem
579 1166 734 1209 parum
766 1157 948 1196 venusta
978 1151 1162 1195 videtur.
1482 1141 1487 1147 ¹

295 1296 380 1342 157
398 1313 460 1355 sq.
941 1297 1074 1342 Nulla
1106 1302 1250 1342 tamen
1282 1297 1384 1341 alite
1411 1298 1524 1342 verti

412 1369 641 1427 Dignatur,
675 1370 758 1412 nisi
789 1383 897 1426 quae
929 1373 1071 1426 posset
1102 1383 1180 1413 sua
1211 1368 1395 1412 fulmina
1426 1368 1549 1412 ferre.

232 1441 387 1492 Posset,
429 1440 579 1497 quidni
613 1438 774 1495 possit?
814 1441 882 1483 An
921 1439 1052 1483 altius
1084 1440 1231 1484 haeret
1262 1441 1449 1490 vitium,
1482 1442 1527 1482 et
1557 1438 1628 1483 hic
1658 1451 1828 1496 quoque

234 1510 523 1563 „deteriores”
554 1524 707 1554 verum
736 1514 931 1555 servant:
967 1525 1036 1562 ,‚n.
1069 1525 1109 1567 q.
1141 1514 1282 1567 portet
1312 1524 1390 1554 sua
1420 1508 1604 1553 fulmina
1635 1506 1829 1553 terrae''?

297 1654 383 1699 174
414 1656 591 1713 Iamque
621 1657 707 1700 fere
738 1656 908 1700 medius
939 1655 1066 1700 Titan
1098 1656 1310 1700 venientis
1342 1658 1386 1699 et
1416 1659 1534 1698 actae

414 1727 563 1770 Noctis
593 1731 697 1770 erat.
833 1769 836 1772 .

233 1797 362 1840 Recte
403 1797 568 1840 dictum
608 1799 687 1841 hoc
728 1798 837 1841 foret
878 1799 915 1840 si
947 1797 998 1840 de
1028 1799 1164 1841 noctis
1195 1798 1394 1849 numine,
1438 1810 1522 1840 non
1554 1795 1606 1840 de
1637 1794 1727 1840 sole
1756 1795 1827 1840 hio

232 1882 370 1911 sermo
402 1872 526 1912 esset.
562 1869 618 1912 At
649 1883 762 1912 nunc
794 1882 894 1912 cum
925 1868 1015 1912 cod.
1049 1884 1067 1911 ε
1099 1867 1331 1925 legendum
1362 1867 1478 1910 lucis.

295 2014 380 2060 177
768 2016 951 2074 Latique
981 2017 1133 2059 ineunt
1165 2017 1400 2059 certamina
1431 2015 1550 2059 disci.

230 2086 290 2129 Ut
321 2087 546 2130 concedam
579 2086 745 2129 discum
779 2087 910 2130 fuisse
943 2087 1084 2138 latum,
1118 2086 1188 2149 vel
1218 2091 1331 2130 certe
1364 2086 1448 2130 dici
1477 2086 1691 2142 potuisse,
1723 2082 1827 2141 quid

231 2159 468 2200 ornamenti
508 2158 626 2200 istud
668 2157 933 2202 adiectivum
972 2158 1074 2201 huic
1114 2157 1208 2201 loco
1250 2155 1394 2200 affert?
1435 2156 1594 2210 Quidni
1625 2152 1827 2212 laebique?

231 2227 343 2283 quod
375 2228 431 2270 et.
448 2228 500 2270 ad
532 2229 682 2270 discum
715 2231 812 2280 aut,
845 2228 974 2285 idque
1001 2227 1180 2280 melius,
1207 2227 1260 2271 ad
1288 2228 1468 2270 budentes
1495 2230 1635 2284 potest
1662 2225 1825 2270 referri.

293 2372 381 2416 202
398 2388 459 2430 sq.
493 2375 633 2431 Atque
664 2376 828 2417 utinam
863 2375 1019 2417 merito
1051 2375 1190 2418 vitam
1222 2378 1450 2430 tecumque
1480 2372 1628 2416 liceret

490 2445 691 2488 Reddere.

232 2513 279 2556 Si
311 2516 369 2557 sic
401 2514 610 2571 legimus,
644 2515 745 2572 quid
775 2517 859 2558 isto
890 2530 964 2571 que
995 2515 1202 2558 faciamus
1227 2515 1387 2558 frustra
1413 2516 1671 2571 quaerimus.
1702 2511 1823 2556 Idem

232 2598 313 2626 usu
348 2587 466 2627 venit
497 2587 540 2627 in
573 2600 635 2635 ve,
678 2586 790 2641 quod
823 2586 873 2628 M
906 2586 1054 2637 habet3
1096 2586 1168 2628 sed
1199 2601 1245 2628 ve
1275 2585 1384 2628 illud
1416 2588 1563 2628 monet
1592 2583 1703 2627 nihil
1732 2598 1825 2640 pro-

233 2654 345 2704 bari,
374 2655 509 2697 immo
537 2656 637 2697 ferri
664 2670 809 2711 posse,
837 2657 922 2698 nisi
949 2656 1060 2712 quod
1087 2670 1164 2712 pro
1187 2656 1325 2698 merito
1341 2656 1498 2698 habent
1517 2653 1823 2706 ,‚deteriores’':

230 2739 303 2777 pro
347 2729 396 2765 te.
441 2724 533 2767 Hoc
576 2730 639 2767 est
682 2730 829 2781 poetae
873 2726 981 2768 nihil
1026 2728 1267 2769 omittentis
1309 2726 1421 2782 quod
1452 2730 1550 2782 apte
1580 2724 1824 2768 illustrandi

232 2807 357 2836 causa
389 2797 522 2850 possit
553 2795 721 2838 afferre:
760 2811 863 2852 ‚,pro
898 2801 938 2839 te
971 2795 1040 2838 vel
1072 2801 1215 2840 tecum
1249 2798 1359 2839 mori
1390 2794 1588 2839 vellem’'.

295 2918 382 2960 295
403 2933 491 2974 sqq.
536 2919 690 2962 Volens
731 2921 893 2964 volenti
934 2923 1084 2978 virgo,
1127 2935 1179 2964 ex
1210 2922 1371 2966 eburna
1400 2933 1501 2966 vera
1531 2921 1656 2978 virgo
1688 2919 1822 2972 facta,

233 2989 357 3029 nubit
387 2989 687 3045 Pygmalioni:
