2034 3334
979 373 1061 412 207

236 502 383 540 autem
423 509 609 548 nequam
650 499 717 537 est
758 500 802 537 et
842 498 983 537 callidi
1020 499 1367 547 impudentisque
1399 498 1531 537 verba
1563 498 1725 537 domini
1756 499 1800 538 in

237 576 371 616 alium
402 585 580 614 sensum
611 575 875 622 detorquere.

295 726 344 776 V,
377 727 413 776 1,
446 727 512 765 14.
541 725 839 764 Paululum
866 725 1155 772 istorsum]
1190 736 1328 774 „nunc
1355 725 1631 764 istorsum
1653 726 1797 764 adver-

236 803 356 842 bium
388 803 456 841 est
486 802 579 852 loci,
614 802 721 841 alias
753 802 954 840 nomen.”
984 801 1074 851 Qui,
1104 811 1276 851 quaeso,
1306 801 1352 839 is
1364 801 1383 839 t
1395 811 1418 839 o
1431 812 1452 839 r
1463 811 1484 839 s
1496 811 1524 839 u
1536 811 1594 839 111
1608 811 1799 849 unquam

237 889 395 918 nomen
441 889 536 917 esse
583 879 737 927 potest,
785 877 854 915 vel
901 877 1134 926 quidquam
1181 877 1295 916 aliud
1342 887 1472 925 quam
1520 877 1770 916 adverbium
1782 878 1802 915 ἵ)

238 954 564 994 Westerhovius
605 964 680 1002 pro
722 954 768 992 is
780 954 799 991 t
811 963 834 992 o
847 964 867 991 r
879 963 900 991 5
912 964 939 991 11
952 964 997 991 111
1038 953 1267 1001 legendum
1309 954 1456 992 censet
1496 964 1522 1001 p
1536 963 1561 991 a
1572 964 1599 991 u
1611 953 1626 991 l
1637 964 1666 991 u
1677 953 1691 991 l
1702 963 1728 991 u
1741 963 1799 1001 m,

237 1031 312 1070 sed
353 1030 458 1069 illud
498 1039 720 1077 nunquam
763 1038 859 1067 esse
890 1029 1033 1077 potest
1065 1028 1314 1067 adverbium
1347 1028 1440 1067 loci.
1475 1028 1674 1066 Mutilum
1706 1038 1801 1066 esse

237 1105 430 1146 scholion
461 1105 618 1153 opinor»
642 1105 685 1142 et
711 1104 773 1143 516
801 1104 1087 1152 supplendum
1101 1115 1109 1142 :
1142 1104 1181 1153 „i
1194 1114 1215 1142 5
1226 1104 1245 1142 t
1257 1114 1280 1142 o
1293 1114 1313 1142 r
1325 1113 1346 1142 5
1358 1114 1386 1141 11
1398 1114 1439 1142 m
1470 1114 1525 1142 ex
1551 1103 1598 1142 15
1611 1105 1630 1142 t
1642 1114 1665 1142 o
1692 1114 1720 1141 v
1733 1113 1755 1142 e
1767 1114 1801 1141 r-

238 1191 260 1220 5
271 1192 300 1220 11
311 1191 380 1230 111;
413 1191 527 1220 1111116
558 1181 605 1220 15
616 1181 636 1220 t
647 1190 671 1219 o
703 1180 955 1219 adverbium
982 1180 1075 1229 loci,
1110 1180 1217 1219 alias
1248 1180 1450 1219 nomen.”

300 1258 368 1308 23.
398 1257 473 1295 Ex
503 1256 868 1305 aegritudine
899 1256 1165 1294 miseram
1195 1266 1343 1294 mors
1366 1256 1674 1294 consecuta
1699 1256 1800 1300 est]

243 1333 376 1382 „bene
401 1332 650 1371 moderatus
679 1333 757 1380 est,
786 1332 835 1369 ut
861 1341 999 1379 neque
1025 1331 1156 1370 nimis
1183 1341 1309 1380 aegre
1335 1330 1457 1380 ferat,
1471 1335 1613 1379 'neque
1631 1341 1802 1370 rursum

240 1406 404 1459 ἀπαθής
435 1408 535 1446 sit.’'
570 1407 672 1456 Quis
699 1407 949 1446 moderatus
976 1408 1043 1445 est
1053 1408 1074 1445 ἱ)
1100 1407 1211 1446 Nam
1237 1408 1339 1446 sunt
1365 1407 1471 1446 haec
1497 1407 1629 1445 verba
1656 1406 1803 1445 mulie—

240 1485 313 1523 ris.
355 1485 436 1523 Pro
479 1495 502 1524 e
513 1496 535 1524 s
547 1487 566 1524 t
605 1485 834 1533 legendum
877 1494 898 1523 5
911 1495 933 1523 6
945 1495 966 1522 1
977 1495 1023 1523 111
1035 1494 1071 1523 o.
1116 1484 1185 1523 Sic
1215 1485 1417 1523 restituta
1449 1485 1529 1523 erit
1560 1484 1806 1532 frequenter

195 1544 197 1546 V
240 1570 464 1599 recurrens
495 1561 568 1599 illa
599 1561 624 1599 d
637 1570 659 1599 e
691 1570 737 1598 m
749 1570 773 1598 0
785 1571 806 1598 r
818 1561 836 1598 t
848 1560 862 1598 i
873 1560 898 1598 b
911 1570 939 1598 u
952 1570 973 1598 5
1005 1570 1027 1598 6
1039 1570 1063 1598 0
1074 1560 1239 1598 micis
1271 1559 1526 1599 observatio.

299 1711 349 1761 V,
393 1712 432 1760 3,
473 1713 525 1751 27
569 1722 631 1759 sq.
671 1711 929 1759 Obiurgatus
966 1721 991 1749 a
1028 1709 1253 1749 Chremete
1290 1711 1400 1758 quod
1436 1709 1565 1749 fidem
1602 1710 1684 1749 sibi
1720 1720 1805 1749 non

242 1787 398 1826 habeat
429 1787 638 1835 Demipho
671 1787 816 1834 rogat:

1043 1861 1126 1899 Vin
1156 1871 1227 1900 me
1258 1861 1338 1900 hoc
1370 1862 1572 1900 credere?

567 1937 651 1975 Vin
682 1937 791 1975 satis
823 1936 1069 1984 quaesitum
1100 1936 1209 1974 mihi
1240 1937 1352 1975 istuc
1383 1938 1511 1975 esse?

243 2014 310 2052 Ad
349 2014 443 2052 vin
480 2013 627 2052 satis
660 2011 981 2060 quaesitum
1014 2013 1266 2050 annotatur:
1304 2012 1410 2061 „hoc
1441 2013 1582 2051 totum
1614 2023 1689 2061 pro
1721 2023 1807 2051 una

243 2099 426 2138 persona
457 2088 632 2136 quidam
663 2087 854 2135 legunt.”
887 2086 1006 2125 Haec
1036 2097 1242 2134 quorsum
1273 2088 1521 2136 pertinent?

304 2241 352 2292 V,
383 2242 421 2291 7,
452 2242 520 2280 55.
554 2239 780 2289 „Malum
807 2238 1058 2277 adverbium
1076 2241 1143 2277 est
1159 2239 1438 2287 interpositae
1456 2239 1804 2288 indignationiS.”

244 2317 510 2356 Vocabulum
536 2300 920 2363 interpositae
948 2314 1398 2362 corruptumvidetur.
1422 2314 1491 2353 An
1506 2315 1615 2354 forte
1641 2315 1805 2353 inter-

246 2392 525 2441 positum?
566 2391 676 2429 Nam
719 2399 939 2437 nunquam
981 2389 1065 2427 ista
1106 2389 1344 2428 interiectio
1386 2390 1590 2429 malum
1621 2391 1807 2439 primam

246 2467 411 2506 obtinet
441 2465 683 2506 sententiae
715 2465 875 2503 sedem.

306 2543 375 2581 69.
428 2542 551 2591 „Ipse
598 2538 799 2579 confitere
840 2539 964 2577 uxori
1005 2540 1106 2577 tuae
1147 2539 1258 2586 quod
1301 2540 1530 2590 deliquisti,
1575 2551 1628 2580 ne
1670 2541 1743 2580 illa
1784 2552 1806 2580 e

248 2619 505 2658 Phormione
538 2617 710 2656 audiat”
743 2615 953 2664 Demipho
986 2614 1260 2654 Chremetem
1292 2618 1440 2655 monet

459 2693 595 2742 „Tum
628 2692 743 2730 hunc
774 2691 1039 2739 impuratum
1071 2690 1309 2738 poterimus
1341 2693 1486 2730 nostro
1518 2693 1644 2732 modo

454 2768 656 2807 Ulcisci.'’

250 2846 345 2885 Sch.
378 2845 581 2884 Nostro
613 2842 770 2881 modo
802 2841 1023 2887 ulcisci]
1062 2842 1257 2890 „ingenio
1289 2843 1495 2882 scilicet.”
1527 2844 1652 2883 Haud
1684 2845 1808 2884 dubie

250 2922 448 2969 corrupta
478 2921 583 2958 haec
615 2919 737 2956 sunt:
772 2917 1001 2965 requiritur
1032 2917 1186 2965 aliquis
1218 2917 1468 2958 infinitivus.
