2034 3334
927 361 1012 402 282

177 486 376 536 spicuum
414 486 595 526 reddant
624 485 849 535 fingendae
880 472 1012 535 quam
1043 488 1342 539 perpoliendae
1373 488 1413 528 ei
1444 487 1587 537 magis
1616 471 1753 551 fuisse

152 561 357 603 ‘artificis
389 563 584 601 mentem
616 561 843 602 intentam.
876 562 985 603 Ecce
1015 574 1153 604 unum
1184 564 1468 613 alterumque.
1557 610 1567 622 ο
1666 549 1669 551 ⁴

238 638 308 678 43.
373 637 454 677 Sed
488 637 569 676 hoc
599 637 709 676 mihi
739 637 999 679 molestum:
1033 650 1137 679 nam
1168 640 1304 680 istaec
1335 625 1694 680 commemorati5

373 713 503 763 Quasi
535 712 855 762 exprobratiost
885 714 1134 761 immemori
1164 714 1357 756 benefici.
1485 759 1488 762 ,
1687 717 1693 725 “

178 790 398 840 Quomodo
440 790 547 829 haec
588 789 701 829 inter
741 799 789 829 se
831 791 1075 842 cohaerent,
1118 802 1174 832 an
1215 792 1342 842 plane
1372 802 1459 832 non
1490 791 1753 838 cohaerent?

177 866 268 917 Quo
299 866 573 906 referendum
605 866 709 906 illud
741 867 852 918 hoc,
887 877 1026 917 quove
1058 869 1214 908 nam?
1239 867 1431 917 Denique
1457 867 1539 907 hoc
1564 877 1752 917 expro-

176 942 364 983 bratio
405 942 723 982 immemori
764 943 1027 994 benefici,
1071 944 1144 984 ubi
1175 944 1349 983 dativus
1379 942 1696 983 immemori
1727 952 1754 983 a

176 1019 452 1059 substantivo
499 1019 870 1068 exprobratio
911 1020 1080 1070 pendet,
1125 1021 1294 1070 egregie
1335 1019 1510 1069 quidem
1551 1018 1754 1074 convenit

177 1095 426 1145 quotidiano
457 1095 686 1135 hominum
717 1095 909 1135 sermoni
940 1096 984 1135 in
1015 1096 1107 1135 foro
1138 1096 1409 1136 versantium
1436 1095 1507 1135 vel
1533 1095 1647 1135 inter
1670 1095 1751 1145 pri-

176 1173 304 1212 vatos
329 1172 518 1222 parietes
544 1172 677 1212 libere
705 1172 1087 1222 confabulantium,
1117 1172 1193 1212 sed
1218 1182 1243 1212 a
1270 1173 1399 1221 poeta
1424 1171 1619 1223 diligenti
1639 1172 1685 1212 et
1699 1171 1752 1212 de

177 1247 386 1288 orationis
411 1247 601 1297 puritate
628 1248 753 1288 unice
780 1248 965 1288 sollicito
991 1248 1068 1287 vix
1095 1249 1139 1287 et
1155 1258 1209 1287 ne
1235 1248 1312 1287 vix
1333 1247 1508 1297 quidem
1523 1247 1750 1288 ferrentur.
1810 1281 1814 1285 .

235 1333 301 1364 vs.
335 1325 405 1364 56.

296 1399 358 1439 Ut
389 1399 587 1439 animum
619 1400 673 1439 ad
705 1399 876 1448 aliquod
908 1399 1103 1439 studium
1135 1399 1384 1450 adiungant,
1418 1401 1494 1440 aut
1519 1409 1653 1449 equos

295 1475 423 1515 Alere
455 1476 532 1515 aut
563 1486 693 1516 canes
725 1476 778 1515 ad
809 1476 1071 1526 venandum,
1105 1477 1182 1516 aut
1212 1476 1266 1515 ad
1295 1475 1586 1526 philosophos.

178 1552 264 1591 Vix
310 1562 357 1591 se
403 1552 474 1591 hic
516 1553 737 1593 contineat
777 1552 964 1592 Orbilius
1006 1552 1162 1602 aliquis
1203 1553 1307 1602 quin
1337 1552 1439 1592 stilo
1469 1562 1548 1592 suo
1579 1561 1752 1603 semper

175 1628 326 1677 parato
358 1628 611 1680 immensos,
644 1630 694 1668 ut
725 1630 808 1679 ipsi
834 1629 1047 1680 videntur,
1076 1630 1309 1679 turpesque
1334 1629 1487 1678 poetae
1514 1623 1680 1668 errores
1705 1627 1752 1668 in

175 1705 372 1754 margine
418 1706 551 1744 notet.
600 1706 688 1745 Nos
734 1716 838 1746 vero
879 1707 1054 1756 poetam
1095 1706 1166 1746 hic
1206 1698 1568 1756 deprehendimus
1607 1703 1751 1746 soluto

175 1780 321 1820 animo
378 1780 423 1819 in
480 1782 737 1830 argumento
795 1792 874 1821 suo
929 1781 1166 1832 ludentem,
1215 1782 1271 1832 et,
1319 1781 1553 1821 dummodo
1598 1780 1751 1831 pectus

175 1857 364 1897 habeant
393 1867 603 1907 personae
636 1868 753 1909 suae,
788 1858 898 1898 satis
931 1868 1005 1898 eos
1037 1858 1223 1898 disertos
1254 1858 1495 1908 putantem.

233 1943 298 1973 vs.
327 1934 383 1973 64
410 1943 474 1982 sq.
502 1933 809 1974 Duriusculum
835 1935 917 1974 hoc
943 1944 1111 1984 quoque
1138 1935 1250 1983 quod
1268 1934 1388 1974 Simo
1405 1934 1457 1974 de
1471 1932 1560 1973 filio
1577 1933 1748 1973 narrat:

441 2009 602 2050 Eorum
634 2011 813 2059 obsequi
844 2011 1013 2061 studiis,
1049 2011 1259 2051 advorsus
1290 2010 1468 2061 nemini,

440 2086 673 2134 Nunquam
705 2097 974 2136 praeponens
1006 2097 1053 2126 se
1085 2086 1183 2126 illis.

171 2163 385 2202 Isocrates
432 2162 588 2211 aliquis
634 2163 748 2202 inter
791 2165 944 2212 poetas
991 2163 1162 2212 quidvis
1207 2161 1372 2213 perpeti
1419 2162 1570 2202 mallet
1615 2172 1748 2212 quam

171 2237 386 2278 eiusmodi
432 2248 587 2277 versus
634 2238 897 2278 incorrectos
943 2238 1147 2287 legendos
1194 2228 1430 2278 exhiberet.
1463 2238 1547 2277 Sed
1577 2238 1748 2288 egregie

170 2323 322 2353 senem
363 2313 426 2352 sic
467 2313 583 2362 loqui
621 2314 744 2352 decet
775 2313 998 2352 indoctum
1030 2313 1398 2362 rusticanumque.
1431 2313 1484 2352 Et
1515 2313 1623 2353 haec
1652 2313 1748 2363 ipsa

170 2400 302 2429 causa
348 2390 513 2429 accedit
560 2400 634 2429 cur
680 2389 751 2429 hic
797 2390 1032 2439 quidquam
1079 2390 1211 2429 deleri
1258 2390 1407 2430 nolim.
1450 2391 1599 2440 Ipsum
1641 2389 1747 2429 illud

169 2465 306 2514 illis,
341 2466 453 2513 quod
480 2465 689 2505 vocabulo
715 2466 930 2505 nemini
955 2466 1065 2506 satis
1092 2467 1196 2505 dure
1223 2465 1443 2505 divellitur
1459 2466 1511 2506 ab
1539 2476 1742 2517 eorum,

168 2550 251 2589 quo
280 2541 553 2580 referendum
581 2544 660 2592 est,
690 2553 775 2582 non
802 2543 944 2583 solum
972 2542 1112 2592 qualis
1139 2543 1270 2582 homo
1296 2542 1476 2592 loquens
1503 2543 1746 2595 inducatur,

171 2617 247 2655 sed
295 2617 429 2656 etiam
476 2619 690 2666 quomodo
736 2620 856 2658 totus
902 2619 973 2658 hic
1019 2620 1143 2658 actus
1189 2620 1319 2659 natus
1365 2619 1424 2658 sit
1468 2619 1745 2668 perspicuum

169 2693 291 2732 nobis
325 2693 476 2732 reddit.

226 2779 290 2808 VS.
325 2770 381 2808 94
414 2780 476 2818 sq.

403 2846 514 2885 Nam
542 2848 614 2894 qui
643 2858 742 2886 cum
770 2848 954 2897 ingeniis
980 2848 1252 2888 conflictatur
1278 2849 1492 2889 eiusmodi

411 2921 557 2969 Neque
586 2925 886 2963 commovetur
912 2924 1085 2963 animus
1111 2925 1155 2963 in
1183 2934 1233 2964 ea
1259 2935 1305 2964 re
1331 2926 1493 2965 tamen.
