2034 3334
1009 358 1091 398 152

262 484 281 521 t
292 492 318 521 a
329 493 350 520 r
362 482 418 521 i.”
466 482 573 522 Mira
614 483 721 522 haec
751 482 1036 523 ratiocinatio.
1070 483 1103 523 L
1115 492 1142 522 a
1152 493 1175 523 e
1187 484 1207 523 t
1217 493 1244 523 a
1254 483 1301 523 ri
1332 484 1384 523 ab
1417 484 1630 524 oscitante
1659 483 1833 526 librarlo

261 557 473 606 scriptum
503 569 579 607 pro
610 569 639 607 g
649 569 670 598 r
681 558 737 598 at
747 558 840 598 ula
850 569 872 598 r
882 558 909 598 i.

320 709 369 760 V,
403 711 442 759 6,
481 710 547 749 11.
579 709 870 760 Pamphilum,
899 710 968 750 cui
995 711 1296 760 inexspectata
1321 711 1476 761 obtigit
1501 712 1700 764 felicitas,
1728 711 1833 754 Cha·

260 785 392 835 rinus,
441 796 571 834 quem
617 786 751 826 etiam
794 787 997 835 torquent
1029 797 1157 827 curae
1188 787 1241 827 de
1271 798 1407 828 uxore
1440 788 1672 829 obtinenda
1701 798 1834 838 quam

261 861 390 911 cupit,
424 862 570 911 rogat:

633 938 725 987 Age
757 948 829 978 me
861 938 906 977 in
936 938 1025 978 tuis
1056 938 1258 979 secundis
1289 939 1466 989 respice.

260 1014 527 1053 Annotatur:
559 1014 691 1063 „haec
717 1015 820 1054 sunt
847 1024 956 1063 quae
983 1014 1247 1055 absolute
1274 1014 1517 1056 dicuntur.’'
1546 1015 1702 1065 Ecquis
1727 1017 1835 1057 haec

260 1089 492 1138 intelligit?
509 1089 576 1129 An
593 1090 704 1130 forte
719 1090 972 1140 legendum:
994 1091 1127 1140 „haec
1143 1092 1247 1130 sunt
1262 1101 1372 1140 quae
1398 1091 1461 1131 ab
1473 1092 1664 1133 soluto
1691 1091 1833 1132 dicun-

260 1167 331 1205 tur
357 1168 430 1212 (sc.
449 1176 475 1206 a
490 1166 620 1206 sociis
637 1166 726 1207 iam
743 1167 1042 1207 condemnatis
1057 1167 1127 1207 vel
1144 1167 1395 1208 etiamnunc
1411 1168 1541 1215 reis)’'
1554 1169 1576 1208 ?
1593 1167 1676 1208 Sed
1690 1168 1836 1218 potius

261 1254 283 1282 s
294 1254 321 1282 u
334 1253 363 1282 n
374 1244 394 1282 t
419 1253 446 1291 q
457 1253 485 1281 u
497 1253 523 1282 a
534 1253 557 1282 e
585 1243 823 1283 abiicienda
839 1245 955 1294 puto,
974 1245 1023 1283 ut
1039 1244 1203 1284 scholio
1219 1244 1280 1284 nil
1297 1244 1414 1284 aliud
1425 1243 1693 1294 significetur
1702 1254 1834 1294 quam

262 1317 531 1358 secundis
572 1318 655 1359 dici
686 1330 762 1368 pro
793 1319 1063 1359 secundis
1094 1320 1274 1359 rebus.
1307 1319 1356 1360 V.
1390 1320 1444 1359 ad
1475 1320 1579 1360 Hec.
1612 1320 1645 1371 Ι,
1679 1320 1719 1371 2,
1756 1319 1834 1360 19:

268 1395 542 1444 „absolutum
586 1396 654 1435 est
693 1396 1032 1445 praefinit0;
1076 1396 1198 1435 deest
1238 1397 1432 1446 tempore
1451 1396 1541 1436 'aut
1570 1395 1672 1445 quid
1702 1394 1833 1436 tale.”

262 1471 325 1510 Ne
366 1471 447 1510 hoc
488 1471 662 1520 quidem
701 1471 949 1512 incredibile
981 1472 1128 1518 (variis
1160 1471 1277 1511 enim
1309 1472 1480 1512 casibus
1511 1470 1724 1511 obnoxius
1753 1470 1836 1510 fuit

265 1547 619 1593 commentarius)
653 1547 758 1587 olim
783 1547 995 1597 scriptum
1021 1548 1178 1587 fuisse:
1210 1548 1343 1598 „haec
1369 1547 1565 1588 absolute
1590 1546 1834 1597 dicuntur,”

265 1623 366 1662 hinc
395 1622 550 1662 fecisse
587 1623 719 1672 „haec
750 1625 853 1663 sunt
884 1634 994 1673 quae
1025 1623 1222 1663 absoluto
1249 1623 1478 1663 dicuntur”
1506 1619 1834 1672 compiratorem

262 1698 334 1748 qui
381 1699 433 1738 de
479 1698 807 1747 quaestionibus
847 1699 1018 1748 reisque
1060 1699 1280 1749 cogitaret,
1325 1698 1507 1748 denique
1539 1698 1699 1738 iterum
1729 1708 1835 1739 casu

262 1775 331 1814 vel
374 1775 571 1815 consulto
606 1785 682 1824 pro
714 1775 979 1815 absoluto
1011 1776 1223 1825 scriptum
1254 1774 1532 1814 absolute.
1566 1773 1670 1824 Quis
1701 1773 1832 1825 enim,

262 1850 345 1890 nisi
388 1851 441 1890 ad
473 1851 559 1891 alia
590 1851 738 1891 omnia
767 1853 915 1891 mente
947 1852 1164 1902 aberrans,
1198 1850 1386 1900 simplici
1417 1851 1547 1899 atque
1578 1849 1835 1890 notissimae

261 1927 552 1966 observationi
588 1927 838 1975 „absolute”
873 1927 956 1974 (vel
992 1927 1125 1977 „haec
1156 1926 1352 1966 absolute
1389 1926 1633 1972 dicuntur”)
1659 1925 1836 1966 adiiciat

258 2002 490 2042 vocabula:
527 2003 661 2052 „haec
691 2003 794 2042 sunt
825 2013 935 2052 quae
975 2024 1020 2029 -—
1057 2002 1284 2042 dicuntur’'
1318 2001 1388 2041 vel
1423 2002 1552 2051 „sunt
1582 2001 1752 2050 quae?”

324 2079 390 2118 13.
438 2079 718 2128 „Terentius”
761 2079 827 2126 sic,
871 2079 960 2119 fere
1001 2079 1188 2128 legimus
1230 2078 1274 2117 in
1305 2077 1482 2118 scholiis
1515 2077 1707 2128 „reliqua
1735 2079 1835 2128 post

258 2165 435 2194 scenam
467 2154 560 2193 fieri
593 2155 731 2195 vult.”
761 2155 1006 2204 Sequuntur
1032 2165 1147 2194 nunc
1172 2155 1266 2204 ipsa
1292 2154 1445 2194 scholii
1470 2153 1624 2193 verba:
1656 2163 1737 2203 „ne
1762 2153 1833 2193 vel

258 2231 372 2270 iusto
419 2231 584 2279 longior
630 2230 765 2281 fieret,
814 2231 883 2270 vel
931 2230 975 2270 in
1018 2231 1200 2270 eandem
1242 2231 1414 2280 propter
1454 2240 1600 2269 rerum
1632 2229 1831 2269 similitu-

256 2308 401 2346 dinem
429 2308 725 2356 cogerentur.”
749 2306 1014 2346 Ritschelius
1039 2307 1139 2355 post
1164 2306 1219 2345 in
1246 2306 1478 2345 eandem
1506 2305 1659 2344 inserit
1688 2318 1833 2355 »κατα-

255 2381 433 2432 στροφὴν
459 2383 548 2422 bini
577 2384 791 2433 amores,”
819 2393 902 2431 quo
929 2382 1043 2422 facto
1070 2381 1316 2421 observatio
1338 2381 1531 2420 nascitur
1546 2380 1673 2430 plane
1690 2380 1832 2421 aliena

254 2458 306 2497 ab
339 2458 419 2497 hoc
450 2458 542 2498 loco
577 2459 928 2508 Scholiastaeque
962 2458 1153 2498 consilio.

318 2534 383 2573 17.
419 2534 511 2573 Hoc
542 2534 737 2574 scholion
763 2535 836 2583 qui
862 2533 1039 2583 scripsit
1065 2533 1174 2573 satis
1200 2532 1344 2582 inepte
1370 2533 1469 2582 post
1490 2542 1669 2572 scenam
1684 2532 1831 2582 peragi

254 2611 402 2648 censet
444 2611 487 2649 et
524 2611 607 2649 alia
640 2612 683 2649 et
714 2611 816 2650 hoc:
854 2610 996 2659 „Crito
1029 2609 1251 2658 Chrysidis
1283 2609 1609 2659 haereditatem,
1642 2618 1830 2648 vacuam

253 2686 355 2734 iam,
405 2686 552 2734 agnita
598 2686 795 2734 Glycerio
842 2696 868 2725 a
913 2687 1035 2735 patre
1082 2684 1323 2734 Chremete,
1372 2684 1454 2723 sibi
1501 2684 1735 2724 vindicat.”
1779 2683 1827 2723 Id

254 2762 401 2798 autem
448 2762 546 2809 post
588 2771 765 2800 scenam
806 2760 899 2800 fieri
940 2760 1043 2800 dicit
1086 2760 1350 2799 Scholiasta:
1389 2770 1467 2808 »110
1498 2759 1568 2799 vel
1600 2769 1733 2808 parvo
1763 2758 1826 2798 rei

254 2835 440 2874 Critonis
482 2838 671 2875 tracta-tu
714 2838 790 2875 aut
831 2837 1154 2876 defraudatione
1193 2835 1378 2884 Glycerii
1410 2835 1698 2874 infuso-aretur
1727 2832 1828 2874 finis

254 2910 466 2949 fabulae.”
511 2911 593 2949 Ubi
636 2912 767 2951 verba
804 2922 976 2960 parvo
1007 2912 1089 2951 rei
1121 2911 1377 2951 Critonis
1408 2912 1668 2950 tractatu
1698 2909 1826 2958 signi-
