2034 3334
30 2560 36 2568 Α
0 2515 30 2527 ς
10 2259 42 2486 Μηρώ
20 2191 38 2238 ι
28 2067 33 2070 ,
27 2032 29 2042 Α,
0 1837 22 1986 ·
28 1707 33 1722 ,,

894 389 978 432 153

305 515 434 559 Nunc
465 515 581 571 piget
614 517 654 557 et
686 515 891 570 quereris,
921 513 1038 569 quod
1069 525 1156 555 non
1189 515 1263 555 aut
1291 512 1373 554 ista
1403 511 1605 554 voluntas

363 593 481 636 Tunc
511 592 595 635 fuit
625 595 700 634 aut
730 605 817 634 non
849 594 913 634 est
943 603 1061 633 nunc
1092 603 1142 633 ea
1171 589 1308 632 forma
1341 588 1430 631 tibi.

305 668 543 712 Datamen
575 668 811 725 amplexus,
844 667 1060 723 oblitaque
1090 666 1246 722 gaudia
1283 667 1436 722 iunge:

363 745 440 801 Da,
470 745 600 800 fruar,
633 748 674 787 et
706 745 742 787 si
774 757 862 786 non
894 743 1011 799 quod
1041 742 1152 798 volo,
1184 741 1300 798 quod
1330 742 1459 784 volui.

246 855 311 899 De
357 869 404 899 se
448 856 626 911 suisque
666 854 883 897 amoribus
927 853 1032 910 quid
1073 853 1280 896 sentirent
1320 852 1498 894 lectores
1530 864 1682 907 parum

185 945 359 976 curasse
404 932 633 975 Horatium
681 931 913 974 dummodo
962 943 1132 973 carmen
1179 942 1382 972 numeros
1426 929 1589 971 veniret
1630 927 1684 970 ad

185 1013 306 1066 aptos
336 1022 391 1052 ex
427 1010 493 1051 his
525 1009 576 1051 de
607 1008 811 1064 Ligurino
843 1006 1105 1050 carminibus
1137 1007 1242 1048 satis
1272 1006 1357 1048 iam
1391 1008 1576 1061 apparet,
1609 1004 1684 1047 sed

184 1087 327 1129 nescio
360 1100 415 1128 an
447 1086 601 1128 melius
633 1086 760 1128 etiam
791 1085 905 1127 idem
933 1084 1081 1127 doceat
1111 1096 1282 1127 carmen
1315 1084 1563 1138 ceteroquin
1580 1083 1684 1125 satis

185 1166 418 1206 venustum
468 1163 584 1218 quod
629 1175 748 1205 nunc
793 1162 976 1204 afferam.
1021 1161 1099 1204 Est
1124 1160 1224 1217 IV
1237 1161 1328 1213 11.
1370 1159 1530 1202 Invitat
1561 1162 1685 1215 poeta

186 1240 428 1294 Phyllidem
461 1243 510 1282 ut
541 1252 686 1282 secum
715 1238 974 1307 Maecenatis
1001 1238 1114 1280 diem
1140 1210 1322 1280 celebret
1338 1236 1535 1292 natalem,
1553 1236 1685 1278 versi-

186 1317 295 1359 culis
340 1316 622 1370 nitidissimis,
668 1316 711 1357 in
762 1314 919 1371 quibus
969 1314 1030 1356 nil
1074 1313 1473 1370 reprehendendum
1515 1312 1686 1355 videtur

185 1395 351 1449 praeter
381 1391 588 1435 vocabula

986 1466 1057 1508 Ex
1088 1466 1167 1509 hac

541 1543 657 1587 Luce
688 1543 912 1586 Maecenas
942 1556 1066 1586 meus
1103 1542 1328 1586 affluentes

601 1619 781 1662 Ordinat
811 1633 947 1663 annos

186 1737 238 1780 de
285 1736 443 1792 quibus
485 1749 616 1792 supra
657 1737 742 1779 iam
784 1736 981 1779 vidimus.
1015 1735 1272 1791 Venustum,
1307 1738 1386 1791 aio,
1420 1749 1590 1779 carmen
1622 1739 1687 1779 est

186 1816 228 1856 et
267 1813 533 1869 aptissimum
577 1813 733 1855 hilares
765 1812 1096 1868 splendidasque
1128 1813 1293 1868 paranti
1326 1813 1497 1868 epulas:
1531 1814 1685 1855 vivunt

185 1889 230 1930 in
276 1901 324 1931 eo
367 1889 616 1944 spirantque
658 1889 825 1930 omnia.
844 1921 852 1930 .
871 1921 908 1930 ..
938 1892 1104 1944 praeter
1146 1902 1346 1944 amorem,
1380 1890 1455 1945 qui
1487 1903 1685 1945 magnam

186 1969 363 2021 occupat
403 1966 604 2008 carminis
645 1969 831 2021 partem:
863 1966 901 2008 is
933 1965 1052 2008 solus
1082 1969 1279 2008 mortuus
1311 1970 1375 2008 est
1404 1965 1685 2022 frigidusque.

187 2039 293 2091 Quis
325 2042 440 2084 enim
472 2054 572 2084 vere
603 2055 752 2084 amans
785 2042 846 2084 sic
878 2041 1094 2097 loquitur:
1134 2042 1358 2098 „Agedum
1387 2042 1564 2098 Phyllis,
1591 2042 1687 2098 pul-

186 2117 336 2159 chrum
377 2118 509 2160 istum
541 2117 814 2173 nobilemque
840 2118 925 2160 iam
960 2118 1082 2160 mitte
1112 2117 1368 2174 Telephum3
1402 2119 1440 2160 is
1474 2122 1515 2160 te
1546 2132 1686 2174 asper-

186 2196 325 2248 natur,
355 2194 461 2248 iure,
496 2196 543 2235 ut
576 2194 681 2235 mihi
711 2193 903 2246 videtur3
938 2207 1006 2236 me
1038 2206 1138 2249 ergo
1171 2197 1370 2236 contenta
1401 2193 1554 2236 esto''?
1581 2194 1687 2236 Mihi

186 2273 299 2312 certe
343 2270 424 2312 ista
470 2270 628 2326 legenti
668 2271 714 2312 in
756 2273 941 2313 mentem
984 2271 1101 2312 venit
1141 2270 1422 2325 Antisthenis,
1466 2271 1540 2326 qui
1572 2271 1686 2326 apud

186 2344 515 2402 Xenophontem
548 2345 692 2400 (Conv.
725 2346 802 2402 IV,
836 2347 906 2400 38)
938 2346 990 2388 de
1022 2359 1068 2388 se
1099 2346 1327 2402 gloriatur:
1601 2331 1604 2334 ’

246 2419 291 2470 ἢν
321 2420 362 2463 δέ
395 2437 490 2464 ποτε
521 2420 590 2464 καὶ
621 2420 899 2475 ἀφροδισιάσαι
931 2421 975 2464 τὸ
1003 2420 1122 2473 σῶμά
1154 2437 1230 2473 μου
1261 2421 1389 2475 δεηθῇ,
1422 2419 1517 2464 οὕτω
1550 2437 1615 2473 μοι
1643 2422 1686 2465 τὸ

187 2497 306 2550 παρὸν
353 2498 465 2546 ἀρκεῖ
507 2495 605 2539 ὥστε
652 2493 713 2544 αἷς
757 2496 805 2538 ἂν
851 2496 1046 2551 προσ-ἔλθω
1091 2496 1437 2551 ὑπερασπάζοντοιί
1465 2513 1518 2549 με
1549 2496 1614 2540 διὰ
1644 2498 1688 2540 τὸ

190 2571 342 2623 μηδένα
372 2571 493 2615 ἄλλον
525 2574 671 2620 αὐταῖς
704 2572 842 2615 ἐθέλειν
875 2572 1076 2626 προσιέναι.

248 2647 415 2691 Horum
449 2662 548 2705 ergo
581 2650 685 2691 mihi
712 2649 940 2691 verborum
966 2651 1012 2691 in
1039 2654 1224 2692 mentem
1252 2651 1371 2692 venit
1387 2651 1690 2706 simulque....

191 2725 402 2783 SQdae
447 2725 718 2785 pr}ffl{„„libri
763 2726 917 2779 satirae
963 2725 1232 2768 Horatianae.
1280 2726 1403 2769 Illam
1451 2728 1564 2770 enim
1613 2728 1688 2783 qui

192 2801 360 2856 scripsit
404 2814 492 2843 non
536 2802 574 2844 is
615 2805 679 2843 est
720 2802 795 2856 qui
827 2815 950 2844 veros
982 2802 1269 2857 honestosque
1299 2816 1463 2846 amores
1495 2804 1685 2859 pulchris

192 2876 389 2933 depingat
430 2877 655 2920 coloribus.
699 2877 782 2920 Sed
817 2878 870 2920 ad
901 2877 1143 2932 Phyllidem
1173 2879 1408 2922 redeamus.
1447 2880 1566 2937 „Age
1597 2881 1680 2923 iam
