2034 3334
1006 215 1033 258 9

267 339 344 390 ΙΧ,
380 338 466 382 115
514 340 625 383 Nam
658 339 822 382 clavam
857 343 899 382 et
930 353 1083 382 curvos
1114 342 1231 381 trans
1262 340 1400 395 ripam
1433 339 1608 381 miserat
1639 352 1773 381 arcus.

267 436 324 443 —
372 410 460 453 436
506 411 594 454 Nec
627 414 824 453 nostrum
857 411 938 452 seri
969 413 1196 452 curvarent
1228 410 1393 452 Aeacon
1427 411 1539 451 anni.

282 481 336 533 X,
404 481 458 524 12
505 481 690 524 Deflevit
722 485 865 532 vates,
898 496 949 524 ne
980 495 1064 523 non
1095 485 1327 536 temptaret
1359 484 1402 523 et
1433 481 1620 522 umbras.

266 578 322 585 —
373 552 458 596 736
507 552 711 606 Qualem,
745 566 852 608 quae
882 551 999 594 lento
1030 551 1167 594 celant
1199 552 1277 593 sub
1310 553 1464 594 cortice
1497 564 1697 607 granum.

261 623 335 674 XI,
370 622 454 667 ’761
506 623 712 676 Quamvis
744 627 809 665 est
841 622 970 664 illum
1000 622 1139 679 proles
1173 624 1297 664 enixa
1329 622 1570 679 Dymantis.

219 693 334 745 XIV,
398 693 455 736 92
503 692 739 750 Cercopum
772 708 924 736 exosus
955 695 1182 750 gentisque
1213 693 1399 735 admissa
1430 692 1612 735 dolosae.

401 763 458 807 99
506 763 746 807 Verborum
777 769 819 806 et
853 769 975 806 natae
1007 764 1097 806 dira
1127 765 1172 806 in
1203 765 1390 819 periuria
1421 763 1608 820 linguae.

374 835 460 877 114
507 834 766 891 Fulgentem
798 848 967 876 ramum
1001 833 1109 877 silva
1141 834 1317 876 Iunonis
1349 835 1556 877 Avernae.

374 905 458 948 146
505 905 586 948 'Per
618 909 790 948 centum
824 919 1003 955 messes,
1039 910 1102 947 ter
1134 910 1306 947 centum
1339 909 1482 946 musta
1515 903 1672 947 videre.

376 976 459 1019 151
510 976 587 1019 Vel
617 991 700 1020 non
733 979 980 1033 cognoscet,
1013 975 1086 1019 vel
1117 975 1316 1018 dilexisse
1347 976 1535 1032 negabit.

375 1047 461 1090 509
511 1047 569 1089 Ut
598 1062 681 1090 non
714 1061 980 1104 cygnorum,
1014 1048 1074 1088 sic
1104 1046 1210 1089 albis
1242 1048 1438 1102 proxima
1470 1047 1635 1102 cygnis.

375 1117 463 1161 638
509 1118 660 1160 Fecere
692 1123 733 1160 et
763 1120 868 1173 pinu
901 1119 1129 1172 praecincti
1161 1131 1317 1159 cornua
1347 1117 1494 1159 Panes.

377 1188 463 1232 '769
511 1189 657 1232 Evicit
690 1189 820 1230 nubes
851 1188 1054 1244 nullaque
1086 1189 1279 1230 obstante
1311 1188 1487 1230 reluxit.

406 1258 462 1302 68
509 1259 564 1301 Et
594 1273 738 1301 rerum
771 1272 918 1301 causas
950 1263 992 1301 et
1025 1258 1127 1314 quid
1159 1262 1312 1301 natura
1344 1258 1531 1300 docebat.

408 1328 463 1373 78
510 1329 621 1372 Sunt
651 1330 805 1372 herbae
837 1329 1002 1379 dulces,
1038 1333 1137 1371 sunt
1168 1343 1275 1385 quae
1306 1330 1529 1371 mitescere
1560 1327 1745 1370 flamma.

377 1400 463 1443 319
511 1399 593 1444 Oui
622 1414 705 1442 non
736 1400 882 1442 audita
915 1403 979 1442 est
1010 1400 1211 1442 obscenae
1243 1399 1448 1442 Salmacis
1479 1399 1629 1441 undae.

378 1470 466 1513 390
511 1471 676 1513 Mutari
707 1470 878 1512 credant
908 1470 1116 1512 humanas
1149 1484 1289 1525 angue
1320 1469 1543 1512 medullas.

375 1541 461 1584 455
508 1541 719 1583 Immutat
750 1541 906 1583 formas
937 1540 1151 1595 tellusque
1183 1546 1226 1583 et
1258 1540 1466 1596 quidquid
1498 1542 1542 1582 in
1573 1539 1664 1582 illa.

374 1611 461 1656 475
510 1611 597 1654 Nec
629 1611 867 1654 formidatis
899 1625 1046 1653 cervos
1076 1610 1259 1653 inludite
1290 1612 1453 1667 pennis.

377 1682 464 1726 484
511 1683 745 1725 Adsuetam
777 1681 889 1724 bello
921 1683 1035 1738 pacis
1067 1682 1258 1724 traduxit
1290 1682 1343 1724 ad
1375 1686 1499 1724 artes.

377 1754 464 1796 618
516 1754 772 1807 Quantum
803 1754 1050 1807 depresso
1082 1753 1347 1794 subiectis
1379 1753 1533 1794 bobus
1566 1757 1751 1793 aratro

378 1824 463 1867 619
515 1824 1011 1878 Compleotiposses
1043 1824 1310 1880 adfinem
1342 1824 1483 1865 lucis
1514 1824 1571 1864 ab
1603 1827 1733 1865 ortu.

270 1920 326 1926 —
375 1893 461 1937 676
508 1894 717 1936 Evinctus
749 1895 859 1936 vitta
891 1895 1027 1936 crines
1060 1893 1226 1937 albente
1258 1894 1464 1936 sacerdos.

284 1965 411 2008 Hunc
452 1979 620 2020 quoque
662 1978 858 2014 versum,
901 1963 1004 2007 licet
1033 1978 1058 2007 a
1090 1965 1228 2007 tribus
1260 1966 1438 2020 incipiat
1473 1964 1691 2020 spondeis,
1725 1964 1809 2007 huc

223 2035 489 2079 referendum
521 2048 686 2078 censeo:

250 2106 342 2158 XV,
377 2106 463 2148 328
510 2105 732 2148 Undarum
764 2119 926 2161 sparsas
959 2104 1270 2162 Symplegadas
1303 2105 1517 2148 elisarum.

247 789 340 1857 ιιιιιιιιζὲιιιιιιι

245 2305 248 2308 ξ
287 2246 380 2289 Hoc
426 2261 528 2303 ergo
574 2248 767 2302 primum
813 2250 987 2302 apparet
1027 2261 1143 2289 raros
1185 2261 1274 2289 esse
1315 2249 1358 2288 in
1397 2246 1815 2302 Metamorphosesin

228 2317 537 2374 „ponderosos”
580 2330 742 2359 versus,
785 2317 897 2359 Nam
938 2331 1038 2359 cum
1080 2322 1221 2359 totum
1264 2331 1371 2372 opus
1413 2331 1435 2359 e
1474 2316 1698 2358 duodecim
1729 2317 1816 2359 fere

226 2387 402 2431 milibus
434 2401 639 2430 versuum
670 2391 858 2438 constat,
891 2401 943 2430 ex
973 2387 1049 2430 illo
1082 2402 1236 2443 genere
1267 2402 1350 2430 non
1383 2387 1481 2444 plus
1515 2386 1600 2429 182
1628 2388 1815 2443 praebet,

224 2458 352 2515 idque
382 2459 444 2500 ita
475 2461 524 2499 ut
554 2471 677 2512 saepe
708 2456 960 2513 longissimo
991 2457 1218 2501 intervallo
1250 2459 1494 2500 inveniatur
1525 2456 1684 2499 nullus.
1724 2456 1815 2499 Iam

226 2528 271 2571 id
315 2530 457 2584 ipsum
505 2529 789 2582 suspicionem
830 2531 978 2570 movet
1019 2542 1088 2570 eos
1132 2542 1155 2570 a
1197 2533 1320 2584 poeta
1361 2532 1475 2569 certo
1519 2527 1695 2569 consilio
1727 2542 1816 2570 esse

226 2600 386 2655 positos
429 2603 556 2653 atque
589 2601 637 2638 ut
668 2596 910 2652 legentium
941 2599 1104 2640 animos
1135 2602 1248 2640 certo
1280 2597 1424 2653 aliquo
1452 2597 1634 2640 afficeret
1665 2612 1814 2649 sensu,

226 2682 404 2724 eamque
459 2669 746 2723 suspicionem
803 2666 1048 2709 confirmare
1098 2669 1239 2710 conati
1286 2682 1435 2709 sumus
1487 2667 1813 2711 demonstrando

223 2738 399 2780 illorum
443 2751 648 2780 versuum
691 2735 796 2779 alios
842 2737 1193 2793 ,‚descriptivos'’,
1237 2736 1341 2780 alios
1386 2738 1811 2794 „contemplativos’'‚

226 2807 333 2850 alios
375 2807 555 2862 denique
601 2807 890 2858 „rhetoricos”
934 2808 1028 2849 iure
1070 2807 1151 2849 dici
1194 2821 1328 2863 posse.
1368 2807 1525 2860 Quodsi
1558 2810 1653 2863 quis
1686 2808 1814 2851 nihili

228 2892 272 2920 se
312 2878 446 2920 facere
488 2877 644 2919 clamet
686 2890 882 2919 normam
924 2891 1031 2932 quae
1077 2877 1161 2919 153
1204 2877 1410 2933 exemplis
1453 2878 1712 2930 defendatur,
1753 2878 1810 2920 29

225 2946 435 3003 exemplis
484 2947 716 2998 refellatur,
769 2949 940 2990 omnino
983 2949 1258 2990 verissimum
1299 2947 1409 2990 illud
1456 2962 1544 2991 esse
1603 2948 1806 3001 concedo,
