2034 3334
1008 346 1088 388 196

294 475 407 517 enim
440 476 505 517 est
535 475 708 516 amator.
736 471 912 523 Quoties
938 474 1082 515 autem
1107 484 1278 515 summa
1293 469 1475 528 Pimplei
1491 471 1650 514 montis
1666 483 1792 515 cacu-

293 552 411 593 mina
441 549 699 593 adscendere
729 551 921 604 conatur,
952 547 1082 592 verba
1115 547 1290 605 quidem
1316 547 1417 591 inde
1442 547 1570 591 refert
1586 561 1790 605 magnum

292 627 454 684 aliquid
486 627 692 681 sonantia,
725 625 800 669 sed
830 625 972 668 inanis
1004 637 1152 668 eorum
1187 625 1389 681 strepitus
1421 628 1497 681 est,
1527 625 1573 667 in
1605 627 1791 668 mentem

293 705 573 760 animumque
617 703 787 746 lectoris
827 715 916 745 non
956 704 1191 758 penetrant.
1233 700 1344 744 Nam
1374 701 1412 744 si
1443 702 1542 758 quis
1574 713 1642 745 me
1673 703 1795 758 roget

294 781 398 838 quid
446 793 544 824 vere
591 784 632 823 et
677 782 764 822 toto
809 781 979 835 pectore
1025 778 1178 821 amarit
1221 777 1442 834 Horatius,
1487 777 1792 834 respondeam:

293 858 424 901 vitam
457 858 647 913 quietam
684 855 993 912 placidamque,
1023 854 1076 898 ab
1110 854 1276 898 urbano
1307 855 1483 911 strepitu
1517 857 1736 910 remotam,
1766 866 1794 897 a

293 934 395 978 belli
425 933 627 990 periculis
659 945 866 975 securam.
899 930 1025 974 Hanc
1054 944 1156 975 vero
1187 932 1232 973 in
1265 931 1429 974 deliciis
1461 931 1500 974 ei
1525 930 1661 974 fuisse
1687 929 1793 988 quid

294 1010 484 1054 mirum?
533 1008 617 1060 Qui
663 1010 779 1052 enim
820 1008 1067 1051 adolescens
1109 1007 1210 1051 belli
1251 1007 1390 1050 civilis
1421 1019 1650 1051 aerumnas
1681 1010 1794 1051 esset

294 1090 509 1143 expertus,
553 1086 648 1143 paci
687 1070 749 1128 nil
790 1088 1006 1142 praestare
1036 1083 1167 1141 probe
1198 1087 1386 1140 noverat,
1418 1087 1460 1127 et
1489 1097 1594 1141 pace
1623 1096 1793 1141 compo-

294 1165 386 1220 sita,
418 1176 553 1220 quum
585 1164 743 1205 victam
777 1175 951 1205 causam
981 1161 1250 1216 defendisset,
1281 1164 1449 1218 praeter
1475 1161 1663 1217 quietem
1678 1163 1794 1204 tran-

295 1241 636 1297 quillitatemque
682 1240 759 1281 vix
806 1238 1043 1295 quidquam
1092 1252 1117 1281 a
1164 1238 1246 1281 diis
1285 1237 1600 1281 immortalibus
1629 1237 1794 1294 precari

293 1321 468 1375 poterat.
500 1315 660 1373 Lepida
692 1329 792 1372 ergo
827 1319 1094 1371 venustaque
1125 1318 1227 1358 sunt
1259 1315 1448 1357 carmina
1474 1313 1634 1370 quibus
1659 1314 1793 1357 vitam

292 1395 497 1438 rusticam
529 1393 675 1436 laudat
705 1392 925 1448 Horatius,
957 1395 999 1435 et
1025 1391 1237 1448 quidquid
1264 1404 1319 1435 ex
1346 1391 1426 1434 hoc
1451 1403 1608 1448 genere
1623 1391 1794 1447 scripsit

292 1471 407 1514 lectu
464 1473 529 1513 est
583 1469 958 1512 iucundissimum.
1013 1467 1128 1530 Quin
1175 1469 1303 1511 etiam
1350 1468 1463 1510 inter
1511 1468 1702 1510 carmina
1746 1467 1794 1509 in

292 1548 452 1604 patriae
497 1547 789 1603 principisque
835 1546 1040 1588 honorem
1088 1545 1321 1600 composita
1363 1543 1586 1600 quaedam,
1627 1543 1664 1587 si
1704 1555 1792 1585 non

292 1623 519 1680 praeclara,
561 1626 704 1665 tamen
747 1621 979 1664 admodum
1023 1624 1126 1664 sunt
1166 1620 1366 1677 pulchra:
1399 1620 1473 1663 illa
1503 1620 1599 1663 dico
1630 1618 1792 1676 quibus

292 1701 519 1757 Augustus
551 1703 768 1755 tamquam
803 1699 919 1754 pacis
951 1701 1100 1740 auctor
1131 1698 1457 1753 securitatisque
1488 1696 1688 1740 defensor
1720 1708 1794 1739 ex-

293 1776 468 1819 tollitur.
510 1774 674 1818 Eorum
714 1778 858 1817 autem
899 1787 968 1816 me
998 1774 1140 1816 iudice
1172 1774 1421 1829 primarium
1455 1772 1618 1816 obtinet
1646 1771 1792 1815 locum

293 1867 328 1896 c.
360 1852 437 1909 IV,
471 1853 509 1908 5,
548 1865 634 1908 quo
675 1855 724 1894 ut
757 1852 804 1894 in
836 1850 985 1894 urbem
1019 1851 1158 1894 redire
1189 1853 1385 1907 properet
1414 1850 1665 1906 Augustum
1696 1861 1793 1906 pre-

294 1933 437 1983 catur,
471 1929 587 1972 hunc
619 1929 732 1971 enim
765 1931 807 1971 et
837 1928 932 1971 aliis
964 1927 1199 1983 alloquitur
1229 1926 1371 1970 verbis
1402 1930 1444 1970 et
1473 1927 1613 1969 hisce:

529 2069 690 2113 Lucem
721 2069 851 2112 redde
882 2071 994 2124 tuae,
1026 2068 1118 2111 dux
1149 2067 1274 2124 bone,
1306 2068 1478 2124 patriae.

531 2146 674 2189 Instar
704 2148 819 2189 veris
850 2146 963 2189 enim
997 2145 1146 2188 vultus
1178 2144 1253 2188 ubi
1282 2148 1387 2188 tuus

532 2222 707 2265 Affulsit
737 2222 909 2279 populo,
941 2223 1102 2278 gratior
1132 2222 1166 2264 it
1197 2221 1287 2264 dies

589 2299 645 2342 Et
676 2299 787 2342 soles
819 2299 974 2342 melius
1004 2299 1152 2341 nitent.

353 2459 669 2502 Venustissima
700 2457 886 2514 profecto
917 2457 1021 2500 haec
1051 2457 1224 2513 stropha
1250 2459 1327 2512 est,
1355 2455 1429 2499 sed
1455 2458 1594 2498 totum
1620 2467 1791 2498 carmen

294 2536 387 2578 iure
418 2536 710 2590 Peerlkampio
742 2547 876 2590 paene
907 2533 1140 2590 perfectum
1172 2533 1351 2576 videtur.
1383 2532 1438 2575 Et
1469 2533 1645 2575 omnino
1670 2532 1790 2588 inep-

293 2615 385 2654 tum
434 2614 490 2654 sit
533 2611 759 2654 Horatium
801 2614 1018 2667 tamquam
1062 2610 1392 2653 versificatorem
1436 2612 1707 2652 contemnere
1747 2609 1790 2650 et

295 2687 520 2743 despicere,
554 2701 687 2742 quum
720 2687 968 2743 praesertim
998 2686 1099 2729 inde
1123 2700 1148 2729 a
1174 2687 1334 2729 renatis
1359 2686 1494 2728 literis
1511 2682 1789 2727 eruditissimi

293 2763 486 2806 homines
518 2776 617 2805 eum
649 2775 918 2819 summopere
949 2764 1036 2805 sint
1066 2762 1273 2804 admirati.
1298 2761 1432 2804 Lectu
1458 2761 1572 2803 enim
1590 2758 1788 2814 dignissi-

293 2853 390 2881 mus
421 2839 626 2882 Horatius
659 2843 700 2882 et
729 2839 811 2882 fuit
835 2852 1002 2895 semper
1027 2842 1069 2882 et
1095 2840 1221 2882 etiam
1251 2839 1326 2881 diu
1351 2837 1561 2891 manebit3
1580 2836 1655 2879 sed
1672 2834 1787 2893 quod
