2034 3334
971 381 999 423 8

414 506 628 562 „Obsecro
654 518 747 563 vos,
780 518 990 564 quaenam
1018 506 1148 563 leges,
1174 506 1299 548 cuius
1325 506 1507 549 aetatis?
1523 506 1732 551 Veterum

353 588 395 629 et
437 583 619 635 Catonis,
661 596 749 627 non
782 584 954 627 dixeris.
985 583 1138 640 Itaque
1169 586 1364 639 superest
1393 582 1616 626 Romulus.
1649 582 1732 626 Sed

352 663 444 718 ipse
474 660 686 703 Romulus
717 659 937 703 habitabat
966 660 1012 702 in
1045 673 1143 703 casa
1173 659 1226 702 de
1257 660 1460 703 stramine
1492 663 1535 702 et
1564 659 1733 716 cespiti-

351 738 433 781 bus
473 736 594 780 facta.
623 736 715 780 Nec
746 737 900 780 melius
933 735 1180 779 habitabant
1210 736 1339 778 ceteri
1370 734 1564 778 Romani.
1595 735 1734 792 quue

351 813 565 857 faciebant
611 826 699 856 non
745 813 936 868 consilio,
983 825 1069 855 non
1116 813 1222 868 lege,
1269 825 1356 854 non
1405 812 1612 868 exemplo,
1658 811 1734 855 sed

353 891 614 934 necessitate.
647 888 806 933 Omnes
840 894 961 932 erant
990 902 1210 946 pauperes.
1238 888 1294 932 Et
1320 890 1357 932 si
1381 889 1460 932 hae
1485 889 1600 946 leges
1626 888 1733 933 refe-

354 966 510 1010 rendae
539 966 626 1009 sint
657 966 710 1009 ad
741 969 922 1009 aetatem
953 965 1138 1020 Romuli,
1171 965 1384 1021 quomodo
1410 965 1519 1008 illud
1545 964 1733 1022 explices

355 1042 471 1099 quod
497 1042 669 1086 eaedem
694 1042 811 1099 leges
836 1043 1043 1085 iusserint
1068 1042 1223 1098 oppida
1248 1045 1290 1085 et
1315 1041 1473 1098 templa
1498 1054 1611 1084 novo
1628 1054 1734 1085 saxo

354 1118 585 1162 decorare?
610 1118 795 1161 Romani
825 1132 911 1161 non
938 1118 1150 1162 habebant
1166 1118 1332 1175 oppida,
1350 1131 1460 1174 quae
1476 1118 1734 1173 decorarent,

353 1198 519 1252 praeter
558 1194 749 1238 Romam.
792 1194 965 1251 Templa
996 1199 1139 1238 autem
1171 1208 1258 1238 non
1292 1196 1429 1251 magis
1461 1194 1734 1250 ornabantur,

354 1285 485 1328 quam
517 1272 642 1315 aedes
675 1273 876 1328 privatae,
909 1271 1030 1314 Ovid.
1062 1271 1175 1316 Fast.
1207 1271 1241 1326 I,
1274 1271 1383 1314 201:

531 1388 697 1445 Iupiter
728 1391 910 1444 angusta
940 1389 1018 1431 vix
1049 1391 1165 1432 totus
1197 1388 1334 1431 stabat
1365 1390 1410 1431 in
1443 1389 1546 1433 aede

589 1465 730 1522 Inque
759 1465 876 1509 Iovis
909 1466 1057 1509 dextra
1088 1465 1217 1509 fictile
1245 1466 1408 1510 fulmen
1441 1466 1557 1510 erat''
1570 1467 1591 1509 Ρ

294 1582 522 1626 Horatium
570 1583 704 1626 multo
752 1583 889 1639 pluris
929 1583 1117 1627 facerent
1154 1596 1302 1627 omnes
1334 1585 1370 1627 si
1402 1597 1499 1628 eum
1532 1586 1734 1628 carminis

236 1659 316 1714 III,
348 1660 374 1702 8
411 1659 588 1702 alteram
619 1662 783 1715 partem
813 1672 901 1702 non
934 1660 1156 1716 scripsisse
1188 1661 1356 1715 scirent,
1387 1662 1433 1703 in
1466 1675 1552 1717 qua
1583 1664 1624 1705 et
1653 1662 1737 1704 alia

235 1735 448 1791 permulta
479 1735 624 1791 inepta
654 1735 847 1778 sollerter
879 1735 1155 1792 deprehendit
1180 1736 1501 1793 Peerlkampius
1529 1742 1571 1780 et
1596 1738 1735 1794 vigi-

234 1811 317 1854 les
347 1811 614 1854 lucernas
644 1811 831 1868 perfer
860 1813 914 1854 in
947 1812 1126 1855 lucem
1159 1826 1246 1855 non
1272 1813 1385 1856 adid
1402 1813 1731 1870 significandum

235 1887 421 1943 positum
464 1887 579 1943 quod
620 1887 759 1930 solum
791 1891 905 1930 recte
936 1900 985 1930 eo
1019 1887 1250 1944 sigulficari
1282 1892 1441 1944 potest:
1479 1890 1637 1944 „tolera
1667 1890 1734 1932 lu-

237 1975 385 2006 cernas
432 1964 614 2005 nimium
662 1963 934 2020 splendentes
975 1965 1044 2007 vel
1085 1965 1195 2007 male
1227 1965 1417 2009 olentes''
1449 1967 1523 2009 sed
1555 1967 1618 2009 sic
1646 1966 1736 2010 fere

237 2039 556 2095 accipiendum:
604 2072 624 2094 „
640 2039 806 2083 celebra
848 2041 1095 2084 convivium
1125 2054 1202 2098 per
1231 2045 1363 2085 totam
1394 2047 1563 2086 noctem
1595 2056 1736 2100 usque

236 2116 291 2159 ad
321 2115 503 2159 lucem.’'

297 2190 415 2247 Quis,
448 2195 497 2234 ut
528 2205 666 2234 unum
699 2193 826 2235 etiam
860 2193 927 2235 his
959 2192 1124 2248 addam,
1156 2207 1243 2236 non
1275 2198 1316 2237 et
1350 2195 1401 2237 de
1432 2194 1662 2239 lectoribus
1694 2198 1736 2239 et

238 2268 290 2310 de
320 2269 413 2323 ipso
439 2267 616 2310 Horatio
650 2268 818 2324 egregie
849 2269 1050 2311 meritum
1082 2273 1252 2312 censeat
1283 2269 1642 2327 Peerlkampium,
1659 2272 1736 2328 qui

239 2345 440 2386 carminis
470 2343 549 2398 HI,
583 2344 638 2386 19
668 2347 834 2400 praeter
865 2345 892 2386 8
924 2356 1076 2387 versus
1107 2346 1266 2401 primos
1298 2350 1436 2390 cetera
1463 2348 1604 2390 omnia
1629 2350 1735 2390 tam-

240 2433 370 2474 quam
401 2423 524 2475 poeta
552 2420 853 2476 indignissima
883 2421 1295 2478 circumscripserit?
1323 2424 1393 2465 An
1422 2427 1589 2480 poetam
1607 2436 1734 2480 quem

240 2507 445 2551 amemus,
499 2495 739 2552 diligamus,
785 2495 1057 2552 admiremur,
1097 2497 1296 2541 lubenter
1337 2499 1549 2542 credimus
1589 2498 1734 2542 Musas

239 2574 455 2626 tamquam
486 2572 555 2614 im
567 2586 595 2628 p
608 2586 632 2614 a
643 2586 665 2614 r
676 2585 699 2615 e
710 2586 731 2615 s
762 2585 791 2614 n
805 2586 833 2615 u
845 2586 888 2615 m
900 2585 924 2616 6
935 2586 957 2615 r
968 2586 992 2615 ο
1024 2576 1274 2630 opposuisse
1305 2575 1474 2630 Gratiis,
1501 2588 1636 2631 quum
1654 2575 1734 2618 hae

241 2650 325 2689 tres
359 2648 456 2702 sint,
486 2648 583 2691 illae
615 2661 766 2692 novem
782 2649 803 2690 Ρ

302 2795 426 2846 Quod
471 2800 613 2841 autem
660 2799 703 2840 in
751 2800 966 2854 prooemio
1016 2800 1219 2856 dicebam,
1266 2801 1449 2844 multum
1498 2801 1646 2845 abesse
1688 2806 1737 2845 ut

242 2873 429 2915 caritatis
468 2873 641 2916 vinculo
661 2864 785 2917 inter
817 2887 862 2918 se
892 2876 1145 2920 cohaereant
1173 2878 1430 2920 recentiores
1460 2877 1628 2921 Horatii
1645 2878 1733 2921 edi—
