2034 3334
928 357 983 399 79

202 486 252 526 ut
298 483 350 526 de
391 482 563 539 Fortuito
605 494 819 524 consensu
862 494 917 524 ne
949 481 1134 536 cogitare
1166 480 1339 536 quidem
1372 481 1588 523 voluerint
1622 482 1705 523 viri

206 559 330 602 docti.
354 558 448 601 Hoc
479 563 621 601 tamen
655 570 816 614 quaeso
849 561 1006 613 tecum,
1038 556 1202 610 Lector,
1233 560 1417 612 reputes,
1450 557 1553 599 satis
1584 558 1706 599 inex-

205 639 421 692 pectatum
468 647 561 678 esse
600 635 645 676 in
688 634 874 677 carmine
914 632 1150 676 Horatiano
1193 632 1245 675 ab
1288 634 1490 676 extremis
1523 635 1707 677 miseriis

206 713 260 755 ad
305 725 518 755 summam
559 711 866 754 beatitudinem
911 711 1163 752 transitum:
1209 710 1323 766 piget
1354 723 1509 766 nempe
1540 714 1707 766 poetam

205 789 431 844 taedetque
461 789 614 830 harum
646 791 868 841 terrarum,
900 799 1007 842 quas
1035 786 1256 828 hominum
1286 786 1413 842 culpa
1438 787 1561 829 malis
1579 790 1708 843 atque

207 865 425 907 doloribus
466 864 728 920 impleverit3
767 863 909 906 subito
939 863 1041 905 inde
1075 865 1260 904 mentem
1294 863 1457 917 avertit,
1490 862 1708 905 meliorem

208 945 366 984 sortem
397 942 700 995 laetioremque
733 939 874 982 sedem
909 938 1164 981 destinatam
1197 951 1290 981 esse
1325 940 1408 994 piis
1435 939 1607 982 credere
1625 939 1709 982 lec-

206 1021 319 1060 tores
351 1017 471 1060 iubet
503 1022 543 1060 et
574 1021 707 1059 semet
738 1017 878 1072 ipsum
913 1016 1048 1071 cogit,
1083 1028 1169 1057 non
1204 1016 1317 1057 enim
1351 1020 1502 1071 sponte
1535 1029 1558 1058 e
1585 1018 1709 1059 mise-

208 1095 284 1137 riis
331 1108 438 1150 quas
485 1095 638 1149 aspicis
678 1093 829 1150 plenae
871 1092 1168 1149 perfectaeque
1202 1092 1479 1135 beatitudinis
1510 1094 1709 1148 cogitatio

210 1171 329 1213 nasci
371 1170 500 1223 solet,
532 1174 661 1226 atque
693 1170 755 1212 sic
788 1170 881 1211 eius
914 1181 1086 1211 carmen
1120 1181 1143 1211 e
1175 1168 1343 1220 duabus
1375 1168 1568 1225 partibus
1598 1170 1711 1212 inter

211 1259 257 1289 se
298 1246 600 1289 diversissimis
631 1246 836 1307 n-ulloque
868 1246 1039 1287 vinculo
1070 1246 1229 1288 iunctis
1261 1250 1439 1288 constat.
1470 1245 1710 1302 Virgiliana

210 1336 312 1366 vero
344 1324 396 1366 de
428 1323 602 1366 Saturni
631 1335 761 1378 regno
793 1322 935 1365 denuo
966 1322 1220 1364 inchoaturo
1250 1323 1495 1366 vaticinatio
1524 1323 1637 1365 ultro
1666 1336 1714 1366 se

210 1403 357 1456 poetae
388 1399 553 1454 obtulit,
587 1399 661 1455 qui
693 1399 817 1441 amici
847 1398 1088 1441 felicitatem
1120 1411 1218 1441 cum
1253 1399 1365 1441 bono
1393 1399 1564 1455 publico
1590 1401 1713 1442 iunc-

211 1479 298 1519 tam
353 1476 596 1519 laetissimis
647 1475 876 1518 celebraret
923 1474 1129 1518 versibus.
1177 1475 1423 1531 Insperatae
1469 1477 1586 1532 pacis
1633 1476 1712 1519 lux

212 1552 383 1595 tandem
427 1551 656 1608 aliquando
697 1551 856 1594 affulsit
897 1551 1056 1607 populo
1088 1550 1306 1604 Romano,
1341 1552 1488 1594 eodem
1521 1556 1712 1608 tempore

211 1627 397 1671 Pollioni
452 1629 816 1683 praestantissimo
864 1628 1023 1670 civium
1073 1632 1115 1670 et
1164 1631 1313 1684 poetae
1360 1630 1714 1672 coniunctissimo

213 1704 330 1747 filius
362 1706 573 1758 nascitur3
603 1704 708 1761 quid
733 1705 890 1747 mirum
919 1705 1147 1759 utriusque
1165 1705 1441 1760 cogitationes
1458 1706 1503 1746 in
1522 1719 1714 1748 summas

215 1795 333 1824 nunc
379 1781 547 1825 evolare
593 1781 702 1823 coeli
748 1781 915 1837 plagas3
963 1780 1067 1836 quid
1110 1785 1251 1823 autem
1296 1782 1567 1837 praeclarius,
1610 1783 1715 1838 quid

216 1858 352 1914 magis
407 1859 566 1914 optimo
613 1861 736 1914 poeta
782 1858 959 1913 dignum
1007 1870 1100 1900 esse
1145 1860 1284 1914 potuit
1331 1872 1459 1914 quam
1507 1873 1714 1903 renovare

215 1935 386 1990 pristini
433 1934 604 1988 saeculi,
646 1947 731 1990 quo
774 1934 897 1977 bonis
939 1933 1193 1990 abundasse,
1226 1935 1348 1978 malis
1381 1937 1570 1979 caruisse
1603 1951 1718 1979 mor-

217 2011 323 2053 tales
370 2011 656 2067 crederentur,
699 2012 959 2066 memoriam,
1002 2024 1182 2067 eamque
1223 2012 1466 2056 felicitatem
1499 2020 1717 2058 crescente

217 2099 348 2142 puero
397 2088 473 2142 qui
517 2087 642 2130 modo
683 2092 810 2130 natus
853 2092 918 2130 est
959 2089 1118 2131 sensim
1160 2089 1394 2132 redituram
1437 2091 1713 2146 praedicere?

216 2162 335 2205 Haec
375 2164 488 2205 enim
525 2164 662 2219 prima
691 2168 756 2206 est
785 2164 869 2206 loci
902 2163 1126 2220 Virgiliani
1160 2166 1312 2220 virtus,
1346 2167 1462 2222 quod
1494 2180 1581 2209 non
1617 2181 1719 2209 con-

217 2240 340 2282 tinua
371 2240 479 2281 serie
510 2243 815 2282 enumerantur
845 2239 957 2282 bona
988 2254 1097 2296 quae
1129 2245 1383 2297 aspecturus
1415 2247 1479 2285 est
1509 2242 1718 2286 Pollionis

217 2315 354 2358 filius:
403 2314 625 2358 restabunt
665 2316 780 2358 enim
827 2317 1013 2372 primum
1062 2317 1271 2372 quaedam
1321 2319 1444 2374 signa
1490 2319 1719 2363 hodiernae

220 2392 438 2445 miseriae3
486 2391 589 2434 haec
633 2392 793 2434 sensim
842 2397 1109 2449 evanescent,
1154 2406 1266 2436 nova
1309 2407 1476 2450 semper
1516 2396 1721 2439 accedent

220 2467 344 2523 bona,
390 2469 451 2510 sic
492 2468 583 2524 ipse
623 2469 759 2524 magis
791 2482 913 2511 suam
945 2471 1098 2512 sentiet
1128 2470 1383 2513 felicitatem.
1416 2470 1581 2515 Deinde
1614 2473 1720 2528 quid

222 2547 378 2588 mirum
427 2545 562 2587 multa
602 2546 847 2588 communia
885 2546 1039 2588 habere
1080 2546 1253 2602 Virgilii
1283 2547 1538 2604 Horatiique
1569 2530 1717 2592 locos?

222 2620 373 2663 Totum
421 2622 535 2663 enim
582 2621 662 2662 hoc
701 2621 926 2663 inventum
970 2623 1184 2677 poeticum
1215 2625 1456 2666 communis
1489 2625 1612 2667 locus
1644 2630 1720 2680 est,

223 2697 298 2739 sed
339 2698 449 2739 alius
490 2697 572 2738 alio
605 2696 730 2738 modo
761 2709 859 2738 eum
892 2701 1074 2749 exornat
1104 2701 1238 2753 poeta,
1269 2699 1380 2741 idem
1413 2705 1717 2756 argumentum

220 2776 457 2816 tractarunt
502 2771 722 2828 Virgilius,
768 2771 988 2827 Horatius,
1036 2772 1216 2817 Ovidius
1259 2779 1302 2817 et
1344 2777 1440 2832 quis
1484 2790 1598 2830 non,
1642 2777 1720 2819 sed

225 2863 354 2907 quam
384 2849 508 2891 facile
544 2852 607 2891 est
636 2853 721 2891 tres
752 2849 821 2890 hic
851 2849 1165 2910 diversissimos
1193 2864 1422 2907 agnoscere
1453 2853 1623 2908 poetas!
1657 2852 1718 2897 Ut
