2034 3334
953 269 1010 315 67

180 391 376 448 aequales
409 392 631 436 audiverat
664 393 962 436 declamantes.
990 392 1112 445 Quod
1139 395 1283 435 autem
1311 392 1414 435 dicit
1441 392 1615 435 Seneca:
1647 390 1775 443 „Ovi-

183 462 279 505 dius
310 464 444 505 nescit
476 463 588 519 quod
621 464 725 506 bene
758 463 869 506 cedit
901 463 1167 519 relinquere'’
1195 464 1274 506 hoe
1300 478 1469 519 quoque
1497 465 1773 507 verissimum

182 538 246 576 est
277 538 320 575 et
351 536 538 590 egregiis
571 535 622 576 ab
655 548 702 576 eo
728 533 974 576 illustratur
1000 534 1230 590 exemplis,
1260 535 1414 589 quibus
1440 536 1664 576 innumera
1691 533 1775 576 alia

183 618 234 646 ex
277 604 425 646 eodem
468 619 623 661 genere
664 604 783 647 nullo
816 604 965 647 addere
997 606 1133 660 possis
1167 606 1354 660 negotio.
1387 604 1469 647 Sed
1502 606 1699 660 quamvis
1729 605 1772 647 in

183 673 432 717 elocutionis
474 677 734 718 ornamentis
775 675 1023 717 adhibendis
1065 689 1188 730 saepe
1230 677 1390 716 nimius
1434 677 1489 716 sit
1521 675 1701 717 Ovidius
1733 677 1776 716 et

184 745 361 787 modum
410 746 607 796 excedat,
655 747 796 802 magis
844 750 986 788 tamen
1035 747 1080 787 in
1128 745 1212 788 alia
1259 747 1362 787 artis
1409 747 1613 788 oratoriae
1654 749 1774 801 parte

182 814 476 857 lascivientem
504 830 604 858 eum
632 815 1003 871 deprehendimus.
1033 815 1080 857 In
1108 817 1248 871 topica
1274 820 1364 858 arte
1391 829 1434 858 se
1458 829 1635 872 regnare
1657 817 1773 858 iusto

184 887 324 941 magis
366 886 447 927 sibi
490 900 657 942 semper
698 890 741 928 et
783 887 940 941 ubique
972 887 1164 928 conscius
1196 890 1260 928 est
1291 890 1418 942 poeta
1449 890 1604 936 noster,
1637 887 1775 942 igitur

185 969 234 998 ea
274 970 398 1012 saepe
440 956 492 998 ad
533 956 772 1013 legentium
815 958 1058 999 satietatem
1101 952 1296 1006 et,'fere
1341 956 1547 1007 dixerim,
1581 956 1774 998 taedium

181 1026 385 1068 abutitur.
434 1026 561 1069 Iuvat
602 1041 692 1069 rem
735 1028 897 1082 insigni
940 1026 1135 1081 exemplo
1184 1026 1425 1069 illustrare-z
1473 1027 1687 1082 Propertii
1733 1030 1776 1068 et

182 1095 326 1139 Ovidii
357 1096 470 1139 locos
502 1097 692 1139 eiusdem
726 1099 972 1154 argumenti
1002 1099 1115 1139 inter
1147 1111 1191 1139 se
1222 1111 1445 1153 opponam.
1478 1097 1678 1138 Primum
1705 1097 1775 1139 hic

181 1180 329 1209 versus
361 1167 575 1222 Propertii
607 1167 680 1218 do,
709 1169 821 1210 sicut
849 1168 958 1209 mihi
984 1167 1155 1224 legendi
1182 1168 1394 1210 videntur.
1424 1167 1535 1210 Sunt
1560 1182 1611 1210 ex
1637 1167 1776 1223 elegia

178 1235 279 1278 libri
325 1236 345 1278 Ι
390 1243 539 1279 octava
551 1251 560 1287 ;
612 1239 764 1280 certior
812 1238 949 1280 factus
998 1242 1062 1280 est
1105 1242 1228 1294 poeta
1272 1237 1505 1294 Cynthiam
1547 1237 1775 1280 consilium

182 1309 340 1363 cepisse
383 1322 482 1350 cum
525 1323 634 1350 novo
668 1313 855 1351 amatore
885 1308 1012 1364 longe
1045 1313 1230 1351 remotas
1261 1309 1433 1364 petendi
1463 1309 1675 1364 regiones,
1709 1322 1776 1350 ex-

148 1382 150 1384 ’
183 1377 339 1420 clamat
372 1392 472 1434 ergo
505 1393 588 1421 vss.
623 1378 794 1421 9—-162

363 1449 397 1491 Ο
431 1451 597 1492 utinam
629 1450 830 1492 hibernae
862 1450 1135 1506 duplicentur
1166 1453 1358 1506 tempora
1389 1450 1590 1500 brumae,

424 1520 481 1561 Et
514 1522 570 1562 sit
601 1522 714 1563 iners
747 1521 877 1563 tardis
910 1522 1057 1563 navita
1089 1520 1316 1577 vergiliis,

362 1590 450 1633 Nec
481 1592 561 1633 tibi
594 1591 815 1648 Tyrrhena
847 1591 1039 1634 solvatur
1072 1592 1186 1634 funis
1219 1592 1268 1632 ab
1300 1606 1369 1633 ora

424 1662 542 1705 Neve
575 1664 748 1705 inimica
781 1676 897 1704 meas
930 1662 1067 1705 elevet
1099 1677 1203 1705 aura
1234 1676 1400 1718 preces;

365 1734 447 1774 Aut
477 1747 556 1789 ego
589 1738 669 1774 tum
701 1733 871 1776 videam
894 1733 1054 1788 faciles
1086 1733 1302 1775 subsidere
1335 1736 1506 1783 ventos,

426 1802 537 1846 Cum
570 1805 650 1846 tibi
683 1809 906 1860 provectas
937 1804 1101 1846 auferet
1130 1804 1244 1846 unda
1275 1808 1412 1854 rates,

365 1874 421 1915 Et
453 1888 522 1916 me
555 1874 741 1916 defixum
774 1888 908 1917 vacua
932 1874 1151 1928 patiantur
1181 1876 1225 1916 in
1258 1888 1330 1916 ora

426 1942 651 1987 Crudelem
683 1945 836 1987 infesta
868 1959 992 2000 saepe
1023 1959 1174 1987 vocare
1206 1959 1349 1987 manu.

183 2013 273 2068 [Vs.
321 2014 373 2055 11
408 2015 454 2055 ab
488 2029 559 2055 ora
590 2029 612 2056 e
644 2017 885 2057 coniectura
917 2015 1152 2057 Burmanni
1185 2017 1361 2058 senioris
1394 2014 1490 2057 dedi
1521 2029 1596 2070 pro
1629 2028 1773 2065 arena,

181 2099 245 2127 vs.
281 2084 336 2126 13
369 2099 469 2127 cum
503 2085 841 2135 „deterioribus”
875 2085 967 2128 cdd.
999 2085 1098 2142 lego
1131 2091 1201 2126 aut
1233 2100 1307 2141 pro
1339 2090 1475 2140 atque,
1511 2099 1608 2127 cum
1644 2085 1776 2126 Baeh-

182 2156 319 2197 rensio
353 2159 432 2196 tum
465 2170 541 2210 pro
572 2170 650 2196 non
682 2159 722 2197 et
745 2155 904 2210 faciles
934 2157 962 2197 i.
991 2170 1026 2197 e.
1060 2156 1169 2197 mihi
1202 2157 1362 2197 amicos
1395 2157 1535 2211 recepi
1568 2156 1618 2197 ab
1646 2155 1776 2197 Hein-

181 2223 266 2275 sio,
313 2239 574 2280 quamquam
616 2225 699 2267 alio
743 2225 868 2268 modo
902 2239 1074 2267 versum
1105 2226 1174 2267 hic
1208 2239 1353 2268 sanare
1388 2225 1555 2276 studet,
1590 2225 1774 2280 denique

183 2309 247 2338 vs.
284 2295 337 2336 15
379 2297 468 2352 ipse
501 2297 660 2337 conieci
685 2296 905 2349 patiantur
939 2309 994 2338 sc.
1027 2297 1158 2338 venti.
1192 2294 1261 2338 Sic
1292 2295 1524 2337 lenissimis
1557 2296 1775 2337 correctio-

183 2366 309 2407 nibus
355 2367 399 2407 in
445 2367 666 2421 integrum
714 2365 831 2408 locus
877 2367 1104 2408 restitutus
1146 2366 1338 2415 videtum
1382 2365 1776 2407 vehementioribus

185 2434 369 2477 aliorum
412 2435 612 2485 medelis,
646 2435 767 2477 velut
800 2435 1005 2491 Scaligeri
1039 2449 1186 2478 versus
1217 2437 1328 2477 inter
1360 2449 1403 2477 se
1436 2436 1773 2490 transponentis,

186 2518 269 2547 non
299 2505 508 2547 utendum
542 2508 722 2559 cense0.]

246 2575 559 2616 Profectionem
587 2589 688 2631 ergo
716 2576 801 2617 cari
827 2575 1036 2625 hominis,
1066 2589 1191 2630 quem
1221 2589 1366 2617 amans
1392 2574 1547 2630 aliquis
1565 2578 1775 2629 quatenus

183 2643 285 2686 licet
316 2659 440 2695 voce,
474 2649 620 2700 gestu,
654 2644 788 2687 oculis
820 2646 1104 2700 prosequitur,
1133 2647 1176 2686 in
1203 2648 1304 2686 duas
1330 2649 1470 2700 partes
1498 2644 1652 2686 dividit
1678 2644 1775 2686 Pro-

184 2716 370 2769 pertius,
403 2714 729 2770 legentibusque
763 2719 858 2756 ante
892 2714 1035 2757 oculos
1067 2717 1187 2770 ponit
1218 2714 1551 2770 proficiscentem
1597 2713 1641 2755 1ο
1674 2727 1774 2755 cum

184 2786 305 2826 navis
348 2786 477 2826 etiam
519 2787 562 2826 in
600 2789 728 2841 portu
770 2789 960 2827 moratur
1002 2784 1051 2826 2⁰
1082 2799 1181 2826 cum
1226 2786 1312 2826 iam
1355 2783 1673 2840 aliquantulum
1711 2786 1776 2825 est

185 2857 382 2909 provecta
405 2855 448 2907 ¹).
493 2854 690 2897 Sufficere
732 2856 834 2897 haec
874 2854 1099 2910 praeclaris
1142 2856 1230 2896 suis
1274 2856 1466 2896 versibus
1509 2855 1629 2897 docet
1676 2854 1776 2896 Pro-

233 3009 269 3050 1)
295 3009 466 3041 Brevitatis
489 3009 666 3042 studiosum
689 3012 720 3041 et
744 3010 782 3040 de
805 3019 838 3040 re
864 3008 963 3050 magis
988 3019 1082 3050 quam
1106 3009 1143 3040 de
1165 3011 1232 3040 arte
1255 3009 1427 3041 sollicitum
1446 3019 1478 3040 se
1498 3014 1529 3040 et
1550 3007 1625 3040 alibi
1645 3006 1776 3050 praebet
