2034 3334
979 256 1036 300 14

271 376 358 422 753
390 375 538 421 Credis
570 380 614 418 et
645 389 690 419 es
721 375 916 419 tumidus
946 376 1156 433 genitoris
1187 374 1202 434 l
1232 377 1424 435 imagine
1456 376 1566 421 falsi.

271 446 358 491 754
390 447 577 490 Erubuit
609 446 832 489 Phaethon
862 448 1058 503 iramque
1089 445 1104 505 l
1134 446 1298 503 pudore
1328 449 1544 504 repressit.

273 516 356 562 771
391 517 445 561 Se
477 517 611 569 mihi,
645 518 785 573 sitque
817 515 953 560 oculis
984 515 1062 559 lux
1092 518 1177 560 ista
1207 514 1222 576 l
1251 519 1487 561 novissima
1515 519 1689 562 nostris.

274 586 360 632 777
393 588 712 644 Aethiopasque
743 601 842 630 suos
872 589 1121 644 positosque
1152 586 1168 646 Ι
1198 588 1277 631 sub
1307 589 1485 646 ignibus
1515 588 1656 632 Indos.

270 658 382 703 Cum
414 673 518 716 ergo
550 662 668 702 totus
699 658 810 701 liber
840 673 863 701 e
897 657 983 702 777
1018 659 1212 702 versibus
1243 662 1432 710 constet,
1460 673 1609 703 eorum
1638 658 1696 703 63
1722 672 1811 704 cae·

209 744 353 773 suram
395 730 440 772 in
485 735 635 786 quarto
676 729 781 786 pede
823 729 1083 773 trochaicam
1118 729 1300 781 habent,
1331 731 1361 773 i.
1378 744 1414 773 e.
1447 730 1632 774 duodeni
1662 743 1811 774 unam.

209 799 346 843 Omisi
377 801 492 842 enim
524 799 724 843 undecim
757 813 907 843 versus
937 801 983 842 in
1015 800 1172 857 quibus
1200 798 1278 843 1118
1308 799 1431 844 facile
1461 802 1657 844 excusari
1682 803 1812 858 atque

210 870 378 915 defendi
410 872 569 927 possit:

333 941 359 985 3
391 942 592 998 Aspirate
622 943 731 985 meis
762 942 987 999 primaque
1017 942 1069 985 ab
1102 940 1116 1001 s
1147 943 1314 1000 origine
1345 941 1512 985 mundi.

304 1012 362 1056 50
394 1012 480 1056 Nix
513 1014 625 1070 tegit
656 1012 743 1056 alta
775 1012 904 1065 duas,
939 1012 1121 1056 totidem
1153 1014 1267 1056 inter
1296 1011 1312 1071 Ι
1341 1017 1571 1070 utramque
1599 1010 1774 1058 locavit.

277 1082 363 1126 160
394 1083 443 1126 In
475 1083 629 1126 faciem
662 1084 840 1127 vertisse
872 1083 1102 1126 hominum
1133 1083 1207 1127 sed
1239 1082 1253 1141 s
1282 1087 1326 1126 et
1357 1083 1436 1127 illa
1466 1096 1670 1141 propago.

274 1153 363 1197 213
395 1154 452 1197 Et
484 1154 587 1197 deus
619 1154 808 1197 humana
839 1154 978 1198 lustro
1010 1155 1090 1197 sub
1120 1153 1135 1213 Ι
1165 1156 1356 1212 imagine
1387 1158 1536 1198 terras.

272 1225 361 1269 214
393 1225 542 1283 Longa
573 1239 695 1268 mora
726 1229 814 1277 est,
848 1230 1058 1282 quantum
1091 1239 1225 1269 noxae
1255 1227 1313 1268 sit
1338 1224 1354 1284 l
1386 1226 1546 1282 ubique
1578 1228 1814 1282 repertum.

274 1296 362 1339 254
394 1295 477 1339 Sed
511 1297 661 1339 timuit
692 1310 745 1339 ne
777 1297 884 1339 forte
916 1311 1034 1340 sacer
1065 1301 1132 1340 tot
1163 1295 1178 1355 s
1209 1297 1261 1339 ab
1292 1297 1468 1354 ignibus
1500 1296 1660 1340 aether.

275 1366 363 1409 322
395 1366 491 1410 Νο11
523 1366 601 1410 1110
631 1366 786 1410 melior
813 1369 1043 1424 quisquam
1076 1381 1154 1410 nec
1185 1366 1200 1426 s
1230 1369 1444 1410 amantior
1476 1368 1615 1424 aequi.

274 1437 359 1481 471
395 1437 516 1491 Quod
533 1438 659 1495 fugat
675 1438 879 1481 obtusum
897 1443 962 1481 est
978 1443 1021 1481 et
1038 1438 1166 1481 habet
1183 1439 1262 1481 sub
1279 1436 1294 1497 s
1313 1437 1551 1481 harundine
1566 1436 1812 1495 plumbum.

274 1507 361 1551 517
393 1508 588 1565 Iuppiter
618 1513 684 1551 est
714 1510 886 1566 genitor
917 1523 993 1565 per
1025 1523 1094 1551 me
1127 1509 1240 1564 quod
1271 1507 1287 1566 l
1317 1510 1483 1565 eritque
1514 1508 1695 1565 fuitque.

275 1579 362 1622 669
396 1578 537 1621 Pleias
568 1581 692 1621 enixa
723 1583 809 1629 est,
842 1578 1012 1635 letoque
1044 1578 1059 1638 l
1090 1579 1184 1630 det,
1217 1580 1403 1635 imperat
1434 1579 1619 1636 Argum.

253 1648 361 1696 ,707
395 1649 596 1706 Dumque
624 1650 687 1692 ibi
719 1651 928 1706 suspirat,
960 1654 1102 1693 motos
1133 1651 1178 1692 in
1211 1649 1225 1708 s
1257 1650 1493 1693 harundine
1524 1653 1669 1694 vento.

273 1721 413 1764 Immo
454 1735 506 1763 ne
547 1722 659 1763 inest
699 1720 874 1776 quidem
917 1722 964 1763 in
1003 1720 1092 1763 illis
1135 1735 1308 1764 caesura
1340 1725 1509 1764 nostra:
1543 1734 1644 1764 nam
1675 1734 1814 1778 neque

213 1792 391 1835 voculae
417 1792 480 1842 ab,
509 1792 628 1842 inter,
656 1792 740 1842 sed,
768 1792 852 1843 sub,
879 1791 947 1842 sit,
976 1797 1046 1841 tot,
1075 1807 1158 1843 nee,
1186 1792 1271 1843 sub,
1299 1793 1416 1848 quod,
1434 1792 1478 1834 in
1495 1792 1814 1849 asequentibus

211 1862 363 1907 divelli
394 1866 596 1920 possunt,
629 1876 766 1918 neque
797 1863 863 1903 dec
894 1866 973 1915 (vs.
1009 1862 1116 1916 669)
1148 1877 1173 1905 a
1204 1863 1568 1919 praecedentibus.

273 1932 431 1977 Contra
470 1932 686 1975 inclinatis
730 1932 1000 1989 diductisque
1042 1934 1352 1990 imprimendos
1385 1935 1535 1978 curavi
1565 1933 1706 1977 literis
1737 1947 1810 1978 eos

210 2018 359 2048 versus
393 2018 498 2060 quos
527 2005 599 2046 vix
632 2017 767 2060 aequo
800 2005 943 2047 animo
975 2005 1084 2048 ferre
1117 2007 1280 2061 possint
1311 2006 1507 2049 homines
1539 2006 1585 2048 in
1617 2004 1808 2049 Homero

212 2090 293 2118 non
325 2073 450 2130 plane
481 2075 683 2130 hospites.

271 2145 384 2188 Nam
416 2144 568 2187 auditu
599 2146 791 2202 ingratos
821 2148 865 2188 et
893 2145 980 2188 fere
1008 2145 1190 2189 dixerim
1216 2148 1396 2189 vitiosos
1423 2160 1513 2189 esse
1539 2146 1811 2189 hexametros

212 2230 358 2258 omnes
400 2222 496 2272 post
537 2219 741 2271 quartum
784 2216 1034 2259 trochaeum
1065 2218 1221 2260 incisos
1253 2219 1349 2274 quis
1381 2215 1539 2275 neget?
1568 2216 1631 2260 De
1662 2215 1810 2260 latinis

210 2287 469 2329 hexametris
497 2295 627 2343 negat
653 2300 765 2329 unus
792 2289 989 2330 omnium
1015 2289 1205 2331 maxime
1231 2288 1410 2331 idoneus
1437 2288 1568 2331 iudex
1594 2287 1810 2331 Lucianus

211 2357 447 2408 Miillerus,
481 2361 608 2414 atque
640 2359 700 2400 sic
733 2358 947 2415 disputat:

276 2427 566 2478 „Graecorum
622 2429 969 2472 hexametrorum
1026 2443 1125 2486 pars
1171 2431 1308 2473 maior
1354 2429 1634 2486 principalem
1681 2428 1811 2472 habet

213 2512 429 2540 caesuram
470 2503 566 2554 post
609 2500 769 2541 tertium
810 2501 1081 2552 trochaeum,
1116 2502 1151 2543 si
1185 2515 1287 2558 ergo
1318 2501 1480 2543 accedit
1510 2513 1683 2543 caesura
1713 2503 1810 2556 post

214 2573 414 2623 quartum
448 2570 717 2618 trochaeum,
750 2570 1107 2627 languidissimus
1139 2573 1285 2613 existit
1320 2585 1466 2614 versus
1498 2575 1540 2613 et
1572 2572 1646 2612 vix
1677 2569 1810 2612 feren·

214 2638 306 2679 dus.
349 2637 491 2693 Atque
533 2640 634 2682 haec
676 2643 926 2696 praesertim
969 2655 1095 2684 causa
1126 2641 1211 2684 fuit
1242 2656 1318 2684 cur
1348 2646 1495 2697 poetae
1529 2639 1681 2683 Graeci
1713 2644 1804 2683 tam

214 2710 335 2750 anxie
376 2723 590 2750 caesuram
637 2713 748 2752 κατὰ
792 2711 988 2763 τέταρτον
1019 2717 1213 2764 τροχαῖον
1245 2713 1451 2763 vitarent;
1486 2715 1629 2753 contra
1660 2709 1806 2752 Latini

214 2778 473 2828 hexametri,
517 2781 589 2834 qui
632 2786 726 2835 post
769 2784 948 2824 tertium
992 2783 1241 2825 trochaeum
1271 2780 1553 2837 principalem
1584 2794 1803 2822 caesuram

213 2848 393 2896 habent,
437 2854 500 2889 sat
543 2851 626 2891 rari
668 2855 791 2901 sunt,
834 2852 1029 2907 plerique
1069 2854 1114 2894 in
1157 2853 1285 2894 tertio
1328 2851 1432 2907 pede
1463 2855 1560 2906 post
1589 2849 1802 2906 syllabam

212 2917 385 2972 longam
418 2919 663 2961 inciduntur
695 2927 883 2971 (caesura
915 2922 1136 2975 mascula),
1167 2935 1270 2978 ergo
1302 2921 1467 2963 Latinis
1493 2922 1629 2976 poetis
1655 2920 1803 2963 eadem

215 2988 394 3030 formido
429 3004 507 3029 11011
542 2989 665 3030 fuit.‘’
