2034 3334
1124 390 1180 432 46

396 518 548 572 sponte
588 527 760 558 carmen
803 527 1007 558 numeros
1048 517 1216 559 veniret
1259 516 1312 560 ad
1345 519 1478 573 aptos,
1510 515 1585 559 sed
1617 529 1722 560 casu
1754 520 1797 561 et
1826 517 1912 561 for-

395 593 504 635 tuito
535 595 703 648 poetam
737 595 1013 647 quaerentem
1042 605 1234 649 quonam
1262 592 1390 635 modo
1407 605 1510 635 suas
1526 593 1573 635 in
1591 597 1726 636 metro
1743 593 1907 639 Graeco

395 670 663 726 experiretur
694 670 807 712 vires
838 670 884 712 in
914 669 1024 712 illud
1054 670 1271 713 incidisse.
1305 669 1483 713 Metrica
1514 671 1631 714 enim
1657 672 1908 716 exercitatio

395 750 472 802 est,
505 759 594 789 non
635 759 818 790 carmen.
853 745 979 797 Quod
1011 750 1154 790 autem
1185 748 1269 790 viri
1301 747 1415 790 docti
1446 748 1579 800 aiunt,
1609 751 1802 805 tempore
1833 753 1908 793 aut

394 825 575 880 primam
606 827 682 866 aut
711 824 824 867 inter
855 824 1015 880 primas
1047 824 1158 867 hanc
1189 823 1242 867 ab
1270 823 1449 868 Horatio
1476 823 1600 867 odam
1627 823 1782 869 factam
1799 838 1907 882 esse,

393 899 438 942 id
470 899 596 943 valde
633 899 737 942 mihi
768 899 986 956 probabile
1018 900 1200 944 videtur.
1234 900 1347 955 (Non
1381 899 1434 943 ob
1467 901 1716 945 trochaeum
1746 901 1907 959 Ignis

393 977 437 1019 in
481 978 603 1020 initio
646 990 798 1020 versus
831 976 1056 1032 Glyconici
1086 978 1298 1035 positum:
1334 970 1515 1021 subtiles
1547 979 1661 1021 enim
1695 979 1908 1023 eiusmodi

394 1051 715 1096 observationes
762 1053 868 1096 mihi
911 1053 1084 1109 quidem
1127 1054 1243 1097 haud
1286 1067 1486 1111 magnam
1518 1053 1676 1098 habere
1706 1055 1909 1100 videntur

393 1130 682 1187 persuadendi
728 1132 830 1174 vim.
878 1130 1019 1174 Semel
1066 1144 1207 1175 errare
1248 1133 1388 1189 potuit
1428 1135 1576 1189 poeta3
1608 1133 1749 1190 potuit
1779 1134 1905 1178 etiam

392 1207 554 1264 Ignis
582 1207 799 1251 Iliacas
824 1209 929 1251 vitio
946 1221 1002 1251 ex
1027 1207 1188 1265 Ignis
1205 1208 1544 1266 Pergameas
1571 1211 1717 1265 nasci).
1735 1209 1908 1254 Puerile

393 1286 508 1328 enim
556 1285 722 1342 aliquid
761 1285 911 1329 habet:
946 1286 1022 1342 qui
1054 1289 1197 1329 autem
1229 1287 1420 1342 primum
1453 1299 1666 1330 novorum
1698 1300 1906 1331 versuum

391 1361 492 1404 facit
522 1361 779 1418 periculum,
807 1363 908 1405 licet
940 1375 1076 1406 annos
1109 1362 1197 1406 fere
1230 1364 1285 1406 35
1320 1366 1449 1406 natus
1481 1363 1548 1419 sit,
1582 1366 1727 1407 tamen
1753 1365 1799 1407 in
1825 1364 1908 1408 hoc

392 1438 565 1494 quidem
599 1438 745 1482 labore
774 1440 899 1496 pueri
929 1440 973 1481 in
1008 1439 1153 1482 schola
1186 1439 1390 1483 discentis
1420 1441 1559 1483 instar
1590 1444 1667 1484 est.
1701 1439 1785 1484 Sed
1810 1453 1906 1498 per-

391 1528 617 1559 curramus
644 1529 827 1560 carmen.
857 1515 1000 1567 Quum
1018 1516 1141 1560 Paris
1158 1517 1264 1571 (sive
1290 1516 1512 1572 Pastor,
1540 1517 1905 1573 quemadmodum

391 1595 457 1635 sat
488 1591 670 1635 obscure
701 1593 827 1636 metri
859 1605 990 1636 causa
1022 1606 1122 1635 eum
1153 1594 1348 1636 nominat
1379 1595 1518 1649 poeta)
1544 1593 1755 1637 Helenam
1784 1595 1905 1638 navi-

390 1668 474 1712 bus
520 1682 665 1712 secum
711 1670 898 1726 duceret,
940 1669 1122 1713 Proteus
1165 1670 1440 1726 (probabilior
1471 1672 1587 1714 enim
1621 1671 1738 1728 haec,
1772 1685 1904 1728 quam

389 1746 628 1814 Porphyrio
671 1749 869 1803 servavit,
908 1747 1032 1791 lectio
1067 1751 1131 1791 est
1163 1762 1292 1804 quam
1326 1748 1501 1804 vulgata
1531 1748 1775 1805 Nereus,
1804 1749 1906 1793 licet
1967 1752 1970 1755 ’

390 1824 527 1880 magis
575 1824 702 1866 etiam
751 1825 807 1867 sit
846 1824 1096 1867 mirandum
1139 1837 1271 1880 penes
1315 1824 1520 1868 Proteum
1564 1825 1789 1868 arbitrium
1823 1838 1903 1868 un—

391 1913 521 1956 quam
561 1899 696 1944 fuisse
737 1904 964 1944 ventorum
1007 1915 1136 1957 quam
1170 1914 1301 1957 penes
1333 1900 1551 1956 Nereum),
1583 1901 1766 1945 Proteus
1801 1914 1902 1959 ergo

389 1981 520 2034 caput
551 1978 708 2020 extulit
741 1978 880 2031 undis,
913 1982 961 2021 ut
989 1978 1042 2021 de
1068 1978 1228 2033 Troiae,
1254 1979 1504 2034 praesertim
1533 1982 1677 2022 autem
1696 1978 1749 2022 de
1764 1980 1902 2035 ipsius

388 2055 556 2098 Paridis
603 2059 715 2098 sorte
756 2055 903 2098 futura
944 2059 1115 2098 caneret
1156 2056 1420 2098 vaticinium.
1453 2055 1536 2098 Sed
1567 2057 1761 2112 ineptum
1795 2057 1903 2099 vati-

390 2133 553 2174 cinium
585 2136 650 2175 est
681 2136 722 2175 et
755 2133 833 2175 deo
868 2133 1013 2189 aliquo
1050 2134 1293 2187 „minorum
1326 2133 1550 2189 gentium''
1583 2133 1900 2190 dignissimum.

393 2208 573 2263 „Nonne
605 2208 754 2252 vides''
787 2210 846 2252 ait
876 2213 1010 2265 „quot
1037 2214 1285 2265 quantaque
1311 2213 1352 2251 te
1380 2211 1661 2252 circumstent
1685 2210 1899 2266 pericula,

389 2299 486 2328 ecce
531 2287 704 2329 irruunt
744 2287 791 2329 in
823 2290 865 2330 te
897 2286 1165 2330 Achivorum
1198 2287 1434 2340 fortissimi,
1468 2292 1631 2330 certum
1663 2287 1742 2330 tibi
1774 2288 1900 2330 mini-

389 2366 527 2405 tantes
570 2364 773 2406 exitium:
813 2364 940 2418 Aiax,
972 2364 1166 2419 Ulysses,
1199 2363 1368 2419 Nestor,
1401 2363 1641 2417 Sthenelus,
1673 2363 1902 2420 Meriones,

389 2437 660 2482 Diomedes.’'
718 2438 783 2482 De
829 2439 1036 2490 Menelao,
1083 2440 1332 2495 Philoctete,
1379 2440 1547 2494 Pyrrho
1595 2438 1720 2488 οὐδεὶς
1767 2439 1897 2492 λόγος.

388 2515 639 2571 Aegerrime
685 2519 829 2558 tamen
875 2516 938 2557 illi
983 2517 1028 2558 in
1076 2517 1288 2559 eiusmodi
1331 2518 1533 2560 vaticinio
1576 2517 1896 2580 desiderantur:¹

388 2591 573 2634 Menelai
620 2594 734 2635 enim
782 2594 890 2635 iram
931 2593 1211 2649 gladiumque
1252 2595 1330 2636 vix
1371 2594 1520 2650 effugit
1551 2593 1687 2650 Paris,
1721 2594 1896 2637 tandem

388 2672 463 2711 aut
507 2668 758 2712 Philoctetis
799 2670 1037 2713 inevitabili
1078 2675 1144 2714 est
1180 2670 1401 2726 perfossus
1434 2672 1587 2727 sagitta
1618 2674 1694 2713 aut
1725 2670 1896 2725 Pyrrho

389 2745 505 2787 dedit
530 2758 699 2801 poenas.
733 2746 816 2789 Sed
850 2748 948 2803 quis
980 2747 1102 2790 locus
1133 2747 1221 2790 illis
1253 2760 1438 2803 quorum
1463 2747 1592 2803 longa
1618 2750 1898 2790 enumeratur

388 2822 552 2864 series?
584 2822 669 2876 An,
700 2822 775 2864 ubi
807 2835 947 2866 sermo
982 2827 1046 2866 est
1073 2824 1125 2866 de
1151 2823 1264 2867 bello
1290 2823 1483 2879 Troiano,
1498 2823 1685 2866 illustria
1701 2824 1897 2879 Achillis,

387 2898 571 2954 Ulyssis,
602 2898 762 2954 Aiacis,
792 2899 988 2943 Nestoris
1020 2901 1195 2943 nomina
1227 2901 1344 2943 sileri
1370 2913 1457 2942 non
1484 2901 1698 2956 possunt?
1724 2900 1895 2955 Audio;

2024 569 2034 643 {-

2029 647 2034 672 ς’

2030 676 2034 688 l

2028 701 2034 715 z
