2034 3334
928 385 1012 423 230

182 509 394 556 quantum
443 508 620 557 periculi
667 509 914 558 impendeat
960 509 1156 559 patribus
1195 512 1252 550 'ex
1291 510 1479 550 filiorum
1523 506 1756 549 amoribus·

181 584 354 623 Etenim
383 585 522 634 gestu,
556 594 674 635 voce,
709 586 808 625 actu
839 586 1133 626 adiuvandum
1165 586 1246 627 hoc
1277 587 1442 627 dictum
1469 586 1549 636 est,
1562 585 1627 624 -ut
1651 583 1758 624 haec

182 669 238 699 ex
279 669 328 699 eo
371 660 570 700 audiatur
611 661 851 701 sententia:
899 672 1023 711 „ecce
1064 664 1235 702 autem!
1279 663 1393 703 haud
1435 660 1594 701 iniuria
1623 659 1758 700 etiam

182 734 405 784 Chrysidis
435 737 577 776 morte
609 737 792 788 cognita,
827 738 977 777 tamen
1007 739 1176 778 metum
1208 749 1295 779 non
1324 737 1599 789 posueram”.
1630 735 1686 776 Et
1708 735 1760 776 ut

181 799 348 852 malum
391 813 562 862 aliquod
604 813 656 852 ab
693 813 768 852 illa
801 814 1176 863 „adolescentula”
1208 816 1425 855 metueret
1454 813 1636 854 libertus
1666 811 1760 863 ipse

181 889 390 938 patronus
421 889 565 929 effecit
591 890 783 929 addendo
811 891 1022 931 adiectivo
1051 902 1225 942 unam,
1255 902 1352 942 quo,
1381 893 1430 931 ut
1456 891 1593 941 perite
1618 889 1758 930 obser·

181 966 258 1004 vat
291 965 545 1015 Scholiasta,
585 967 877 1015 „consuetudo
908 968 1111 1007 mirantis
1143 968 1445 1018 exprimitur.”

247 1041 454 1091 „Vultum
486 1042 579 1081 eius
610 1041 844 1082 honestum
872 1043 1181 1093 liberalemque
1213 1043 1498 1093 admiratus,’'
1530 1042 1594 1082 sic
1623 1049 1760 1081 senex

181 1117 334 1168 pergit,
386 1118 629 1167 „simulque
676 1119 776 1167 quia
822 1119 931 1158 mihi
972 1109 1200 1159 videbatur
1240 1120 1401 1170 insigni
1442 1119 1495 1158 ob
1537 1116 1760 1168 Chrysidis

182 1195 371 1234 mortem
403 1194 559 1234 affecta
589 1194 782 1245 tristitia,
812 1205 922 1244 quae
948 1195 1008 1235 sit
1034 1196 1108 1236 illa
1134 1206 1249 1246 rogo,
1279 1196 1510 1245 auditoque
1537 1193 1760 1244 Chrysidis

182 1281 278 1310 esse
309 1280 517 1321 sororem,
551 1271 705 1311 statim
737 1281 911 1311 mecum
944 1274 1022 1318 (vs.
1061 1273 1142 1312 125
1176 1275 1279 1322 sq.):

949 1349 1063 1388 attat
1093 1349 1175 1389 hoc
1205 1349 1309 1388 illud
1341 1350 1431 1389 est:

362 1424 476 1463 Hinc
507 1424 606 1464 illae
637 1425 856 1474 lacrimae,
891 1425 999 1464 haec
1030 1425 1149 1465 illast
1180 1425 1519 1466 misericordia.”

187 1499 405 1549 „Attat”
435 1481 677 1540 Scholiasta
703 1484 766 1540 ait
795 1502 1063 1551 „interiectio
1090 1504 1158 1542 est
1183 1502 1484 1542 admirantis.'’
1513 1501 1595 1541 Sed
1620 1499 1760 1543 multo

182 1577 340 1616 melius
373 1579 416 1617 et
447 1579 595 1618 nostro
621 1589 790 1628 quoque
815 1578 908 1618 loco
936 1579 1080 1628 aptius
1107 1580 1160 1619 ad
1187 1580 1292 1619 Eun.
1320 1589 1386 1619 vs.
1415 1579 1499 1618 727
1528 1578 1580 1618 de
1605 1576 1758 1618 eadem

181 1662 287 1692 voce
328 1655 531 1693 annotat:
579 1655 758 1704 „attat
793 1655 1035 1695 interiectio
1067 1657 1135 1695 est
1166 1655 1378 1706 paulatim
1408 1654 1598 1704 percepti
1628 1654 1760 1703 atque

181 1729 390 1769 intellecti
430 1730 579 1770 mali.”
622 1731 773 1771 Nonne
814 1742 915 1781 ergo
957 1742 1043 1771 una
1078 1742 1158 1772 nos
1190 1732 1263 1772 illa
1294 1743 1382 1772 vox
1413 1731 1619 1771 admonet
1647 1729 1760 1770 scire

181 1805 226 1844 et
270 1815 528 1854 persuasum
569 1806 652 1846 sibi
693 1807 851 1847 habere
894 1807 1117 1847 Simonem
1158 1807 1307 1848 omnia
1347 1808 1454 1847 haec
1494 1816 1542 1846 se
1582 1814 1759 1846 narrare

178 1881 332 1921 liberto
363 1881 617 1923 fidelissimo
648 1884 800 1933 suique
818 1885 1170 1925 amantissimo?
1200 1885 1348 1934 Neque
1379 1894 1480 1924 eum
1507 1892 1606 1933 spes
1631 1881 1758 1924 fallit.
1799 1892 1803 1898 ¹

181 1958 411 1998 Exclamat
437 1959 554 1998 enirn
582 1960 706 1999 Sosia
731 1961 959 2009 tamquam
986 1962 1145 2011 proprii
1171 1961 1349 2011 periculi
1374 1962 1497 2000 metu
1523 1959 1756 2000 sollicitus:

599 2036 737 2086 Quam
769 2036 904 2076 timeo
936 2048 1144 2086 quorsum
1176 2037 1352 2078 evadas.

238 2203 292 2242 Et
331 2213 511 2252 possum
553 2204 616 2243 sic
656 2205 765 2244 satis
801 2205 977 2255 longam
1008 2207 1177 2255 patroni
1210 2206 1505 2246 narrationem
1537 2213 1758 2255 paucaque

178 2290 204 2319 a
244 2280 397 2319 liberto
439 2281 666 2320 interiecta
706 2282 917 2322 vocabula
957 2283 1168 2333 persequi,
1207 2283 1291 2322 nisi
1322 2283 1432 2322 mihi
1463 2282 1596 2322 nimis
1627 2291 1757 2331 saepe

177 2357 294 2395 esset
325 2357 674 2406 subsistendum;
708 2369 813 2397 nam
844 2359 955 2407 quod
987 2359 1041 2398 ad
1072 2369 1137 2398 vs.
1170 2360 1252 2399 132
1281 2360 1463 2399 annotat
1490 2358 1755 2398 Scholiasta:

176 2433 323 2471 omnia
364 2432 421 2471 ibi
463 2434 673 2473 vocabula
713 2434 1127 2483 significanter
1170 2445 1266 2475 esse
1307 2434 1461 2485 posita,
1506 2434 1549 2474 id
1580 2434 1633 2474 de
1662 2435 1756 2474 toto

174 2509 255 2548 hoc
295 2509 388 2548 loco
430 2510 559 2549 valet.
598 2511 741 2559 Atque
772 2511 887 2550 hunc
918 2513 1066 2551 actum
1097 2513 1191 2550 tam
1222 2511 1399 2560 plenum
1430 2511 1560 2561 vitae,
1594 2510 1640 2550 in
1670 2519 1755 2559 quo

174 2596 283 2633 quae
311 2586 511 2625 dicuntur
538 2589 765 2635 tamquam
794 2589 894 2627 ante
922 2587 1068 2627 oculos
1095 2589 1268 2627 nostros
1295 2588 1366 2636 agi
1394 2587 1624 2637 cernimus,
1643 2586 1756 2627 hanc

172 2662 534 2701 venustissimam
567 2663 804 2712 imaginem
830 2664 949 2704 solus
975 2664 1077 2703 fecit
1104 2663 1331 2703 Terentius
1359 2663 1478 2703 nulla
1505 2673 1584 2712 ope
1611 2663 1754 2703 aliena

169 2838 244 2867 dein
274 2840 358 2868 mire
387 2840 475 2869 inter
502 2847 538 2869 se
567 2840 758 2869 discordant
777 2841 921 2876 simplex
940 2841 980 2870 de
998 2840 1132 2870 forma
1150 2841 1255 2870 bona
1274 2840 1422 2869 narratio
1441 2841 1476 2869 et
1493 2840 1533 2868 de
1551 2839 1675 2869 vultu
1698 2845 1755 2868 ex-

169 2891 332 2920 clamatio
362 2892 421 2920 illa
449 2892 683 2921 admirationis
712 2892 818 2927 plena.
848 2893 890 2921 Et
917 2894 1028 2922 totum
1059 2892 1206 2923 Simonis
1224 2894 1342 2928 pectus
1366 2891 1600 2922 admirationis
1617 2891 1754 2927 plenum

171 2949 248 2970 esse
270 2949 310 2970 ex
330 2949 395 2970 uno
415 2942 472 2970 illo
493 2943 648 2971 vocativo
670 2943 777 2978 Sosia,
801 2943 980 2978 ἡθικώτατα
1001 2944 1184 2978 interiecto,
1202 2943 1256 2973 vel
1276 2944 1402 2979 optime
1421 2944 1567 2979 apparet.
