2034 3334
933 363 1014 402 143

193 504 268 544 pro
314 493 453 543 priore
499 490 765 541 opposuit
805 489 1035 529 Klotziana
1076 488 1206 528 habet
1247 476 1568 539 proposuit,
1613 489 1759 529 minus

193 571 309 610 recte
340 580 415 619 pro
447 569 581 608 altero
617 567 896 617 apposuit.

255 646 323 685 26.
371 644 523 684 Verbis
572 644 904 694 „argumentum
945 642 1153 681 falsarum
1198 641 1475 690 nuptiarum''
1520 641 1760 680 Scholiasta

194 722 238 760 et
283 721 353 760 hic
399 722 443 759 et
489 720 590 759 alibi
632 717 868 768 significat:
913 718 1230 767 argumentum,
1265 727 1347 765 quo
1379 717 1525 756 Davus
1556 727 1662 756 usus
1695 718 1762 756 est

194 797 246 836 ad
292 795 677 835 demonstrandum
723 804 770 832 se
815 793 978 842 optime
1026 793 1264 841 intelligere
1306 791 1410 841 fingi
1452 803 1477 831 a
1518 803 1632 842 sene,
1677 802 1762 831 non

193 872 334 922 parari
369 871 555 921 nuptias.
594 871 686 909 Hoc
712 870 1017 918 argumentum
1046 869 1287 908 Scholiasta
1314 869 1395 908 hoc
1420 869 1512 908 loco
1537 869 1639 907 dicit
1667 879 1762 907 esse

194 948 239 987 in
283 948 427 987 verbis
473 946 765 996 paululum
811 945 1021 984 obsoni.
1070 945 1326 984 Accuratius
1366 945 1535 984 locutus
1578 946 1694 983 esset
1725 945 1763 983 si

194 1023 399 1063 dixisset:
447 1023 516 1072 „in
557 1022 700 1062 verbis
747 1021 1034 1060 drachmis
1077 1021 1389 1060 obsonatus
1433 1031 1488 1059 es
1530 1021 1761 1059 decem.'’

194 1099 366 1139 Etenim
391 1099 683 1148 paululum
710 1097 908 1136 obsoni
934 1096 1080 1135 Davus
1106 1107 1197 1136 non.
1219 1096 1330 1135 dixit
1357 1096 1400 1134 in
1428 1096 1637 1144 colloquio
1664 1106 1763 1135 cum

195 1175 381 1224 Simone,
415 1175 491 1213 sed
523 1185 621 1213 cum
647 1172 924 1222 Pamphilum
953 1171 1272 1221 Charinumque
1299 1172 1544 1211 narratione
1572 1182 1652 1211 sua
1669 1182 1762 1211 con-

195 1251 407 1290 solaretur
440 1250 506 1300 (II,
544 1251 581 1300 2,
618 1250 701 1296 23).

255 1403 329 1453 III,
367 1404 403 1442 1.
448 1402 608 1442 Scenae
648 1402 755 1441 haec
785 1401 1079 1450 praemittitur
1112 1401 1379 1440 observatio:
1417 1401 1493 1450 „In
1524 1401 1606 1440 hac
1636 1410 1765 1440 scena

195 1490 307 1519 novo
354 1479 480 1518 modo
528 1480 725 1518 cessante
766 1478 885 1517 Davo
927 1478 1091 1517 fallitur
1133 1478 1250 1517 Simo
1283 1488 1358 1527 per
1389 1478 1571 1517 nimiam
1603 1477 1762 1526 sagaci-

193 1547 334 1595 tatem
391 1555 559 1594 suam.”
617 1554 757 1593 Verba
810 1554 1074 1592 cessante
1120 1553 1268 1593 Davo
1315 1552 1582 1602 significant:
1634 1554 1763 1603 „dum

196 1631 354 1681 Davus,
399 1630 471 1679 qui
507 1632 657 1669 tamen
689 1630 732 1668 in
764 1630 845 1668 hac
875 1629 1020 1668 fabula
1052 1629 1301 1678 impostoris
1332 1630 1525 1678 fungitur
1556 1629 1761 1678 partibus,

197 1706 380 1755 quiescit
420 1706 669 1754 nullamque
706 1705 837 1744 struit
868 1705 1129 1744 fallaciam.”
1162 1705 1284 1744 Nunc
1315 1715 1455 1744 novo
1487 1706 1643 1744 modo
1675 1705 1763 1743 iun-

197 1784 384 1832 gendum
416 1783 483 1821 est
514 1792 613 1821 cum
643 1782 892 1821 fallitur.
927 1781 995 1820 Sic
1028 1782 1145 1820 enim
1178 1782 1354 1820 demum
1381 1781 1639 1830 praemoniti
1665 1791 1765 1830 pars

197 1859 352 1898 ultima
378 1859 476 1907 apte
501 1857 855 1907 praecedentibus
876 1857 1144 1905 adiungitur:
1168 1857 1238 1906 „in
1255 1857 1407 1896 multis
1425 1858 1542 1896 enim
1559 1856 1765 1907 οἰκονομία

198 1934 461 1974 comicorum
506 1934 732 1982 poetarum
778 1933 840 1972 ita
885 1943 932 1971 se
978 1933 1109 1972 habet
1156 1934 1206 1972 ut
1253 1943 1354 1972 casu
1396 1934 1519 1982 putet
1550 1934 1766 1982 spectator

198 2009 370 2048 venisse
403 2011 473 2054 (an
504 2008 815 2054 evenisse?)
848 2008 959 2056 quod
987 2009 1162 2047 consilio
1190 2009 1448 2058 scriptorum
1474 2009 1638 2048 factum
1665 2009 1764 2048 sit.'’

199 2086 316 2126 Haec
359 2086 506 2124 autem
538 2084 754 2123 sententia
786 2085 829 2122 in
861 2084 1025 2123 deliciis
1057 2086 1124 2123 est
1156 2085 1432 2135 Scholiastae,
1467 2085 1644 2133 eiusque
1675 2096 1764 2134 pro-

198 2162 398 2201 ferendae
430 2161 700 2200 occasionem
731 2170 827 2199 raro
858 2160 1179 2209 praetermittit.

258 2248 323 2277 vs.
361 2239 396 2276 1.
439 2238 529 2286 „Ex
560 2238 641 2276 hoc
672 2247 884 2287 sermone,
925 2247 1054 2285 quem
1086 2237 1246 2276 habent
1278 2220 1578 2288 ingredientes,
1612 2248 1766 2277 scenae

200 2315 377 2364 apparet
415 2314 695 2363 principium:
738 2313 849 2361 quod
891 2313 1007 2352 enim
1052 2313 1234 2363 auditur,
1278 2324 1363 2353 non
1404 2315 1516 2362 quod
1552 2315 1764 2364 incipitur,

201 2390 374 2429 initium
405 2389 594 2428 dicunt.''
629 2388 852 2427 Sententia
878 2389 1046 2437 aperta:
1075 2389 1183 2427 nihil
1211 2389 1326 2428 enim
1358 2390 1428 2428 hic
1458 2391 1657 2430 narratur
1683 2390 1767 2430 nisi

201 2465 379 2504 solitum
419 2465 522 2504 illud
559 2465 610 2503 de
642 2464 765 2503 novis
796 2464 991 2513 personis
1024 2464 1068 2503 in
1099 2475 1275 2504 scenam
1305 2466 1624 2516 prodeuntibus,
1658 2477 1767 2514 quae

202 2551 412 2591 sermone,
462 2552 591 2590 quem
637 2540 808 2590 habent,
858 2541 989 2580 simul
1031 2540 1274 2590 significent
1315 2543 1366 2581 de
1398 2553 1480 2590 quo
1513 2545 1767 2592 argumento

203 2618 315 2666 ante,
359 2617 450 2655 sive
492 2617 620 2666 domi,
659 2617 751 2655 sive
784 2616 828 2654 in
859 2616 1012 2655 itinere
1041 2617 1209 2656 locutae
1240 2618 1340 2656 sint.
1374 2618 1534 2658 Eodem
1566 2621 1609 2658 et
1640 2630 1766 2659 anno-

202 2693 310 2732 tatio
351 2693 404 2732 ad
446 2703 510 2732 vs.
544 2693 570 2731 4
602 2692 810 2741 pertinet:
845 2693 940 2731 sed
971 2692 1083 2739 hic]
1121 2693 1254 2742 „bene
1286 2694 1376 2732 hic
1405 2695 1455 2733 ut
1486 2696 1686 2734 ostendat
1716 2696 1767 2735 de

203 2768 275 2807 illo
302 2769 402 2807 ante
429 2768 562 2807 fuisse
589 2768 878 2806 sermonem.'’
906 2767 1068 2806 Verum
1095 2770 1293 2817 corrupta
1318 2769 1450 2808 verba
1476 2772 1589 2820 sunt,
1612 2771 1768 2810 ultima

203 2844 459 2892 praesertim
490 2853 594 2882 non
626 2843 764 2891 quod
802 2842 1081 2892 incipitur
1112 2843 1347 2883 initium
1379 2845 1596 2897 dicunt,
1631 2857 1767 2895 neque

206 2920 449 2959 emendatio
481 2920 525 2958 in
555 2919 756 2968 promptu
788 2919 867 2957 est.
