2034 3334
1004 407 1059 447 76

247 534 411 574 tionem
457 533 636 573 vitiatae
667 533 892 583 virginis.”
926 533 1047 573 Idem
1079 532 1132 572 ad
1162 542 1340 573 versum
1372 532 1472 583 994,
1505 532 1578 572 ubi
1608 531 1820 573 Parmeno

246 610 365 650 addit
397 610 691 650 audaciam
724 609 1094 650 meretricum
1127 609 1336 659 specta,
1370 609 1573 649 annotat:
1610 607 1821 659 „oratorie

246 686 406 726 avertit
431 686 542 725 iram
559 686 677 726 senis
694 696 720 726 a
735 696 783 726 se
801 687 845 726 et
861 696 888 726 a
903 685 1095 726 Chaerea
1110 686 1240 734 atque
1255 685 1424 725 derivat
1439 685 1485 725 in
1499 685 1818 726 meretricem?-

305 761 390 801 Vix
416 763 668 812 exspectato
694 762 956 802 narrationis
981 760 1067 801 fine
1093 771 1230 801 senex
1255 761 1417 802 misero
1442 759 1531 801 fllio
1556 771 1684 812 opem
1707 761 1820 803 ferre

245 839 456 888 properat.

802 1004 950 1046 Acrns
980 1005 1018 1044 V
1050 1006 1195 1046 SGENA
1228 1007 1268 1046 6.

303 1112 397 1152 Non
428 1113 572 1162 potest
602 1113 760 1153 melius
791 1114 920 1154 huius
951 1124 1107 1154 scenae
1139 1115 1446 1164 argumentum
1478 1113 1662 1154 describi
1687 1096 1820 1165 quam

246 1188 314 1228 his
347 1189 614 1229 scholiastae
646 1190 790 1229 verbis
819 1190 887 1236 (ad
917 1191 1029 1230 1002
1056 1193 1187 1240 sqq.):
1219 1190 1427 1241 „Pythias
1453 1189 1670 1240 egreditur
1682 1189 1820 1238 veluti

245 1264 424 1304 irrisura
465 1265 793 1316 Parmenonem,
835 1267 885 1305 ut
926 1266 1020 1316 ipsa
1060 1267 1207 1316 putat;
1251 1266 1394 1316 egredi
1436 1266 1584 1307 autem
1625 1275 1653 1306 a
1691 1266 1821 1317 poeta

245 1342 411 1391 cogitur
451 1344 500 1381 ut
541 1343 692 1382 doceat
732 1343 938 1392 populum
980 1343 1080 1392 quid
1116 1343 1235 1383 intus
1266 1343 1402 1393 egerit
1433 1342 1612 1383 senex.”
1643 1341 1820 1383 Deridet

245 1419 392 1457 autem
434 1418 751 1458 Parmenonem
793 1418 975 1467 Pythias
1017 1419 1128 1468 quod
1169 1429 1217 1459 se
1253 1418 1353 1459 ficto
1383 1420 1547 1459 terrore
1576 1417 1817 1469 perturbari

244 1503 399 1543 passus
439 1494 498 1533 sit
539 1496 583 1533 et
623 1495 788 1534 factum
830 1505 959 1534 suum
996 1495 1090 1535 seni
1122 1495 1390 1535 indicaverit.
1423 1494 1555 1536 Cuius
1585 1495 1816 1544 postquam

246 1570 375 1609 verba
401 1570 717 1619 cachinnosque
743 1570 1053 1620 aliquantisper
1079 1571 1246 1611 audivit
1271 1571 1495 1621 Parmeno,
1523 1570 1702 1611 tandem
1717 1579 1816 1611 eam

245 1645 345 1694 quid
378 1645 517 1685 rideat
547 1647 683 1696 rogat,
718 1647 764 1685 at
795 1645 869 1685 illa
901 1647 1030 1692 (1008
1063 1649 1194 1695 sqq.):

1194 1722 1405 1772 Rogitas?

362 1797 591 1846 Nunquam
623 1797 692 1846 pol
725 1797 946 1837 hominem
978 1798 1224 1838 stultiorem
1258 1798 1344 1837 vidi
1375 1808 1454 1838 nec
1486 1798 1639 1838 videbo
1670 1798 1726 1838 ah

362 1873 455 1912 Non
487 1883 666 1922 possum
697 1873 807 1912 satis
838 1884 1014 1913 narrare
1046 1884 1152 1923 quos
1183 1874 1306 1914 ludos
1337 1874 1585 1924 praebueris
1616 1874 1748 1915 intus.

243 1949 399 1998 Lepide
431 1959 615 1998 vereque
649 1932 914 2003 Scholiasta}
944 1950 1206 2000 „Postquam
1233 1950 1454 1999 rogitas
1480 1950 1662 2000 dixerat,
1690 1950 1815 2000 quasi

243 2026 469 2064 narratura
500 2026 726 2066 videbatur
757 2027 802 2065 et
832 2026 943 2066 redit
973 2026 1027 2065 ad
1058 2026 1430 2066 insultationem.”

302 2102 461 2141 Eodem
494 2104 663 2151 spectat
695 2102 917 2142 annotatio
949 2103 1002 2142 ad
1034 2113 1211 2142 versum
1243 2104 1521 2152 sequentem:

422 2179 480 2217 At
512 2179 645 2217 etiam
679 2178 881 2218 callidum
915 2179 959 2218 et
990 2179 1200 2218 disertum
1233 2178 1390 2218 credidi
1422 2178 1657 2218 hominem.

307 2253 451 2302 „Haec
491 2254 638 2293 omnia
679 2255 742 2294 sic
783 2254 827 2293 in
868 2265 999 2294 scena
1038 2254 1317 2304 pronuntiata
1352 2255 1455 2294 sunt
1485 2255 1535 2293 ut
1564 2253 1655 2293 risu
1685 2252 1812 2294 inter-

243 2329 384 2378 rumpi
415 2330 705 2369 viderentur.”
738 2330 849 2369 Tum
881 2331 944 2370 sic
975 2331 1186 2370 miserum
1218 2330 1440 2370 hominem
1470 2329 1652 2369 ludibrio
1683 2328 1815 2369 habet

244 2405 399 2443 ancilla
430 2405 630 2454 petulans
662 2406 792 2451 (1012
825 2409 956 2455 sqq.):

423 2480 562 2529 Quid?
595 2481 747 2520 ilicone
780 2482 951 2521 credere
983 2492 1034 2521 ea
1064 2492 1174 2531 quae
1205 2482 1296 2521 dixi
1326 2481 1515 2531 oportuit
1544 2482 1622 2521 te‘?

422 2557 489 2595 An
522 2558 768 2606 paenitebat
799 2558 948 2608 flagiti,
982 2560 1026 2598 te
1059 2560 1232 2598 auctore
1263 2559 1374 2607 quod
1405 2558 1581 2598 fecisset

422 2633 695 2682 Adolescens,
739 2634 782 2672 ni
814 2634 1024 2673 miserum
1056 2634 1230 2684 insuper
1259 2634 1393 2674 etiam
1424 2633 1536 2682 patri
1568 2633 1811 2672 indicares?

244 2707 308 2745 Ad
357 2707 541 2746 alterum
589 2719 766 2748 versum
812 2710 1090 2749 verissimam
1136 2710 1247 2749 hanc
1293 2709 1503 2748 habemus
1545 2698 1810 2747 Scholiastae

245 2782 591 2822 annotationem:
640 2786 742 2833 „An
774 2786 1131 2833 poenitebat:
1164 2785 1268 2824 illud
1300 2785 1411 2834 quod
1442 2793 1572 2833 supra
1603 2793 1629 2822 a
1659 2782 1806 2832 stulto,

244 2858 324 2897 hoc
366 2860 475 2907 quod
508 2870 620 2898 nunc
651 2860 754 2898 dicit
786 2870 811 2898 a
842 2861 957 2899 malo
988 2860 1080 2900 fieri
1111 2861 1263 2910 potuit.
1298 2860 1408 2900 Illud
1439 2859 1491 2898 ab
1523 2858 1806 2908 imprudente,

244 2934 324 2972 hoc
356 2935 466 2982 quod
498 2935 619 2982 peius
652 2937 718 2973 est
750 2945 775 2973 a
806 2936 1012 2974 sciente.”

2032 653 2034 665 1

2031 673 2034 696 ἐ

2032 756 2034 768 ι

2032 811 2034 823 i

2032 894 2034 903 <

2032 1120 2034 1123 .

2016 1163 2034 1176 v0

2008 1261 2034 1306 ἐ
