2034 3334
951 354 1031 393 117

263 478 622 518 Adnumerandae
659 479 727 518 his
768 480 990 528 praeterea
1031 479 1318 529 etymologiae
1355 479 1593 528 nominum,
1628 489 1767 518 servo-

202 563 300 593 rum
331 554 599 604 praesertim.

262 704 359 748 111.
401 706 701 762 Philosophica
732 707 956 763 quaedam,
990 718 1127 759 neque
1159 708 1299 747 multa
1330 718 1468 760 neque
1500 708 1657 758 inepta,
1676 703 1762 759 ἐξ

201 778 320 820 οὐδὲν
365 781 463 836 πρὸς
505 781 573 821 τὸν
598 780 789 834 ’Όμὲῃροιι
825 783 950 822 Haud
983 783 1135 822 inutile
1166 784 1337 823 videtur
1368 794 1476 832 quae
1508 784 1610 822 sunt
1641 783 1769 822 huius

200 859 370 909 generis
401 859 566 899 afferre.

259 936 389 975 Andr.
439 935 470 984 1,
524 936 559 985 1,
604 936 643 974 3.
691 935 786 984 „Ut
827 936 1097 974 curentur
1137 937 1291 975 recte
1332 936 1489 975 haec:
1532 935 1768 984 Diligenter

200 1012 458 1060 coquantur:
502 1011 664 1050 curatio
706 1010 873 1059 proprie
914 1011 1181 1050 medicorum
1223 1013 1301 1061 est,
1347 1022 1448 1050 cura
1488 1011 1763 1060 reliquorum,

199 1087 274 1127 sed
306 1087 486 1135 coquina
517 1086 755 1126 medicinae
787 1086 1041 1126 famulatrix
1073 1088 1182 1126 est.'’
1216 1087 1285 1126 Sic
1312 1088 1462 1137 editur,
1492 1098 1591 1126 cum
1617 1088 1767 1126 tamen

199 1162 243 1201 in
283 1162 539 1211 quibusdam
582 1162 797 1202 codicibus
838 1162 896 1201 sit
928 1162 1233 1212 adulatrix,
1268 1163 1378 1211 quod
1409 1163 1557 1211 utique
1588 1163 1865 1212 proban-‘4422
1885 1142 2034 1216 [44444

198 1238 314 1277 dum.
367 1238 724 1277 Famulatrix
776 1238 892 1277 enim
939 1238 1061 1277 nihili
1108 1239 1176 1278 est
1222 1239 1493 1289 vocabulum,
1543 1240 1586 1277 et
1631 1224 1774 1278 totius*

198 1314 490 1354 annotationis
531 1314 611 1353 hoc
652 1315 720 1353 est
761 1314 989 1353 consilium
1032 1315 1079 1353 ut
1120 1315 1325 1363 appareat
1358 1325 1458 1353 eum
1490 1314 1562 1363 qui
1593 1315 1766 1363 scripsit

197 1390 389 1429 Platonis
436 1389 638 1443 Gorgiam
680 1390 849 1445 legisse,
894 1389 965 1428 ubi
1008 1389 1052 1428 αἱ
1088 1388 1194 1429 τέττα
1222 1404 1238 1428 ε
1301 1388 1340 1428 τέ
1367 1405 1429 1428 ναι
1469 1392 1538 1427 ταῖ
1594 1387 1764 1428 τέτταοσι

196 1463 390 1518 θωπείαις
423 1465 707 1513 opponuntur.

255 1541 322 1579 Ad
366 1550 544 1579 versum
595 1541 849 1588 sequentem
897 1542 1153 1580 annotatum
1201 1540 1446 1582 invenimus
1497 1541 1533 1590 ’ῃ
1583 1543 1765 1591 quatuor

194 1617 340 1666 partes
386 1616 596 1655 virtutem
643 1616 787 1666 dividi,
835 1617 1121 1669 prudentiam,
1172 1617 1397 1666 iustitiam,
1451 1617 1761 1669 fortitudinem,

197 1692 546 1742 temperantiam.
580 1692 699 1731 Haec
731 1703 896 1741 quoque
929 1693 1104 1741 sumpta
1135 1703 1157 1732 e
1189 1693 1380 1732 Platone.

255 1768 386 1807 Andr.
429 1768 499 1818 IV,
539 1769 578 1818 3,
613 1769 648 1807 1.
682 1768 749 1807 Ad
780 1769 932 1807 verba:
971 1768 1120 1818 „Nilne
1153 1779 1248 1807 esse
1281 1768 1500 1817 proprium
1533 1769 1762 1817 cuiquam’'

195 1843 302 1882 haec
343 1845 626 1883 annotantur:
674 1854 828 1893 „omne
875 1844 987 1896 quod
1039 1844 1249 1882 habemus
1292 1844 1366 1882 aut
1414 1845 1667 1883 mutuum
1699 1845 1766 1883 est

198 1921 272 1958 aut
304 1919 604 1970 proprium.
638 1919 747 1968 Ergo
779 1921 1067 1968 proprium
1099 1921 1367 1969 perpetuum,
1401 1921 1451 1958 ut
1481 1920 1710 1969 Virgilius:

615 1995 790 2043 Propria
821 1996 927 2034 haec
958 1996 996 2033 si
1028 1996 1138 2034 dona
1168 1995 1366 2034 fuissent.

254 2070 364 2118 Ergo
395 2069 503 2108 nihil
534 2070 657 2109 nobis
688 2071 908 2119 proprium
940 2081 1035 2109 esse
1067 2072 1232 2119 potest:
1268 2071 1378 2119 quod
1411 2071 1527 2110 enim
1559 2082 1643 2110 non
1669 2072 1763 2121 fuit,

194 2156 274 2184 nec
305 2156 400 2185 esse
427 2145 600 2193 quidem
627 2146 781 2194 potest,
812 2146 886 2184 aut
914 2146 1023 2193 quod
1052 2145 1157 2194 eripi
1184 2147 1338 2196 potest,
1358 2157 1443 2185 non
1460 2148 1527 2185 est
1543 2148 1764 2186 nostrum:

194 2221 279 2259 nisi
311 2221 396 2271 illa,
431 2231 539 2269 quae
572 2221 677 2270 eripi
708 2231 793 2259 non
824 2222 1017 2271 possunt,
1052 2223 1100 2260 ut
1132 2222 1356 2271 sapientia,
1390 2222 1628 2272 prudentia,
1659 2233 1766 2270 quae

195 2296 368 2336 fortuna
398 2307 536 2345 neque
569 2297 669 2335 dare
701 2307 838 2345 neque
871 2297 1032 2345 eripere
1065 2297 1265 2345 cuiquam
1297 2298 1481 2346 potest.’'

257 2372 324 2411 Ad
354 2372 485 2411 Andr.
520 2371 590 2421 IV,
625 2373 664 2421 3,
699 2373 749 2411 5:
1514 2423 1518 2427 ι

463 2447 606 2486 Facile
638 2448 708 2486 hic
738 2447 835 2496 plus
866 2447 971 2486 mali
1004 2449 1072 2487 est
1103 2459 1233 2497 quam
1266 2449 1353 2487 illic
1383 2449 1483 2488 boni

195 2524 302 2563 haec
333 2524 533 2562 videmus
565 2523 802 2572 adscripta:

261 2599 454 2648 „Quam
486 2598 612 2637 illic
644 2598 795 2637 boni:
830 2598 874 2637 in
906 2609 1080 2638 summo
1107 2599 1239 2638 bono:
1269 2600 1380 2638 dixit
1403 2601 1518 2638 enim
1548 2611 1603 2639 ex
1628 2601 1765 2650 bonis,

195 2684 305 2722 quae
347 2674 459 2713 bona
491 2673 789 2723 aestimamus,
823 2674 919 2723 plus
951 2684 1030 2713 nos
1062 2674 1168 2713 mali
1201 2685 1366 2724 capere,
1402 2685 1501 2714 cum
1534 2677 1610 2734 aut
1641 2676 1769 2714 amis-

195 2759 319 2788 suros
351 2759 429 2788 nos
463 2749 677 2787 credimus
709 2750 784 2788 aut
813 2749 1070 2800 amittimus,
1101 2760 1231 2798 quam
1257 2750 1356 2790 boni
1385 2761 1483 2790 cum
1511 2751 1767 2791 habemus.”

255 2824 322 2863 Ad
353 2824 402 2873 V,
437 2825 476 2874 5,
511 2825 560 2864 3:

315 2899 403 2949 Ego
433 2899 571 2939 vitam
604 2900 781 2939 deorum
812 2902 1037 2951 propterea
1069 2901 1382 2952 sempiternam
1414 2912 1510 2944 esse
1542 2902 1724 2943 arbitror
