2034 3334
956 379 1035 420 171

215 507 358 556 aliqua
398 507 636 546 dirimatur.
682 506 819 556 Quam
860 507 1089 546 Klotziana
1130 507 1316 556 exhibet,
1361 517 1412 546 ea
1447 503 1620 545 facilem
1651 505 1781 543 habet

215 582 483 622 intellectum
514 583 683 631 praeter
714 582 870 621 ultima
897 583 1014 632 haec,
1046 593 1154 631 quae
1182 583 1220 621 ei
1246 583 1348 621 sunt
1375 592 1474 621 cum
1491 581 1778 621 Westerhovi-

215 669 298 698 ana
322 658 607 698 communia:
654 657 789 707 „mire
831 659 990 707 tamen,
1035 658 1146 706 quod
1180 658 1303 706 quasi
1335 668 1390 696 ex
1422 658 1676 706 argumento
1708 657 1777 705 sit,

214 735 264 773 ut
303 734 436 773 futuri
478 735 600 772 actus
642 734 721 782 sui,
766 734 1000 781 antequam
1042 734 1157 781 loqui
1189 733 1407 782 incipiant,
1442 732 1778 781 describantur,’'

175 791 177 794 Ι
214 810 286 849 ubi
346 820 483 858 neque
541 811 727 849 tamen
784 821 922 858 neque
980 821 1046 849 ex
1103 810 1434 858 argumento
1491 810 1568 848 sit
1624 819 1780 848 sanum

214 886 396 925 videtur.

275 961 343 1001 45.
392 961 577 1010 Rogavit
622 961 740 1000 leno:
794 961 942 1010 „quid
967 961 1077 1009 quod
1124 962 1167 999 te
1214 971 1286 999 oro
1298 961 1346 999 ?”
1396 961 1529 1009 Syrus
1570 960 1631 999 nil
1672 959 1778 998 nisi:

218 1037 459 1087 „paulisper
499 1038 656 1076 mane’'
699 1037 940 1085 respondet.
979 1036 1062 1075 Hic
1094 1037 1136 1075 et
1168 1036 1252 1075 alia
1284 1029 1544 1075 annotantur
1577 1037 1619 1075 et
1650 1036 1778 1075 haec:

218 1123 374 1163 „quam
415 1113 522 1151 bene
564 1112 839 1151 fastidiosum
881 1112 1080 1150 lenonem
1122 1111 1227 1150 facit
1269 1112 1444 1160 Syrus.”
1483 1112 1623 1151 Immo
1654 1122 1778 1151 vero:

218 1199 375 1238 „quam
422 1189 530 1227 bene
577 1188 851 1227 fastidiosum
898 1188 1001 1226 facit
1050 1190 1122 1234 (sc.
1170 1189 1310 1236 poeta)
1354 1188 1553 1236 Syrum.'’
1596 1188 1781 1236 Roganti

214 1265 382 1303 nullum
415 1265 514 1303 dare
546 1274 802 1312 responsum
834 1264 908 1302 sed
940 1274 1116 1302 manere
1149 1273 1248 1302 eum
1275 1263 1419 1302 iubere
1447 1264 1687 1312 arrogantis
1715 1265 1781 1303 est

216 1342 258 1379 et
294 1340 519 1379 fastidiosi.
554 1339 670 1378 Talis
703 1340 850 1378 autem
884 1339 1017 1387 Syrus
1049 1349 1074 1377 a
1105 1339 1232 1387 poeta
1263 1339 1517 1388 depingitur,
1551 1340 1647 1379 leno
1678 1350 1780 1378 vero

214 1417 441 1464 tamquam
483 1416 698 1454 demissus
740 1407 949 1464 planeque
985 1413 1177 1462 ταπεινός.
1211 1415 1455 1463 Sequuntur
1487 1415 1615 1454 haec:
1653 1426 1781 1464 „nam

189 1494 259 1542 ,et
300 1503 429 1541 supra
469 1503 554 1531 non
595 1492 835 1531 intendenti
877 1492 980 1531 dicit
1020 1491 1151 1531 toties
1192 1491 1236 1530 in
1276 1502 1361 1531 uno
1393 1502 1524 1531 sensu
1555 1493 1635 1532 hoc
1667 1493 1781 1532 idem

216 1569 349 1617 Syrus
381 1569 432 1607 de
465 1568 616 1607 amica.
651 1568 800 1607 Potest
830 1568 910 1606 hoc
941 1567 1248 1616 interrogative
1274 1568 1583 1616 pronuntiari.”
1613 1568 1780 1607 Scribo:

219 1654 347 1693 „nam
390 1644 433 1682 et
473 1653 603 1692 supra
643 1654 729 1682 non
772 1643 1099 1682 attendenti
1141 1643 1244 1682 dicit
1284 1644 1413 1682 toties
1455 1644 1498 1682 in
1535 1654 1619 1683 uno
1652 1654 1783 1682 sensu

216 1720 296 1758 hoc
326 1720 442 1758 idem
475 1719 655 1767 syro.”
688 1719 726 1757 A
757 1719 934 1757 vocibus
967 1720 1115 1757 autem
1147 1719 1207 1757 de
1240 1719 1419 1758 amica
1445 1729 1607 1758 novum
1634 1719 1783 1768 incipit

216 1795 420 1844 scholion,
465 1795 575 1843 quod
617 1805 694 1833 suo
736 1794 828 1833 loco
871 1795 1040 1833 motum
1078 1795 1156 1833 est.
1200 1794 1266 1832 Ad
1306 1794 1438 1833 verba
1469 1795 1585 1833 enim
1615 1805 1781 1843 praece-

217 1870 383 1909 dentia:
425 1871 614 1909 laetus
657 1871 743 1908 est
785 1870 845 1908 de
889 1870 1068 1908 amica
1101 1870 1299 1918 pertinet.
1333 1870 1485 1908 Verbis
1517 1870 1697 1918 denique
1729 1870 1783 1908 in

216 1955 320 1984 uno
353 1955 523 1984 sensu
555 1945 655 1983 hoc
686 1945 831 1984 idem
862 1956 1018 1994 parum
1051 1945 1268 1994 eleganter
1294 1946 1509 1993 nimisque
1535 1946 1629 1984 fuse
1656 1946 1782 1994 signi-

217 2019 369 2060 ficatur
416 2021 512 2059 aliis
554 2020 696 2059 verbis
738 2021 853 2060 idem
895 2031 1025 2069 supra
1066 2031 1194 2069 saepe
1236 2021 1324 2060 iam
1367 2021 1528 2060 dixisse
1569 2021 1781 2060 lenonem.

217 2096 286 2135 An
317 2097 565 2145 corruptum
598 2096 651 2134 in
683 2106 787 2135 uno
820 2097 1021 2135 sensu?

278 2245 332 2294 Π,
377 2246 416 2284 3.
457 2245 592 2294 Quid
635 2255 732 2293 ego
775 2254 918 2283 nunc
949 2246 1002 2283 te
1034 2245 1327 2291 laudem?]:
1365 2246 1491 2295 „quia
1522 2245 1616 2284 laus
1648 2256 1782 2294 genus

219 2331 374 2360 causae
417 2322 495 2370 est,
541 2321 650 2369 quod
692 2331 778 2359 non
817 2320 1045 2359 adhibetur
1085 2320 1170 2359 nisi
1211 2321 1362 2360 dubiae
1404 2321 1508 2360 1·ei.”
1542 2320 1648 2370 Quid
1679 2321 1786 2360 haec

219 2397 301 2436 sibi
331 2397 514 2436 volunt?

279 2475 319 2512 6.
363 2472 563 2521 Ctesipho
606 2483 755 2511 secum
797 2472 943 2511 fratris
986 2473 1037 2511 de
1078 2483 1125 2511 se
1166 2473 1323 2512 merita
1363 2474 1593 2522 postquam
1630 2474 1786 2513 extulit

219 2550 326 2589 haec
357 2549 495 2588 addit:

400 2624 550 2672 Itaque
587 2634 719 2662 unam
752 2624 863 2662 hanc
895 2633 988 2662 rem
1021 2634 1091 2662 me
1118 2623 1275 2663 habere
1301 2625 1469 2673 praeter
1496 2625 1602 2664 alios
1628 2625 1784 2674 praeci-

1353 2702 1499 2749 [puam
1531 2701 1724 2751 arbitror,

401 2756 597 2813 Fratrem
638 2774 804 2814 homini
846 2774 1009 2813 nemini
1051 2784 1146 2814 esse
1182 2775 1421 2824 primarum
1454 2776 1614 2815 artium
1644 2776 1785 2825 magis

523 2900 525 2902 q
1459 2851 1722 2901 [principem.

224 2927 498 2966 Annotantur
530 2927 572 2966 et
604 2925 688 2965 alia
720 2927 763 2965 et
793 2926 920 2965 haec:
958 2926 1022 2975 „si
1049 2926 1300 2966 distinxeris
1326 2927 1583 2976 fratrem,
1614 2929 1695 2965 erit
1721 2928 1786 2966 bis
