2034 3334
0 220 18 242 ἐλ

0 262 19 299 ἕ.

951 251 1034 294 105

860 375 948 417 iam
981 388 1093 417 nunc
1123 375 1168 416 in
1201 373 1283 417 fine
1312 373 1514 430 loquendi

377 445 623 503 Ingeminat
654 459 779 489 voces
809 444 1040 502 auditaque
1075 446 1204 489 verba
1235 448 1426 502 reportat

197 518 226 560 i.
245 531 280 560 e.
314 517 390 559 ubi
419 516 526 559 Iuno
555 515 758 572 loquendi
789 515 917 559 finem
948 516 1072 568 fecit,
1108 516 1269 568 „usus”
1303 517 1476 572 repetiit
1505 515 1634 559 Echo.

260 662 348 705 400
366 676 427 719 sq.
460 663 525 706 Ab
557 661 687 705 exilio
719 675 935 705 revocasse
965 661 1224 705 Ehwaldum
1256 675 1423 705 versus:

378 732 482 776 Inde
512 732 619 776 latet
649 731 773 776 silvis
804 732 1010 789 nulloque
1041 734 1086 775 in
1118 736 1263 776 monte
1294 732 1480 783 videtur,

380 803 590 846 Omnibus
621 802 819 846 auditur:
852 817 980 846 sonus
1012 807 1076 846 est
1108 805 1183 860 qui
1215 804 1328 846 vivit
1358 804 1404 845 in
1433 802 1510 845 illa

197 875 249 918 ab
292 874 470 918 Heinsio
515 875 771 930 proscriptos
813 875 947 916 miror
988 873 1205 930 doleoque.
1239 873 1352 927 Quid
1384 872 1527 916 enim?
1558 875 1661 916 Inde
1692 874 1792 916 latet

197 945 345 988 silvis!
375 946 433 987 At
464 958 527 988 vs.
563 944 649 987 393
683 944 847 987 dictum
878 946 967 987 iam
999 948 1085 988 est:
1119 949 1255 999 spreta
1288 945 1389 986 latet
1418 944 1548 987 silvis.
1581 945 1638 987 Et
1670 959 1790 1001 quor-

197 1029 295 1058 sum
326 1016 444 1058 istud
474 1016 588 1058 nullo
619 1016 664 1057 in
695 1020 822 1058 monte
853 1014 1038 1058 videtur?
1079 1015 1192 1058 Tum
1225 1015 1402 1058 omnibus
1435 1016 1623 1058 auditur:
1656 1018 1791 1060 immo

197 1100 297 1129 vero
333 1087 388 1128 iis
431 1090 602 1129 tantum
646 1088 720 1142 qui
760 1088 844 1142 ipsi
887 1086 1020 1130 locuti
1063 1090 1185 1139 sunt,
1219 1086 1290 1130 vel
1321 1101 1453 1143 prope
1485 1087 1660 1130 fuerunt
1691 1102 1790 1130 cum

197 1156 453 1213 loquebatur
493 1156 618 1200 alius.
665 1156 748 1210 Qui
789 1156 904 1200 solus
944 1171 1020 1213 per
1060 1157 1190 1200 silvas
1235 1156 1455 1209 ambulat,
1495 1157 1566 1201 vel
1599 1159 1675 1214 qui
1706 1172 1792 1201 una

198 1230 347 1270 euntes
377 1226 527 1278 silent,
560 1228 614 1270 iis
646 1227 774 1270 surda
803 1226 881 1270 illa
913 1230 991 1270 est.

260 1362 347 1405 434
375 1377 436 1419 sq.
469 1362 717 1406 Narcissum
750 1364 811 1406 sic
842 1366 967 1419 poeta
998 1362 1258 1419 alloquitur:

378 1433 466 1476 Ista
498 1447 788 1489 repercussae,
821 1447 950 1490 quam
983 1435 1142 1485 cernis,
1174 1435 1381 1490 imaginis
1415 1434 1569 1477 umbra
1600 1437 1685 1477 est:

382 1503 457 1547 Nil
488 1505 617 1547 habet
646 1506 729 1547 ista
761 1506 842 1547 sui.

205 1575 367 1618 Immo:
414 1574 505 1626 „nil
540 1575 668 1618 habet
699 1576 790 1630 ipsa
821 1575 933 1618 sui'’.
966 1574 1030 1619 Of.
1065 1575 1178 1626 VIII,
1214 1575 1300 1618 513
1334 1577 1408 1618 ubi
1442 1575 1676 1633 Bentleyus
1709 1577 1797 1630 ipse

202 1660 278 1702 pro
319 1646 393 1687 ille
460 1648 674 1702 reposuit,
730 1647 968 1698 certissima
1016 1648 1257 1689 coniectura
1306 1661 1435 1703 quam
1482 1648 1570 1689 iam
1616 1647 1796 1703 probant

201 1717 396 1760 editores.

266 1852 352 1895 482
387 1853 567 1895 Pectora
599 1855 820 1895 traxerunt
852 1867 1002 1894 roseum
1034 1866 1228 1908 percussa
1259 1854 1472 1896 ruborem.

203 1922 315 1965 Satis
346 1921 525 1965 ridicule
555 1937 667 1964 rosas
697 1936 809 1964 nunc
841 1923 991 1964 statim
1023 1924 1245 1978 excipiunt
1268 1936 1411 1977 poma:

385 1992 481 2035 Non
513 1992 635 2035 aliter
667 2006 795 2048 quam
827 2007 956 2048 poma
988 1992 1138 2035 solent.

203 2063 470 2120 Quapropter
509 2077 595 2105 non
625 2062 774 2105 dubito
807 2064 911 2119 quin
943 2062 1077 2106 altera
1108 2062 1235 2106 lectio
1268 2068 1419 2105 tenuem
1450 2066 1507 2106 sit
1538 2065 1792 2120 recipienda.

205 2133 325 2186 Quod
357 2133 601 2176 adscribunt
632 2147 702 2175 vv.
736 2133 803 2174 dd.
837 2147 1012 2175 versum
1045 2147 1095 2175 ex
1129 2134 1381 2175 Amoribus:

388 2202 576 2247 Candida
607 2203 830 2246 candorem
864 2217 981 2246 roseo
1013 2203 1170 2246 suffusa
1199 2203 1353 2246 rubore

206 2288 299 2316 rem
339 2289 425 2316 non
466 2273 655 2316 conficit:
700 2275 804 2329 quin
845 2274 974 2315 rubor
1011 2277 1124 2315 recte
1156 2288 1288 2315 roseus
1318 2273 1484 2315 dicatur
1514 2287 1639 2316 nemo
1673 2273 1795 2317 dubi-

207 2345 316 2387 tabit
346 2358 550 2400 unquam.
584 2343 667 2386 Sed
699 2343 861 2400 singuli
891 2343 975 2386 loci
1006 2357 1081 2399 per
1112 2357 1155 2386 se
1189 2343 1406 2399 spectandi
1438 2347 1551 2386 sunt.

270 2489 357 2532 503
391 2490 576 2532 Lumina
607 2503 709 2530 mors
740 2487 894 2531 clausit
925 2487 1088 2530 domini
1121 2489 1321 2531 mirantia
1352 2489 1548 2531 formam.

209 2560 383 2604 Codices
416 2562 582 2603 variant
613 2560 724 2601 inter
755 2573 856 2599 mors
888 2561 931 2600 et
962 2573 1071 2609 mom,
1105 2558 1216 2613 quod
1249 2558 1482 2602 admodum
1514 2559 1792 2602 verisimilem

208 2631 347 2673 reddit
387 2631 673 2673 coniecturam
713 2628 883 2671 Heinsii
924 2643 1015 2670 nox.
1073 2627 1155 2670 Sed
1197 2628 1380 2671 difficilis
1426 2631 1565 2686 optio,
1608 2644 1708 2672 nam
1749 2632 1793 2673 in

209 2700 364 2742 ultimis
395 2699 613 2743 vocabulis
644 2702 707 2741 est
738 2712 862 2741 omne
893 2712 1043 2742 versus
1077 2711 1269 2740 acumen.

271 2843 356 2889 575
734 2842 926 2885 Tradunt
957 2843 1155 2885 manibus
1187 2846 1282 2899 post
1313 2846 1434 2900 terga
1466 2843 1615 2900 ligatis

394 2914 520 2957 Sacra
553 2914 621 2956 dei
652 2914 846 2969 quondam
878 2911 1097 2969 Tyrrhena
1128 2916 1257 2969 gente
1288 2917 1497 2956 secutum.

214 2985 452 3029 Reduviem
484 2986 683 3027 morituri
716 2997 884 3026 curasse
915 2983 1086 3026 videtur
1116 2982 1149 3025 I.
1181 2981 1258 3026 Oh.
1287 2983 1462 3026 Iahnius
1489 2984 1682 3040 quendam
1709 2997 1803 3026 con-
