2034 3334
866 374 948 416 157

165 502 400 559 disciplina,
431 501 505 544 sed
536 501 698 543 homini
730 500 815 542 levi
847 503 976 556 atque
1007 498 1152 555 infido,
1186 500 1262 555 qui
1292 499 1451 541 iustam
1485 510 1665 541 uxorem

168 593 271 638 prae
303 579 451 636 pellice
482 578 662 634 negligit
692 577 897 632 illamque
922 589 1021 632 ergo
1052 589 1226 632 peccare
1253 579 1421 618 tantum
1439 588 1525 617 non
1545 575 1671 630 cogit.

229 655 305 715 111,
338 656 404 698 11.
437 654 474 696 Ε
507 655 639 696 variis
670 654 824 709 pannis
851 653 932 695 hoc
958 655 1189 695 consutum
1217 665 1388 694 carmen
1415 654 1501 694 est:
1520 651 1668 693 laudes

173 733 287 776 enim
334 730 537 774 Mercurii
583 743 680 772 cum
724 727 967 771 Danaidum
1005 728 1154 784 poenis
1187 729 1522 784 coniunguntur.
1557 726 1671 777 Quo-

169 807 329 850 modo?
377 807 559 863 quaeris.
603 805 752 848 Dicam
787 805 984 861 quamvis
1015 804 1278 847 incredibilis
1309 817 1377 847 res
1409 806 1474 847 sit.
1506 803 1673 846 Mercu-

168 885 282 927 rium
312 883 547 939 alloquitur
577 882 784 924 Horatius
815 886 858 924 et
891 894 1001 937 quae
1028 882 1121 923 eius
1152 882 1320 937 egregie
1347 881 1459 924 facta
1485 895 1509 924 a
1535 883 1671 937 poetis

170 961 326 1004 tradita
372 964 475 1003 sunt
522 960 665 1002 omnia
712 959 860 1001 ordine
903 961 1135 1000 enumerat.
1177 957 1272 1000 Hac
1311 959 1358 1000 in
1403 971 1448 1001 re
1481 959 1674 1014 quinque

171 1038 436 1093 consumptis
485 1036 670 1092 strophis
714 1035 841 1078 deum
887 1035 990 1077 satis
1021 1035 1107 1076 iam
1140 1034 1362 1076 laudatum
1394 1038 1594 1090 precatur
1626 1038 1675 1077 ut

170 1113 334 1169 Lyden,
376 1113 597 1169 pulchram
635 1112 821 1167 puellam
865 1111 940 1154 sed
973 1110 1254 1166 ,obstinatam’
1290 1111 1456 1153 mollire
1488 1114 1677 1154 conetur.

173 1190 333 1246 Audio,
382 1193 447 1232 est
493 1190 607 1232 enim
654 1188 894 1231 Mercurius
942 1188 1119 1231 deorum
1160 1189 1356 1244 nuntius,
1400 1191 1442 1231 et
1483 1192 1586 1231 sunt
1630 1191 1673 1230 in

177 1266 352 1309 deorum
386 1265 518 1308 tutela
545 1267 716 1320 poetae,
744 1267 891 1320 poetae
917 1277 1016 1320 ergo
1043 1264 1096 1306 ad
1123 1264 1307 1320 puellam
1336 1264 1518 1320 perferat
1534 1264 1678 1307 verba.

178 1341 262 1385 Sed
309 1355 394 1398 quo
441 1342 479 1384 ei
525 1341 569 1382 in
614 1340 872 1382 allocutione
912 1339 963 1382 ad
1006 1338 1155 1394 Lyden
1203 1340 1408 1382 utendum
1442 1342 1523 1383 erit
1554 1355 1681 1396 argu-

180 1418 357 1461 mento?
404 1418 616 1459 Accurate
660 1417 857 1459 mandata
899 1416 976 1459 deo
1009 1417 1135 1458 homo
1168 1417 1260 1458 dat:
1294 1416 1482 1459 narrabit
1513 1416 1682 1459 Mercu-

181 1496 273 1538 rius
321 1495 373 1537 de
413 1493 552 1536 Danai
583 1493 754 1535 filiabus
791 1505 900 1548 quae
933 1494 1107 1535 maritos
1140 1493 1400 1548 occiderunt,
1432 1494 1680 1549 praesertim

181 1575 324 1614 tamen
373 1571 425 1613 de
471 1584 559 1613 una
604 1570 773 1612 illarum
820 1582 929 1625 quae
960 1570 1092 1625 patris
1124 1570 1292 1625 imperii
1323 1571 1551 1613 immemor
1583 1583 1680 1612 cum

183 1661 261 1690 suo
308 1647 499 1703 periculo
549 1647 727 1689 salutem
771 1647 921 1689 marito
967 1646 1120 1689 attulit.
1166 1645 1278 1697 Quid
1320 1647 1422 1690 haec
1455 1648 1596 1689 omnia
1629 1647 1682 1689 ad

182 1723 363 1778 Lyden?
405 1723 475 1765 An
507 1722 870 1779 Hypermnestrae
903 1736 995 1765 eam
1030 1724 1277 1779 exemplum
1309 1723 1603 1766 adhortabitur
1635 1727 1682 1766 ut

184 1804 225 1844 et
255 1801 348 1856 ipsa
379 1803 465 1842 tam
496 1800 606 1842 bene
639 1800 691 1842 de
724 1801 875 1842 marito
907 1800 1151 1842 mereatur?
1184 1801 1243 1842 At
1274 1804 1338 1843 est
1368 1804 1494 1843 etiam
1529 1801 1687 1855 „cruda

187 1875 366 1919 marito'’
399 1880 440 1918 et
470 1876 551 1918 hoc
575 1876 787 1931 imprimis
814 1875 1027 1931 agendum
1056 1879 1119 1918 est
1147 1879 1196 1917 ut
1223 1878 1458 1918 amantium
1486 1876 1686 1932 precibus

187 1965 333 1994 aurem
378 1952 586 2008 praebeat.
634 1952 705 1994 An
747 1955 983 1994 ceterarum
1025 1950 1270 1994 Danaidum
1311 1965 1473 2008 poenae
1514 1953 1629 1995 illam
1663 1967 1687 1995 a

188 2028 346 2071 scelere
377 2027 671 2071 revocabunt?
705 2028 765 2069 At
797 2028 903 2069 nihil
935 2029 1149 2070 commisit
1177 2029 1245 2071 vel
1272 2030 1553 2071 commissura
1570 2029 1689 2085 puel-

187 2104 277 2146 lula
324 2108 388 2147 est
435 2116 568 2160 quare
615 2117 714 2146 cum
757 2104 947 2146 scelestis
987 2104 1073 2146 illis
1115 2111 1383 2160 comparetur
1424 2105 1690 2148 mulieribus.

191 2180 323 2223 Vides
353 2181 451 2235 iam,
484 2185 532 2222 ut
564 2181 726 2235 opinor,
757 2193 887 2236 quam
921 2181 1040 2222 tenui
1074 2180 1141 2222 vel
1167 2182 1311 2235 potius
1338 2181 1457 2223 nullo
1483 2180 1555 2223 filo
1571 2180 1691 2235 Lyde

192 2260 332 2298 cetero
365 2257 420 2298 sit
451 2269 621 2298 annexa
652 2256 840 2310 carmini,
872 2269 1012 2311 neque
1045 2256 1276 2298 admodum
1304 2256 1355 2299 de
1383 2269 1433 2299 ea
1460 2257 1689 2299 sollicitum

193 2331 329 2375 fuisse
373 2335 540 2388 poetam
589 2333 664 2387 qui
706 2345 798 2374 eam
841 2335 958 2374 tanta
991 2332 1207 2375 doctrinae
1239 2333 1551 2389 mythologicae
1583 2334 1695 2376 mole

196 2408 405 2451 obrueret.
454 2407 603 2450 Multis
650 2411 792 2450 autem
836 2409 938 2450 viris
972 2408 1108 2450 doctis
1139 2412 1370 2464 praeeunte
1400 2408 1693 2465 Peerlkampio

197 2485 326 2527 nimis
372 2483 607 2526 absurdum
655 2484 735 2526 hoc
782 2497 951 2526 carmen
1000 2485 1142 2526 visum
1191 2489 1255 2527 est
1297 2499 1426 2540 quam
1469 2489 1518 2528 ut
1549 2487 1610 2528 sic
1642 2486 1694 2528 ab

199 2560 376 2603 Horatio
409 2561 612 2615 scriptum
646 2560 876 2602 crederent.
908 2560 997 2601 Alii
1023 2573 1123 2616 ergo
1150 2563 1368 2603 tentarunt
1395 2561 1487 2603 alia.
1516 2561 1697 2618 Elegan-

199 2638 364 2679 tissime
410 2635 614 2678 Lehrsius
655 2648 807 2678 versus
852 2636 1024 2677 17—20
1067 2639 1108 2678 et
1142 2637 1316 2678 25—28
1350 2638 1516 2693 expulit
1547 2642 1588 2680 et
1621 2651 1696 2694 pro

202 2715 426 2755 manent
473 2713 548 2766 (vs.
598 2712 668 2765 29)
716 2712 819 2768 legit
862 2712 1056 2767 luunt,
1102 2725 1187 2767 quo
1228 2713 1337 2755 facto
1380 2718 1444 2756 sat
1484 2713 1700 2757 laudabile

203 2789 394 2831 nascitur
425 2800 611 2844 carmen,
643 2788 767 2830 cuius
799 2788 879 2830 hoc
905 2788 992 2830 fere
1018 2792 1081 2831 est
1108 2793 1431 2844 argumentum:
1464 2789 1700 2844 „Mercuri!

204 2864 302 2918 lyra
348 2867 423 2906 tua
468 2863 732 2919 permulcere
779 2867 820 2906 et
867 2863 1031 2906 mollire
1075 2863 1224 2918 Lyden
1265 2868 1392 2921 tenta,
1434 2879 1544 2922 quae
1584 2880 1703 2910 nunc
