2034 3334
957 362 1010 401 61

262 490 443 531 Nomine
490 476 680 530 evocatis
720 488 932 528 ministris
974 487 1229 535 quibusdam
1271 487 1376 525 haec
1418 486 1535 525 addit
1575 486 1737 525 Thraso
1752 497 1763 535 :-

208 567 335 616 „cedo
367 567 516 606 aliOS.'’
549 566 806 606 Rectissime
839 563 1079 603 Scholiasta
1109 563 1330 602 observat:
1369 572 1478 610 „non
1510 562 1762 609 reliquos

204 643 325 692 dixit,
359 642 434 682 sed
466 642 612 681 alios
644 641 766 690 quasi
797 640 925 679 multi
957 639 1087 678 sint.‘'

263 718 460 758 Graviter
500 718 552 757 ab
594 718 852 766 imperatore
883 725 960 754 suo
991 714 1224 762 increpitus
1257 714 1399 762 Sanga
1431 713 1621 752 centurio
1653 713 1764 760 quod

203 805 278 844 pro
310 794 449 844 gladio
481 793 726 842 peniculum
758 791 963 840 attulerit,
997 790 1225 838 respondet
1258 792 1335 835 (vs.
1365 790 1449 828 ’778
1482 792 1583 837 sq.):

322 870 496 918 Egone?
528 869 799 918 imperatoris
830 867 1038 906 virtutem
1069 876 1276 905 noveram
1309 867 1352 905 et
1383 866 1473 904 Vim
1505 865 1718 904 militum:

320 946 422 984 Sine
448 945 656 994 sanguine
682 945 763 983 hoc
783 953 868 983 non
884 953 1009 992 posse
1025 942 1139 982 fieri:
1159 942 1231 990 qui
1247 942 1539 990 abstergerem
1555 941 1766 980 vulnera?

205 1021 399 1070 Languet
440 1021 530 1069 qui
572 1020 959 1068 abstergerem
996 1018 1234 1057 vulnera
1265 1017 1302 1056 si
1333 1018 1559 1065 tamquam
1590 1017 1764 1055 interro-

205 1097 424 1146 gationem
466 1096 712 1144 accipimus.
757 1095 893 1144 Quare
935 1104 1012 1143 ego
1054 1094 1115 1132 sic
1153 1093 1413 1142 acceperim:
1452 1124 1468 1141 „
1480 1092 1622 1138 [attuli
1652 1092 1765 1141 peni-

207 1173 366 1218 culum]
410 1172 482 1224 qui
523 1174 595 1224 5:
609 1172 659 1210 ut
698 1175 761 1222 eo)
795 1171 1085 1218 abstergerem
1116 1169 1337 1207 vulnera.'’
1372 1169 1453 1207 Sed
1490 1169 1570 1207 hoc
1601 1178 1766 1216 quoque

206 1248 501 1287 duriusculum
533 1247 642 1295 quod
674 1256 937 1285 noveram
964 1245 1153 1294 primum
1180 1245 1346 1283 obiecta
1371 1245 1501 1283 habet
1526 1244 1570 1283 in
1597 1254 1766 1282 accusa-

206 1324 308 1374 tivo,
337 1323 500 1372 deinde,
529 1323 622 1362 sine
648 1322 736 1361 ulla
763 1321 1070 1370 coniunctione,
1100 1321 1145 1359 in
1161 1320 1407 1359 accusativo
1426 1330 1524 1359 cum
1541 1318 1765 1358 infinitivo.

266 1398 495 1438 Instructis
536 1398 668 1447 copiis
709 1399 800 1447 ipse
842 1398 1074 1446 imperator
1116 1397 1197 1435 sibi
1238 1396 1357 1445 eligit
1397 1396 1539 1435 locum
1580 1396 1767 1444 periculo

207 1485 406 1515 vacuum.
454 1475 599 1523 Neque
644 1474 790 1512 minus
835 1495 883 1519 ÷
930 1474 973 1511 et
1014 1473 1081 1511 est
1121 1472 1227 1510 haec
1266 1472 1336 1510 vel
1377 1471 1573 1510 maxima
1614 1482 1772 1518 scenae

207 1551 415 1590 venustas
458 1573 511 1578 —
554 1549 626 1589 illo
668 1549 825 1588 metuit
866 1549 958 1586 eius
1000 1548 1271 1586 adversarius
1304 1547 1520 1586 Chremes.
1556 1547 1624 1586 Sic
1655 1548 1769 1585 hunc

210 1625 462 1666 confirmare
493 1626 638 1665 studet
669 1625 799 1664 Thais
832 1625 930 1670 (785
964 1626 1064 1672 sq.):

327 1702 437 1741 Sane
455 1702 564 1750 quod
580 1701 658 1740 tibi
675 1711 786 1739 nunc
798 1701 864 1739 vir
876 1700 1072 1738 videatur
1090 1710 1185 1738 esse
1202 1700 1283 1748 hic,
1303 1699 1457 1738 nebulo
1474 1709 1659 1747 magnus
1678 1701 1766 1738 est:

327 1777 389 1815 Ne
419 1778 603 1816 metuas.

211 1851 304 1895 Non
345 1862 450 1901 opus
490 1852 672 1901 Bentleji
715 1852 958 1891 coniectura
989 1851 1150 1899 qui...
1189 1851 1416 1890 videtur
1448 1861 1522 1899 pro
1555 1851 1766 1898 quod...

212 1926 488 1966 videatur.
520 1927 626 1966 Vide
658 1928 792 1976 ipsius
825 1926 1007 1974 Bentleji
1039 1927 1362 1965 annotationem
1395 1927 1447 1965 ad
1479 1937 1542 1965 vs.
1580 1926 1705 1965 1064.

273 2002 472 2050 Sequitur
503 2003 601 2047 (786
634 2005 735 2050 sq.):

331 2078 381 2117 A.
416 2077 522 2126 Quid
555 2077 752 2116 videtur?
783 2078 830 2116 B.
858 2078 1053 2116 Fundam
1079 2077 1157 2115 tibi
1184 2088 1297 2116 nunc
1323 2077 1454 2115 nimis
1481 2078 1638 2116 vellem
1666 2078 1768 2126 dari,

331 2153 391 2192 Ut
416 2155 464 2192 tu
490 2153 586 2191 illos
612 2153 757 2201 procul
784 2152 883 2190 hinc
910 2162 964 2190 ex
981 2153 1146 2190 occulto
1164 2153 1384 2191 caederes:
1403 2153 1593 2191 facerent
1609 2153 1769 2201 fugam.

216 2228 398 2277 Quinam
429 2228 498 2266 1116
530 2228 858 2275 colloquuntur?
889 2227 1150 2266 Scholiasta:
1188 2228 1339 2276 „miles
1367 2229 1409 2266 et
1434 2228 1678 2276 parasitus”
1697 2212 1792 2277 aits

215 2304 340 2352 idque
381 2304 517 2352 lepide
559 2303 769 2342 defendit:
817 2302 952 2350 „Nam
983 2303 1121 2351 primo
1153 2302 1244 2351 ipse
1276 2303 1490 2351 praecedit
1521 2304 1669 2351 utpote
1701 2303 1773 2351 qui

216 2379 329 2417 dicat
370 2378 688 2427 sequimini.
726 2377 839 2416 Dum
871 2378 1051 2425 denique
1082 2378 1254 2426 propius
1286 2378 1519 2416 deventum
1550 2379 1617 2417 est
1647 2379 1773 2426 post

216 2454 499 2512 principia
524 2455 654 2493 refert
679 2454 844 2502 pedem.
873 2453 975 2491 Post
1002 2454 1089 2491 iam
1116 2453 1206 2501 ipse
1233 2453 1339 2491 nihil
1367 2454 1495 2492 audet
1516 2454 1591 2492 sed
1607 2454 1774 2502 quaerit

217 2530 444 2569 consilium
472 2529 650 2578 parasiti
683 2528 824 2576 (quid
855 2528 1140 2573 videtur?).
1168 2527 1358 2576 Denique
1384 2529 1456 2567 ubi
1483 2529 1678 2567 cominus
1705 2539 1773 2568 res

217 2606 402 2654 gerenda
432 2606 499 2643 est
524 2604 639 2643 dixit
668 2614 825 2642 mane
857 2605 900 2642 et
932 2603 1121 2642 continet
1151 2603 1374 2642 irruentes.
1409 2604 1474 2642 Ad
1505 2606 1774 2653 postremum

218 2682 381 2721 diffisus
407 2681 546 2719 nescit
571 2680 671 2728 quid
698 2681 820 2728 agat:
849 2679 901 2718 ad
918 2679 1156 2727 parasitum
1173 2681 1373 2727 spectans
1401 2680 1529 2727 quid
1557 2681 1774 2728 agimus

219 2757 397 2805 inquit.”
430 2756 553 2795 Alius
585 2765 680 2794 esse
713 2754 952 2793 Scholiasta
982 2754 1162 2803 videtur,
1196 2754 1268 2802 qui
1300 2755 1480 2793 eandem
1512 2756 1774 2795 sententiam

220 2833 407 2872 defendit
437 2833 517 2870 hoc
544 2832 818 2879 argumento:
851 2840 962 2878 „non
988 2831 1247 2869 conveniunt
1273 2830 1358 2869 ista
1383 2832 1622 2870 meretricis
1649 2833 1774 2871 dictis

221 2905 549 2966 superioribus”
592 2907 668 2944 ille
708 2907 855 2944 tamen
897 2906 1073 2944 dubitat.
1117 2907 1322 2954 Equidem
1359 2917 1443 2945 non
1479 2907 1624 2946 dubito
1657 2908 1770 2956 quin,
