2034 3334
981 255 1066 298 147

290 378 376 422 635
439 378 669 435 Morphea:
702 393 785 421 non
818 379 907 420 illic
937 379 1142 435 quisquam
1177 378 1389 421 sollertior
1421 378 1529 421 alter

435 449 652 505 Exprimit
682 451 870 492 incessus
905 449 1163 505 vultumque
1197 464 1435 506 sonumque
1468 449 1682 506 loquendi.

224 519 294 562 Sic
327 523 390 562 est
420 521 465 562 in
498 520 560 562 M.
594 518 675 563 Oui
706 519 877 562 lectioni
904 524 953 562 ut
984 534 1112 575 quam
1145 520 1413 563 simillimam
1447 521 1677 572 exhiberet,
1710 520 1816 563 Kor-

222 592 319 632 nius
351 590 421 631 illi
453 592 653 642 coniecit,
681 590 793 632 unde
820 604 962 633 merae
989 595 1221 633 nascuntur
1247 592 1454 634 tenebrae.
1490 591 1633 634 Multo
1659 591 1815 634 melius

223 661 454 703 Ehwaldus
487 675 510 703 a
544 661 879 712 „deterioribus”
914 664 1073 718 accepit
1108 662 1254 723 „illo’'.
1289 661 1447 713 Credo,
1482 664 1564 705 nisi
1591 666 1816 706 metuisset

223 746 275 774 ne
310 731 646 782 „deterioribus”
680 731 863 774 blandiri
896 733 1128 783 videretur,
1163 734 1378 789 integram
1411 748 1561 776 eorum
1587 734 1813 777 lectionem

225 802 511 845 exhibuisset:
560 803 633 844 illo
680 804 819 854 iussos,
870 817 976 859 quae
1020 803 1340 860 elegantissima
1382 808 1445 846 est
1487 804 1636 856 lectio,
1679 819 1815 861 neque

223 887 411 929 unquam
444 878 542 916 nata
574 878 707 924 esset,
742 876 823 916 nisi
855 873 1081 930 legitimus
1114 888 1207 917 eam
1240 879 1359 930 pater
1390 880 1660 930 procreasset.

289 1019 376 1062 694
399 1034 488 1076 sqq.

437 1091 530 1134 Hoc
562 1095 674 1142 erat,
708 1093 809 1143 hoc,
842 1094 984 1134 animo
1016 1092 1126 1148 quod
1159 1092 1378 1135 divinante
1412 1094 1638 1146 timebam,

435 1162 492 1204 Et
524 1176 598 1214 ne,
632 1176 700 1205 me
731 1163 923 1219 fugiens,
957 1166 1106 1205 ventos
1140 1177 1360 1219 sequerere
1391 1165 1608 1220 rogabam.

435 1233 493 1274 At
525 1236 635 1275 certe
668 1232 851 1284 vellem,
885 1235 1088 1289 quoniam
1121 1236 1358 1276 moriturus
1391 1235 1559 1286 abibas,

434 1303 508 1345 Me
541 1317 708 1359 quoque
739 1303 944 1347 duxisses.

226 1372 596 1425 Quemadmodum
630 1372 789 1417 Graece
821 1375 1012 1424 μάλιστα
1045 1374 1119 1424 μέν
1151 1377 1194 1416 in
1227 1377 1339 1418 votis
1371 1376 1653 1432 proponendis
1685 1390 1813 1419 suum

225 1445 305 1486 sibi
347 1444 381 1486 εἶ
414 1444 454 1486 δὲ
488 1445 546 1494 μή
580 1459 724 1487 secum
757 1445 912 1496 trahit,
947 1447 1006 1488 sic
1038 1445 1329 1502 hic‘Alcyone
1361 1461 1428 1498 re,
1465 1461 1594 1503 quam
1626 1450 1823 1490 maxime-

226 1516 439 1570 cupierat,
484 1520 842 1567 commemorata,
889 1516 1093 1568 alteram,
1139 1519 1283 1559 minus
1316 1518 1397 1559 sibi
1428 1522 1696 1574 exoptatam,
1732 1533 1814 1575 qua

227 1589 367 1628 tamen
396 1590 596 1629 contenta
621 1587 791 1637 fuisset,
820 1591 1042 1630 annectere
1070 1587 1193 1630 debet
1221 1576 1591 1631 coniunctionibus
1610 1594 1681 1630 aut
1697 1594 1812 1641 certe,

226 1670 309 1698 non
342 1661 385 1698 at
416 1662 528 1700 certe.
564 1656 626 1701 Cf.
662 1657 779 1709 XIII,
815 1657 924 1701 152:

1015 1730 1102 1772 Nec
1134 1731 1355 1786 sanguinis
1386 1730 1508 1781 ordo,

436 1798 518 1840 Sed
550 1800 724 1841 virtutis
755 1799 887 1842 honor
919 1799 1067 1856 spoliis
1099 1804 1328 1856 quaeratur
1358 1802 1403 1842 in
1434 1803 1543 1844 istis.

435 1869 524 1910 Aut
555 1871 591 1910 si
623 1871 875 1924 proximitas
906 1872 1154 1926 primusque
1187 1873 1419 1927 requiritur
1449 1872 1592 1923 heres,

434 1938 512 1980 Est
542 1941 711 1995 genitor
742 1939 918 1991 Peleus,
952 1945 1015 1983 est
1046 1941 1240 1997 Pyrrhus
1274 1941 1388 1984 filius
1419 1942 1507 1993 illi,

434 2008 538 2060 Quis
566 2008 685 2052 locus
717 2009 863 2052 Aiaci?

287 2147 372 2191 697
391 2163 478 2204 sqq.
512 2149 756 2191 Lamentari
789 2151 847 2192 sic
882 2149 1072 2206 Alcyone
1103 2152 1264 2207 pergit:

902 2220 1079 2261 Multum
1110 2221 1193 2262 fuit
1227 2221 1332 2264 utile
1366 2225 1508 2264 tecum

436 2289 502 2331 Ire
535 2289 667 2330 mihi:
701 2303 836 2345 neque
868 2291 983 2331 enim
1017 2290 1067 2332 de
1102 2292 1214 2333 vitae
1248 2296 1437 2347 tempore
1470 2293 1703 2349 quidquam

435 2359 529 2402 Non
563 2359 695 2401 simul
727 2361 932 2416 egissem,
966 2375 1041 2403 nec
1073 2375 1186 2403 mors
1218 2362 1399 2404 discreta
1431 2363 1595 2405 fuisset.

227 2429 421 2471 Difficilis
452 2433 516 2472 est
542 2432 656 2486 optio
682 2434 831 2472 utrum
858 2445 956 2472 cum
984 2441 1009 2472 λ
1036 2430 1154 2487 legas
1182 2435 1354 2482 „tecum
1381 2433 1463 2475 fuit
1490 2433 1598 2476 utile
1625 2435 1813 2486 tecum”,

227 2514 279 2541 an
310 2514 410 2541 cum
443 2516 460 2541 ε
495 2500 606 2550 „fuit
637 2500 716 2543 hoc
748 2501 831 2542 fuit
863 2500 970 2543 utile
1003 2502 1191 2552 tecum'',
1223 2516 1275 2544 an
1308 2502 1488 2558 denique
1520 2518 1619 2546 cum
1645 2505 1811 2548 Riesio:

207 2574 355 2621 '„tum
400 2574 492 2612 tum
535 2570 618 2612 fuit
649 2569 755 2612 utile
786 2571 973 2621 tecum’',
1007 2573 1050 2613 in
1084 2573 1282 2615 omnibus
1315 2575 1428 2616 enim
1461 2575 1527 2616 his
1558 2574 1813 2618 lectionibus

227 2644 291 2682 est
332 2640 377 2681 id
418 2640 527 2695 quod
572 2645 660 2682 tam
703 2643 874 2697 egregie
917 2641 1222 2684 lamentantem
1257 2643 1422 2686 deceat:
1458 2646 1586 2687 unius
1619 2645 1814 2688 vocabuli

227 2712 436 2765 repetitio.
481 2710 630 2752 Nescio
673 2714 815 2753 tamen
849 2725 900 2753 an
933 2713 1126 2754 omnium
1161 2715 1348 2755 maxime
1380 2715 1555 2769 probem
1587 2715 1813 2758 lectionem

227 2780 384 2822 codicis
417 2796 448 2830 ε,
483 2795 582 2822 nam
616 2781 717 2836 quid
748 2783 890 2836 potius
922 2786 1140 2837 repetatur
1172 2797 1300 2838 quam
1327 2785 1506 2826 verbum
1525 2786 1623 2841 fuit
1646 2787 1721 2828 ubi
1747 2801 1813 2829 res

227 2850 485 2893 incredibilis
528 2853 801 2907 proponitur:
835 2852 935 2893 utile
966 2853 1096 2895 fuisse
1127 2868 1224 2895 cum
1257 2867 1305 2896 eo
1337 2856 1397 2897 ire
1431 2857 1504 2911 qui
1535 2857 1812 2913 naufragium

229 2919 355 2962 fecit?
399 2920 478 2963 Sed
521 2926 563 2963 et
604 2921 757 2963 alteras
795 2924 1068 2977 repetitiones
1100 2926 1223 2979 aequi
1257 2925 1438 2980 bonique
1470 2926 1656 2977 consulo,
1691 2927 1813 2970 dum-

230 2990 353 3032 modo
386 2991 602 3033 Marciano
634 3006 760 3034 suum
793 2993 873 3034 sibi
905 2994 1068 3034 multum
1100 2994 1377 3050 relinquatur.
