2034 3334
907 351 991 393 135

205 479 347 535 ipsum
398 480 564 534 poe‘tam
611 476 810 519 Latinum
856 476 1052 532 peritum,
1098 476 1191 518 sani
1237 475 1398 530 iudicii,
1444 474 1692 530 elegantem,

206 554 390 610 denique
434 554 576 595 virum
618 553 756 608 qualis
787 551 1004 594 Lucianus
1031 551 1211 594 Mueller
1241 554 1317 606 est,
1349 551 1425 606 qui
1455 552 1692 606 priscorum

205 630 449 686 praesertim
492 629 664 671 illorum
702 629 891 670 virorum
923 640 1000 684 ope
1030 627 1298 683 Propertium
1330 626 1453 669 nobis
1485 625 1695 681 exhibeat,

205 708 380 762 tersum,
433 705 611 747 maculis
657 704 853 760 liberum,
899 704 1195 760 perspicuum:
1244 703 1340 746 talis
1388 703 1500 745 enim
1548 702 1697 758 editor,

207 783 372 838 quoties
417 783 463 824 in
510 782 681 838 vulgata
724 781 904 824 lectione
949 781 1162 836 acquiesci
1203 793 1288 822 non
1332 783 1483 835 potest,
1525 792 1581 821 ex
1622 779 1697 822 illa

207 860 498 915 suspicionum
544 858 755 914 farragine
800 871 964 913 semper
1004 858 1049 900 id
1088 857 1213 913 eliget
1257 857 1372 913 quod
1414 857 1623 912 optimum
1655 858 1695 898 et

207 936 264 978 sit
309 938 350 977 et
387 936 469 990 ipsi
510 935 713 978 videatur.
756 934 825 977 Sic
867 947 1016 977 versus
1057 933 1181 976 nobis
1223 932 1440 989 praebebit
1482 945 1505 975 e
1538 931 1696 988 quibus

207 1011 453 1067 Propertius
484 1024 583 1054 vere
615 1012 813 1067 cognosci
843 1011 988 1066 possit,
1021 1023 1107 1053 non
1139 1010 1254 1066 quod
1286 1010 1339 1052 ad
1369 1009 1535 1052 literam
1565 1009 1626 1050 sic
1643 1007 1694 1050 ab

209 1087 282 1129 illo
313 1088 518 1143 scriptum
554 1087 686 1130 fuisse
715 1088 919 1143 praestari
950 1087 1038 1129 ullo
1072 1086 1197 1128 modo
1228 1087 1361 1142 possit
1394 1110 1448 1116 --
1482 1098 1697 1140 nusquam

211 1162 328 1205 adest
370 1175 419 1205 ea
459 1161 697 1214 πειθαινάγκη
731 1188 786 1193 -
818 1163 891 1206 sed
935 1163 1187 1205 sententiam
1221 1161 1482 1216 habebimus,
1516 1173 1626 1216 quae
1658 1163 1699 1202 et

211 1239 364 1282 vicinis
412 1239 606 1282 versibus
651 1238 816 1295 egregie
863 1240 1089 1282 conveniat
1137 1242 1179 1281 et
1224 1251 1371 1280 revera
1418 1250 1441 1280 e
1487 1237 1699 1292 Propertii

214 1317 352 1357 mente
381 1314 559 1357 fluxisse
590 1315 794 1357 videatur.
823 1314 1046 1357 Eiusmodi
1073 1317 1216 1357 autem
1243 1327 1394 1357 versus
1413 1313 1548 1356 multo
1566 1313 1702 1368 digni-

213 1402 306 1433 ores
351 1394 453 1433 sunt
499 1392 574 1447 qui
613 1392 810 1448 legantur
851 1405 979 1448 quam
1025 1391 1192 1434 infinita
1235 1391 1500 1445 mendorum,
1542 1389 1700 1446 quibus

211 1466 376 1510 codices
422 1471 596 1524 scatent,
644 1470 774 1524 copia.
821 1468 900 1510 Illa
943 1471 1086 1511 tamen
1127 1467 1367 1510 incredibili
1409 1467 1627 1523 diligentia
1657 1469 1699 1509 et

212 1542 433 1586 sedulitate
491 1544 682 1599 undique
733 1545 941 1600 colligunt
987 1545 1068 1586 viri
1115 1544 1238 1600 docti,
1286 1544 1338 1587 de
1384 1543 1698 1586 venustissimis

210 1617 423 1675 Scaligeri,
467 1619 650 1675 Heinsii,
694 1620 935 1663 Burmanni
982 1622 1238 1664 coniecturis
1286 1621 1422 1663 altum
1469 1632 1594 1676 saepe
1635 1622 1699 1662 est

211 1694 439 1739 silentium.
480 1695 562 1739 Sed
602 1697 705 1740 haec
735 1698 898 1753 precari
930 1698 1103 1753 quidem
1132 1710 1321 1753 possum,
1352 1697 1437 1739 illis
1471 1698 1547 1752 qui
1578 1696 1700 1738 aliter

212 1775 387 1814 censent
429 1772 607 1828 probare
647 1786 734 1815 non
775 1786 963 1829 possum.
1004 1773 1102 1816 Non
1134 1777 1276 1816 tamen
1306 1785 1482 1829 prorsus
1513 1773 1699 1828 ineptam

210 1859 347 1890 meam
364 1860 456 1891 esse
473 1850 726 1892 sententiam
743 1850 1032 1893 demonstrare
1050 1849 1252 1892 conabor:
1271 1862 1429 1905 paucas
1448 1849 1561 1891 enim
1575 1861 1701 1904 quas-

211 1923 308 1965 dam
338 1937 569 1980 proponam
601 1929 796 1968 veterum
827 1927 1105 1981 coniecturas,
1133 1939 1240 1982 quas
1265 1926 1424 1968 iniuria
1441 1928 1514 1968 aut
1529 1925 1702 1981 negligi,

210 2003 286 2042 aut
330 2002 623 2044 tantummodo
668 2004 715 2044 in
761 2002 1107 2045 annotationibus
1154 2003 1476 2045 commemorari
1517 2004 1558 2044 et
1600 2002 1705 2044 mihi

210 2088 286 2131 pro
312 2079 425 2119 certo
453 2081 616 2121 constet
642 2081 684 2121 et
709 2079 971 2135 argumentis
987 2079 1152 2121 idoneis
1169 2078 1339 2134 probari
1355 2091 1479 2134 posse
1495 2078 1702 2120 videatur.

271 2151 304 2207 Ι,
335 2152 399 2208 sb,
430 2154 498 2195 43.
528 2154 809 2210 Aliquamdiu
839 2155 1110 2198 vehementer
1140 2155 1292 2198 metuit
1323 2167 1376 2197 ne
1411 2154 1592 2208 Cynthia
1624 2167 1705 2196 sua

213 2241 313 2271 cum
358 2229 488 2272 divite
530 2231 712 2286 quodam
755 2231 879 2273 rivali
920 2231 1178 2287 longinquas
1220 2232 1320 2273 navi
1351 2234 1466 2287 petat
1495 2232 1700 2286 regiones.

212 2304 295 2347 Sed
339 2306 508 2349 inanem
554 2307 677 2349 illum
725 2307 858 2350 fuisse
903 2310 1062 2350 metum
1105 2310 1254 2363 'postea
1295 2308 1516 2363 cognovit:
1564 2320 1704 2362 neque

213 2382 327 2423 enim
358 2385 505 2437 poetae
535 2395 679 2438 preces
711 2387 936 2439 aspernata
967 2386 1031 2426 est
1062 2387 1104 2426 et
1132 2384 1354 2439 locupletis
1385 2383 1501 2426 illius
1533 2383 1703 2426 divitias

212 2470 312 2512 prae
356 2457 493 2501 fidelis
534 2460 734 2501 amatoris
775 2459 1036 2502 carminibus
1077 2462 1345 2502 contemnere
1385 2471 1430 2501 se
1463 2459 1702 2502 declaravit.

214 2531 381 2583 Quanto
420 2547 527 2590 ,ergo
574 2535 761 2577 exsultat
801 2535 958 2590 gaudio
999 2535 1259 2591 Propertius,
1303 2548 1431 2590 quam
1472 2535 1703 2590 gloriatur3

218 2610 389 2666 regibus
435 2614 562 2666 atque
608 2611 803 2664 tyrannis
848 2610 929 2653 sibi
975 2610 1144 2652 divitior
1191 2614 1232 2653 et
1271 2611 1482 2666 potentior
1524 2611 1704 2654 videtur.

224 2685 376 2741 „Nunc
409 2686 540 2729 mihi''
573 2687 783 2730 exclamat

335 2762 465 2805 Nunc
497 2763 600 2805 mihi
631 2776 799 2805 summa
829 2762 927 2805 licet
957 2763 1199 2818 contingere
1231 2763 1369 2806 sidera
1394 2764 1574 2819 plantis:

395 2838 494 2881 Sive
525 2839 614 2881 dies
646 2851 722 2881 seu
753 2851 841 2880 nox
874 2839 1050 2894 venerit,
1081 2839 1154 2881 illa
1185 2842 1328 2882 meast.
