2034 3334
195 562 272 601 pas
313 552 541 601 possible.’'
585 551 707 591 Certe
749 553 854 591 haec
895 553 1110 591 sententia
1151 552 1378 602 aptissima
1408 552 1508 591 huic
1537 553 1629 592 loco
1662 553 1750 600 est;
1821 604 1832 620 ³

194 628 269 666 sed
321 638 471 667 vereor
517 630 566 667 ut
613 639 667 667 ex
715 628 857 667 verb-is
903 628 1073 667 traditis
1120 628 1214 668 elici
1261 629 1334 668 illa
1380 629 1527 678 possit,
1576 629 1754 677 vitiique
1819 571 1865 669 7

194 702 353 752 aliquid
385 704 518 743 latere
550 704 619 743 hic
650 705 854 754 suspicor.
1837 687 1845 695 .

253 779 443 819 Tandem
486 780 712 829 aliquando
753 782 851 830 post
891 782 1067 830 longum
1105 782 1184 820 1100
1216 781 1490 830 soliloquium
1522 782 1584 820 sic
1615 782 1755 820 semet

194 855 336 904 ipsum
368 855 612 905 interpellat
644 856 811 895 Gnatho
845 859 921 903 (vs.
957 858 1040 896 265
1074 860 1202 906 sqq.):

1171 933 1252 971 Sed
1286 943 1362 981 ego
1396 943 1515 972 cesso

283 1006 348 1045 Ad
381 1007 588 1046 Thaidem
621 1008 731 1047 113110
762 1009 968 1048 deducere
1001 1010 1043 1048 et
1074 1019 1223 1058 rogare
1256 1010 1308 1047 ad
1341 1019 1492 1048 cenam
1519 1010 1568 1048 ut
1592 1009 1750 1048 veniat.

284 1082 364 1120 Sed
396 1082 709 1122 Parmenonem
741 1085 840 1123 ante
873 1084 1033 1123 ostium
1066 1084 1239 1123 Thaidis
1270 1084 1443 1123 tristem
1476 1084 1600 1123 video

281 1157 446 1196 Rivalis
473 1168 671 1196 servum:
700 1159 822 1197 salva
838 1170 907 1198 res
925 1161 1012 1198 est:
1032 1159 1238 1198 nimirum
1255 1160 1349 1199 hice
1366 1160 1564 1199 homines
1580 1160 1750 1209 frigent.

250 1233 322 1271 Vs.
354 1234 435 1272 267
464 1244 669 1273 111311011111
696 1244 791 1274 0000
815 1236 1097 1284 claudumque
1124 1246 1237 1275 nunc
1263 1236 1406 1275 sciunt
1432 1246 1595 1275 omnes.
1620 1235 1752 1274 Morbi

190 1308 337 1347 sedem
379 1310 422 1348 et
463 1310 672 1358 originem
713 1310 878 1359 primus
920 1311 1140 1359 Bentlejus
1181 1311 1413 1360 perspexit.
1452 1312 1623 1350 Etenim
1654 1313 1752 1361 post

190 1383 293 1422 illud
335 1385 397 1423 ad
440 1385 706 1425 Thaidem
749 1387 955 1426 iteratum
997 1387 1171 1426 Thaidis
1213 1397 1371 1427 nomen
1406 1388 1483 1426 vix
1515 1389 1559 1427 et
1590 1398 1643 1427 ne
1674 1387 1751 1426 vix

189 1459 362 1507 quidem
393 1460 493 1499 ferri
525 1462 680 1510 potest.
714 1462 1035 1502 Venustissima
1063 1464 1209 1502 autem
1243 1464 1309 1502 est
1340 1463 1522 1511 Bentleji
1554 1464 1703 1503 lectio:

307 1536 387 1574 Sed
420 1537 733 1576 Parmenonem
766 1539 865 1577 ante
897 1538 1058 1577 ostium
1090 1539 1271 1588 opperiri
1303 1539 1475 1578 tristem
1507 1540 1643 1579 video.

190 1610 325 1659 Quam
368 1612 513 1660 quidni
556 1613 598 1651 in
640 1615 812 1653 textum
854 1614 1145 1663 recipiamus?
1181 1615 1353 1654 Etenim
1385 1615 1486 1663 quin
1518 1615 1750 1663 repetitum

190 1685 363 1725 Thaidis
410 1698 566 1727 nomen
614 1689 800 1742 aliquem
844 1689 1106 1729 infinitivum
1150 1701 1227 1729 suo
1269 1691 1360 1730 1000
1404 1691 1614 1739 depulerit
1656 1691 1750 1739 quis

188 1761 380 1801 dubitare
422 1765 596 1812 potest?
637 1765 690 1803 Et
731 1765 891 1805 iniusto
931 1776 1180 1815 possessore
1217 1766 1380 1806 deiecto
1413 1767 1511 1815 quid
1545 1768 1637 1805 tam
1670 1767 1748 1806 010-

187 1838 338 1884 ganter
368 1838 510 1878 locum
541 1850 727 1879 vacuum
759 1842 910 1890 implet
942 1852 1072 1890 quam
1103 1842 1246 1891 ipsum
1279 1842 1382 1880 illud
1416 1842 1699 1891 opperiri?

247 1912 433 1951 Tristem
475 1924 570 1953 esse
601 1915 915 1955 Parmenonem
945 1927 1052 1956 mox
1084 1918 1278 1966 agnoscit
1310 1917 1478 1956 Gnatho
1511 1919 1554 1956 01
1586 1928 1659 1956 cur
1691 1917 1750 1956 sit

187 1987 318 2025 simul
363 1990 575 2037 perspicit.
624 1991 866 2039 Alloquitur
912 2003 1011 2041 ergo
1060 1994 1293 2043 hominem,
1343 1994 1517 2043 deridet,
1566 1993 1747 2032 ludibrio

187 2064 327 2103 habet.
371 2064 435 2102 Ex
476 2065 694 2115 colloquio,
739 2068 848 2115 quod
890 2067 1001 2106 inter
1043 2078 1117 2107 eos
1153 2067 1212 2118 fit,
1247 2079 1382 2118 pauca
1414 2069 1624 2117 quaedam
1655 2078 1746 2117 pro-

187 2139 359 2178 traham
390 2149 509 2189 quae,
543 2141 702 2188 partim
735 2141 997 2182 Scholiastae
1030 2153 1119 2192 ope,
1154 2143 1379 2183 illustrem.

245 2225 309 2254 vs.
341 2215 424 2254 273
452 2225 514 2263 sq.
544 2215 711 2255 Gnatho
738 2218 882 2266 rogat:
910 2218 1036 2267 „quid
1052 2219 1130 2258 tibi
1148 2219 1318 2258 videtur
1334 2220 1414 2259 hoc
1429 2220 1744 2268 mancipium?'’
1773 2198 1869 2269 ſsim:

187 2289 267 2329 Hic
307 2292 650 2341 mancipium
691 2292 899 2345 εἰρωνικῶς
943 2294 1106 2334 dictum
1149 2297 1238 2335 est:
1272 2296 1459 2344 loquitur
1491 2297 1606 2335 enim
1637 2297 1743 2335 tam·
1783 2295 2006 2333 tuae-'mnf

187 2375 316 2412 quam
348 2366 399 2404 de
431 2367 585 2405 anema
617 2367 703 2407 vfli.
1784 2366 1838 2398 τέ
1867 2355 2017 2399 '‘t“'ff

244 2451 308 2479 vs.
344 2441 450 2480 274:

224 2542 238 2554 «.
427 2517 574 2566 „Nunc
605 2518 828 2566 gloriaris”
861 2506 1071 2560 Parmeno
1104 2521 1176 2560 ait.
1214 2522 1332 2571 „Scis
1365 2523 1480 2562 enim

243 2601 307 2630 vs.
344 2592 451 2631 276:

273 2667 441 2706 Eiectos
473 2667 572 2707 hinc
602 2679 692 2718 nos,
727 2669 920 2708 omnium
953 2681 1109 2721 rerum,
1143 2672 1262 2722 heus,
1297 2673 1546 2713 vicissitudo
1579 2675 1687 2713 est.”

187 2742 534 2781 Interiectionem
565 2743 702 2782 heus
728 2745 1004 2792 praemittere
1032 2747 1099 2784 est
1125 2748 1386 2786 sententiam
1413 2750 1740 2797 pronuntiaturi.

187 2816 402 2856 Admonet
434 2818 502 2856 1110
534 2828 611 2856 nos
645 2819 883 2858 Scholiasta
915 2831 1043 2868 quam
1075 2822 1181 2861 bene
1214 2823 1423 2862 Parmeno
1455 2834 1532 2863 suo
1564 2835 1741 2864 munere

184 2891 388 2940 fungatur
430 2893 686 2941 Thaidisque
729 2895 955 2933 consilium
988 2896 1108 2935 celet.
1142 2897 1301 2936 Eodem
1332 2899 1517 2947 pertinet
1548 2899 1740 2939 eiusdem

189 2967 407 3006 annotatio
439 2968 492 3006 ad
524 2979 586 3007 vs.
622 2969 718 3019 282,
752 2970 824 3008 11101
854 2970 1086 3010 Parmeno:
