2034 3334
1039 348 1153 390 74*

322 473 583 532 §.QLSQBJ
625 473 833 518 Horatius
874 476 1081 518 lectorum
1125 475 1327 520 manibus
1369 478 1578 521 tereretur
1609 479 1659 521 ut
1689 478 1833 535 potius

317 551 540 608 neglectus
571 551 738 595 iaceret.
771 551 901 596 Nunc
931 552 1020 596 fere
1047 553 1308 596 eontrarium
1338 554 1446 597 viris
1473 554 1610 597 doctis
1636 554 1832 599 videtur:

319 629 366 671 in
417 629 570 685 quavis
619 630 732 672 enim
781 631 835 673 de
874 625 1057 673 Horatii*
1091 631 1461 687 commentatione,
1502 633 1547 674 in
1590 633 1748 688 quovis
1780 632 1834 675 de

319 706 455 749 literis
503 705 710 750 Romanis
752 706 862 750 libro
905 708 1106 764 aequales
1150 721 1445 765 supparesque
1475 707 1655 752 Horatio
1685 712 1833 766 poetas

318 782 560 826 innumeris
602 784 911 840 propemodum
955 784 1164 828 librorum
1209 799 1388 829 suorum
1429 786 1536 829 locis
1576 786 1700 830 illum
1733 790 1833 832 ante

319 860 467 903 oculos
499 860 703 904 habuisse
734 861 930 918 legimus.
965 861 1085 913 Quae
1119 876 1381 920 quamquam
1418 865 1631 907 sententia
1662 876 1688 907 a
1714 878 1832 908 sum-

321 937 403 980 mis
434 937 480 980 in
513 941 659 981 nostra
691 942 781 982 arte
811 940 918 982 viris
950 939 1130 983 firmiter
1163 940 1334 983 defendi
1366 940 1486 996 solet,
1511 943 1655 984 tamen
1680 940 1834 985 Meier-

318 1017 508 1057 ottonem
540 1015 677 1058 multo
709 1017 887 1072 propius
919 1029 943 1059 a
974 1029 1078 1059 vero
1109 1016 1271 1060 afuisse
1303 1029 1457 1060 censeo
1490 1020 1620 1074 atque
1651 1017 1836 1061 declaro.

317 1091 418 1134 Iure
449 1105 549 1148 ergo
584 1107 609 1135 a
640 1105 709 1136 me
741 1093 922 1136 lectores
954 1094 1176 1150 postulant
1207 1098 1256 1137 ut
1288 1095 1400 1137 hanc
1433 1095 1683 1151 opinionem
1710 1108 1832 1153 argu-

320 1169 476 1211 mentis
509 1168 735 1224 stabiliam,
768 1170 843 1213 sed
876 1183 1061 1226 magnus
1093 1171 1188 1214 eius
1218 1173 1281 1214 rei
1309 1175 1375 1214 est
1401 1171 1590 1215 ambitus
1619 1172 1837 1229 et‘longus

323 1246 598 1303 difficilisque
630 1246 762 1289 labor.
793 1246 845 1289 In
878 1252 1020 1303 partes
1046 1248 1180 1303 igitur
1206 1248 1371 1304 aliquot
1390 1249 1588 1292 materies
1605 1248 1836 1292 dividenda

320 1323 426 1365 mihi
468 1327 554 1377 est;
593 1323 646 1366 de
678 1324 863 1379 singulis
895 1325 1145 1380 singulatim
1180 1324 1333 1380 dicam,
1364 1325 1576 1368 lectorum
1609 1326 1834 1371 commodo

319 1404 531 1456 quantum
563 1405 709 1457 potero
743 1401 977 1443 consulam.
1009 1401 1155 1457 Atque
1185 1402 1357 1444 initium
1390 1401 1545 1445 faciam
1578 1416 1602 1446 a
1634 1402 1833 1460 Virgilio,

320 1490 448 1533 quem
483 1477 736 1533 iampridem
768 1479 863 1520 viri.
891 1477 1001 1520 docti
1037 1479 1112 1534 qui
1144 1479 1255 1521 hanc
1287 1480 1580 1534 quaestionem
1613 1475 1832 1524 illustrare

319 1555 461 1596 conati
493 1558 596 1597 sunt
626 1556 671 1596 in
703 1558 845 1611 partes
876 1558 1097 1598 vocarunt.

379 1631 516 1674 Primi
572 1631 741 1675 Horatii
798 1633 982 1676 editores
1040 1633 1190 1676 sedulo
1246 1633 1419 1690 Virgilii
1475 1635 1593 1678 locos
1639 1635 1832 1680 adduxe-

319 1712 422 1751 runt
469 1708 629 1764 quibus
670 1708 877 1752 Horatius
917 1710 1125 1752 illustrari
1156 1714 1324 1766 posset;
1359 1711 1581 1768 diligentia
1611 1713 1832 1769 superavit

319 1787 484 1842 priores
531 1799 681 1829 omnes
728 1786 965 1842 Bentleius,
1007 1787 1061 1830 ad
1104 1789 1359 1830 sententiam
1393 1802 1514 1831 suam
1550 1789 1602 1832 de
1633 1789 1831 1833 versibus

321 1863 574 1906 adulterinis
616 1863 914 1906 stabiliendam
949 1864 1132 1924 illorum
1174 1878 1198 1907 a
1239 1864 1422 1921 Virgilio
1463 1865 1698 1922 praebitam
1738 1879 1832 1910 esse

321 1940 541 1997 materiem
576 1953 703 1996 saepe
733 1953 864 1984 versu
897 1941 1042 1997 aliquo
1076 1941 1202 1984 allato
1234 1941 1455 1985 contendit
1482 1934 1830 2000 Peerlkampiu83

320 2020 536 2073 postremo
586 2017 798 2073 quidquid
843 2018 910 2075 {Ei
935 2030 1111 2061 censum
1156 2019 1303 2061 venire
1333 2022 1479 2075 posset
1510 2021 1832 2064 accuratissime

321 2093 491 2149 collegit
538 2093 757 2137 Henricus
810 2093 1006 2138 Diintzer
1050 2095 1093 2137 in
1143 2094 1410 2139 Fleckeiseni
1454 2096 1701 2140 Annalibus
1747 2098 1829 2140 vol.

320 2170 481 2226 XCIX,
510 2185 549 2227 p.
584 2171 670 2213 313
703 2185 796 2228 sqq.
830 2171 916 2223 Qui
949 2172 1050 2215 licet
1079 2172 1296 2216 interdum
1330 2174 1492 2216 nimius
1517 2174 1659 2230 fuerit,
1685 2177 1830 2219 tamen

319 2247 549 2291 Horatium
595 2249 807 2305 permulta
847 2248 1030 2306 Virgilio
1073 2249 1227 2293 debere
1270 2251 1369 2307 quis
1409 2251 1568 2308 neget?
1602 2250 1709 2303 Quis
1739 2264 1828 2295 non

320 2325 413 2368 viro
445 2325 569 2368 docto
601 2326 678 2382 qui
708 2326 782 2368 illa
813 2327 957 2369 omnia
988 2325 1070 2369 sub
1102 2340 1245 2370 unum
1273 2327 1436 2370 dederit
1462 2331 1740 2384 conspectum
1772 2341 1830 2372 ex

320 2403 454 2444 animi
501 2403 713 2445 sententia
757 2403 917 2459 gratias
961 2403 1090 2459 agat?
1131 2402 1195 2445 Eo
1239 2406 1383 2446 autem
1415 2416 1504 2446 non
1537 2405 1725 2447 contenti
1756 2404 1830 2446 alii

321 2478 428 2521 duas
473 2480 651 2535 insuper
696 2492 764 2523 res
808 2480 1106 2536 excogitarunt
1148 2482 1195 2522 in
1239 2479 1399 2536 quibus
1432 2493 1580 2524 omnes
1611 2480 1830 2524 doctrinae

320 2556 621 2611 acuminisque
667 2557 736 2599 sui
782 2557 892 2599 vires
935 2557 1203 2599 collocarent.
1238 2556 1354 2608 Quas
1387 2570 1649 2613 quamquam
1682 2557 1832 2602 multis

319 2632 404 2673 iam
445 2631 694 2687 probarunt,
731 2632 836 2675 mihi
870 2633 978 2675 nihil
1008 2646 1203 2689 unquam
1235 2635 1372 2690 magis
1404 2632 1655 2676 incredibile
1686 2634 1830 2677 visum

320 2711 394 2749 est.
444 2707 697 2750 Cuiusmodi
740 2710 827 2752 sint
858 2710 943 2752 iam
977 2723 1201 2766 exponam.
1235 2711 1355 2754 Inter
1384 2710 1558 2766 Virgilii
1590 2709 1829 2770 Georgicon

321 2783 454 2825 libros
486 2796 634 2826 omnes
667 2788 709 2827 et
739 2786 919 2841 primam
952 2785 1121 2829 Horatii
1151 2786 1279 2843 primi
1305 2786 1404 2829 libri
1431 2787 1603 2829 satiram
1620 2786 1829 2829 rationem

324 2849 539 2916 quandam
573 2849 842 2905 intercedere
862 2856 1073 2919 statuunt,
1106 2863 1237 2920 ducti,
1268 2864 1315 2905 ni
1343 2862 1480 2918 fallor,
1504 2863 1585 2905 hoc
1611 2875 1764 2907 versu:

1898 1372 2020 1507 705

2022 2107 2034 2150 ἐ
