2034 3334
780 1034 1004 1086 CAPUT
1042 1035 1365 1087 TERTIUM.

381 1403 459 1458 „In
507 1405 658 1449 eiusne
707 1417 808 1462 ergo
851 1403 1144 1447 carminibus’'
1187 1405 1248 1447 ita
1278 1405 1363 1447 iam
1395 1418 1482 1447 non
1510 1405 1603 1448 sine
1630 1403 1826 1461 indigna-

315 1482 433 1524 tione
477 1482 659 1538 quadam
702 1481 1049 1538 interpellaturos
1092 1482 1242 1538 opinor
1274 1481 1453 1524 lectores
1484 1481 1716 1525 nonnullos
1751 1484 1825 1536 „tu

315 1561 378 1600 tot
425 1562 512 1601 tam
555 1560 705 1615 gravia
747 1557 825 1601 tibi
859 1558 1175 1614 deprehendere
1205 1559 1330 1602 visus
1364 1572 1410 1602 es
1442 1559 1558 1614 vitia,
1589 1571 1747 1602 eumne
1777 1562 1826 1602 tu

316 1634 647 1678 versificatorem
681 1636 825 1691 potius
853 1648 983 1691 quam
1014 1638 1180 1691 poetam
1198 1635 1498 1692 appellandum
1517 1648 1680 1690 censes,
1696 1648 1825 1692 quem

316 1723 403 1753 non
451 1711 590 1754 solum
640 1712 868 1767 sequentia
915 1711 1138 1754 hominum
1187 1712 1357 1755 saecula
1402 1712 1567 1755 ardenti
1614 1711 1827 1755 coluerint

314 1786 472 1842 favore,
522 1787 596 1830 sed
640 1789 767 1830 etiam
802 1787 1016 1844 aequales,
1047 1789 1200 1844 optimi
1231 1788 1282 1831 de
1313 1789 1449 1844 poetis
1480 1788 1656 1843 iudices,
1687 1792 1826 1832 tanto-

315 1877 415 1920 pere
462 1865 548 1907 sint
596 1864 787 1907 admirati
839 1868 887 1907 ut
935 1865 1126 1908 certatim
1171 1869 1392 1921 tamquam
1434 1865 1639 1908 flosculos
1681 1864 1734 1907 ab
1774 1877 1824 1908 eo
2027 1913 2034 1924 ⁴

316 1945 535 1984 sumerent
583 1941 741 1997 quibus
787 1942 921 1985 libros
969 1955 1071 1985 suos
1121 1947 1379 1986 exornarent
1392 1942 1441 1984 ?'’
1487 1942 1585 1985 Non
1629 1955 1697 1986 me
1737 1946 1825 1986 tam
2026 1941 2034 1995 1

315 2019 466 2074 inique
514 2018 566 2061 de
613 2018 792 2061 Horatio
837 2019 1030 2061 iudicare
1073 2032 1205 2075 quam
1250 2033 1368 2062 nunc
1400 2021 1528 2062 etiam
1560 2019 1697 2062 videri
1725 2032 1824 2076 pos·
2026 2011 2034 2075 ᾖ

316 2095 396 2137 sim
438 2098 583 2150 postea
631 2095 864 2151 apparebit,
909 2096 983 2138 sed
1026 2096 1192 2138 etiamsi
1236 2100 1367 2139 totam
1401 2098 1495 2140 eius
1526 2097 1690 2153 poesim
1723 2109 1824 2140 con·

315 2170 599 2213 demnandam
644 2184 876 2226 censerem,
918 2173 1000 2215 isto
1044 2176 1168 2227 certe,
1196 2174 1311 2228 quod
1344 2187 1400 2216 ex
1433 2174 1679 2229 aequalium
1710 2173 1823 2216 iudi·
1868 2158 2034 2258 sylas?

315 2249 381 2289 cio
424 2249 597 2303 petitur,
645 2253 897 2304 argumento
946 2249 998 2291 de
1047 2251 1259 2292 sententia
1300 2263 1387 2292 non
1432 2251 1674 2307 depellerer.
1708 2249 1823 2301 Quid
1835 2224 2034 2322 {5421}

315 2325 431 2379 quod
488 2326 572 2366 nisi
634 2325 783 2367 sedulo
841 2327 1125 2368 recentiorum
1176 2327 1227 2369 de
1275 2326 1454 2369 Horatio
1501 2326 1822 2370 lucubrationes
2025 2323 2034 2378 vl

313 2401 798 2462 pervolvissem„haud
852 2415 1043 2457 unquam
1092 2402 1199 2445 illud
1247 2407 1395 2445 contra
1442 2417 1510 2446 me
1557 2403 1732 2446 allatum
1765 2404 1821 2446 iri
2026 2380 2034 2434 1

313 2479 684 2532 exspectavissem.
744 2477 852 2520 Nam
913 2478 1097 2520 multum
1161 2480 1334 2534 quidem
1381 2481 1426 2522 in
1476 2481 1611 2536 poetis
1655 2479 1819 2522 Latinis

315 2566 665 2609 consumpseram
723 2555 926 2609 temporis
985 2559 1026 2597 et
1074 2559 1236 2610 partem
1285 2569 1432 2598 eorum
1482 2555 1596 2598 haud
1642 2568 1818 2611 parvam

314 2629 510 2672 tenebam
560 2631 776 2683 memoria,
825 2644 1047 2686 nunquam
1096 2636 1238 2675 tamen
1273 2658 1327 2663 —-
1353 2646 1417 2675 -ne
1464 2633 1568 2688 quid
1615 2632 1818 2676 dissimu-

312 2706 396 2747 lem
447 2730 501 2735 —
551 2707 664 2761 apud
727 2707 864 2748 ullum
922 2708 1172 2763 Augusteae
1229 2711 1380 2752 aetatis
1426 2712 1594 2764 poetam
1642 2722 1815 2752 versum

311 2782 559 2823 inveneram
602 2795 730 2836 quem
774 2782 827 2824 ad
864 2782 1093 2826 Horatium
1125 2788 1344 2840 tamquam
1377 2785 1430 2827 ad
1461 2789 1677 2827 auctorem
1710 2785 1815 2829 refe·

312 2857 494 2900 rendum
543 2860 755 2901 sentirem.
806 2858 969 2910 Quodsi
1009 2860 1117 2903 forte
1159 2861 1315 2918 aliquis
1358 2861 1500 2903 Ovidii
1541 2861 1812 2918 potissimum
