2034 3334
962 375 1043 415 179

213 499 288 548 sic,
331 509 594 546 quamquam
631 500 739 538 satis
771 500 914 549 inepto
947 510 1158 550 sermone,
1193 501 1273 539 hoc
1305 501 1467 539 dictum
1500 501 1581 540 erit
1595 512 1602 540 :
1642 532 1658 549 „
1667 502 1705 540 si
1740 504 1783 541 et

214 584 238 612 o
250 585 270 612 r
281 575 299 612 t
310 585 338 612 u
350 585 395 613 m
427 576 471 613 et
501 585 526 623 p
540 585 562 613 e
576 585 597 613 c
610 585 631 613 c
644 585 669 614 a
680 579 698 613 t
709 586 736 613 u
749 586 793 614 m
826 576 1066 624 praedicata
1103 578 1260 626 essent,
1294 576 1441 625 utique
1474 577 1782 626 interponenda

214 651 307 688 erat
334 649 617 689 coniunctio.''
641 650 874 689 Auctorem
893 651 1045 690 scholii
1063 651 1281 700 aliquanto
1300 652 1539 700 elegantius
1556 653 1783 702 scripsisse

215 725 375 774 opinor.

277 801 343 840 14.
429 801 601 850 OmneS,
637 802 790 850 quibus
824 812 893 840 res
925 803 1028 841 sunt
1058 803 1204 841 minus
1236 803 1460 853 secundae,
1494 804 1636 852 magis
1667 806 1782 854 sunt,

1305 878 1464 924 [nescio
1497 879 1720 929 quomodo,

433 952 679 1001 suspiciosi.

213 1028 415 1067 Nescio
462 1029 756 1076 quomodo]
804 1029 910 1078 „hoc
951 1030 1018 1067 est
1060 1029 1443 1079 vehementia,
1487 1030 1606 1070 nulla
1637 1030 1780 1079 palam

213 1103 421 1142 ratione.”
470 1104 581 1152 Lege
629 1114 654 1142 v
668 1114 689 1142 e
702 1104 729 1142 h
742 1115 764 1142 e
776 1114 822 1142 m
835 1115 857 1142 e
869 1114 897 1142 n
908 1105 927 1143 t
939 1114 961 1143 e
973 1115 993 1143 r
1007 1116 1014 1152 ;
1063 1115 1166 1143 nam
1215 1105 1444 1152 utrumque
1487 1105 1601 1144 inest
1633 1105 1677 1144 in
1709 1106 1780 1145 illo

213 1180 405 1218 nescio
437 1180 727 1229 quomodo,
762 1182 806 1219 et
835 1181 1206 1219 vehementer
1238 1182 1281 1219 et
1315 1181 1507 1220 nescio
1541 1191 1646 1220 cur.

278 1255 342 1294 17.
394 1285 411 1304 ‚,
421 1255 450 1294 C
464 1266 487 1293 o
500 1266 520 1293 r
533 1266 557 1294 a
568 1266 614 1294 m
661 1255 712 1294 ad
756 1256 920 1294 ceteras
961 1266 1166 1304 personas
1211 1256 1409 1306 refertur,
1444 1267 1469 1304 p
1483 1256 1571 1295 ala
1582 1267 1627 1294 m
1659 1266 1780 1305 gene-

213 1331 361 1370 raliter
407 1332 603 1376 dicitur.”
651 1331 835 1370 Omnino
881 1332 1123 1380 recipienda
1163 1332 1286 1370 varia
1326 1332 1452 1370 lectio
1486 1342 1508 1371 c
1519 1343 1543 1371 e
1555 1343 1575 1370 r
1586 1333 1605 1370 t
1618 1342 1642 1371 a
1654 1342 1675 1370 s
1707 1342 1782 1380 pro

219 1417 240 1445 c
253 1417 276 1445 e
287 1408 306 1445 t
318 1417 340 1446 e
353 1418 373 1445 r
385 1418 410 1446 a
421 1417 455 1446 s.

274 1554 343 1604 IV,
378 1555 418 1593 4.
452 1555 501 1593 In
533 1566 710 1594 scenam
742 1555 882 1604 prodit
913 1555 1155 1594 Aeschinus
1189 1555 1232 1592 et
1265 1554 1328 1593 sic
1359 1554 1645 1594 lamentatur:

331 1630 573 1670 Discrucior
605 1632 752 1670 animi.
786 1631 974 1670 Hoccine
1007 1631 1058 1670 de
1090 1630 1327 1679 improviso
1359 1630 1464 1669 mali
1495 1629 1602 1668 mihi
1631 1629 1755 1668 obiici

338 1706 539 1746 Tantum.

215 1783 460 1822 Annotatur
501 1783 553 1822 ad
590 1783 825 1822 hoccine
857 1783 917 1822 de
949 1782 1263 1831 improviso
1295 1781 1452 1820 mali:
1490 1781 1622 1830 „haec
1652 1781 1784 1820 verba

214 1858 436 1907 repentino
468 1859 618 1898 nuntio
650 1859 894 1907 perculsum
928 1858 1118 1897 indicant
1149 1858 1417 1897 Aeschinum
1443 1858 1616 1906 propter
1643 1857 1777 1896 divor-

214 1933 326 1971 tium
358 1934 473 1972 stare
505 1935 548 1972 et
579 1934 688 1972 iram
721 1934 833 1972 circa
864 1944 910 1972 se
944 1934 1163 1972 Sostratae
1192 1935 1236 1972 et
1264 1933 1355 1971 eius
1383 1931 1495 1971 filiae
1528 1933 1578 1971 ob
1607 1933 1779 1981 raptum

215 2009 498 2048 meretricis.'’
557 2008 676 2059 Quid,
734 2019 905 2058 quaeso,
965 2009 1007 2047 in
1065 2008 1148 2047 isto
1195 2009 1425 2057 propter
1471 2007 1782 2047 divortium

216 2086 370 2124 stare
426 2085 564 2124 latet?
621 2085 868 2133 Legendum
918 2084 1028 2123 fere:
1077 2084 1421 2123 Aeschinum
1469 2083 1782 2122 divortium

215 2162 467 2199 metuere
513 2162 742 2209 propter
788 2160 927 2198 iram
974 2170 1008 2198 e.
1029 2170 1066 2207 q.
1086 2169 1120 2198 s.

276 2237 330 2276 ib.
378 2236 587 2285 „Obiici
629 2236 783 2274 dicitur
824 2235 868 2273 in
899 2235 1128 2282 utramque
1168 2236 1360 2283 partem:
1394 2236 1443 2273 ut
1474 2235 1510 2273 si
1543 2244 1650 2282 quos
1682 2235 1782 2272 ante

217 2312 313 2360 quis
353 2312 483 2361 videt,
523 2321 653 2359 quam
685 2310 1013 2359 exspectaverit,
1057 2320 1139 2358 quo
1181 2310 1310 2348 verbo
1342 2310 1594 2358 magnitudo
1626 2309 1783 2348 doloris

217 2387 457 2426 ostenditur
489 2397 544 2425 ex
575 2386 808 2434 improviso
841 2385 1155 2424 incommodo.’'
1190 2385 1435 2433 Legendum
1472 2395 1624 2424 censeo
1653 2386 1705 2423 et
1735 2385 1783 2423 si

218 2473 353 2510 quos
394 2472 468 2511 pro
509 2463 567 2500 ut
608 2462 655 2500 si
697 2471 831 2509 quos
873 2462 916 2499 et
957 2461 1010 2499 et
1051 2470 1108 2499 eo
1150 2461 1318 2499 verbo
1350 2471 1425 2509 pro
1457 2470 1558 2509 quo
1589 2460 1781 2499 verbo:

218 2538 406 2586 alioquin
437 2538 552 2576 istud
584 2538 638 2575 in
669 2538 964 2584 utramque
995 2538 1211 2584 partem
1243 2546 1374 2574 sensu
1405 2535 1577 2574 carebit.

279 2615 304 2652 6
337 2623 427 2661 sqq,
463 2613 531 2651 Sic
562 2612 844 2651 infortunium
876 2622 1005 2650 suum
1036 2611 1288 2660 Pamphilus
1319 2612 1488 2650 narrat:

689 2688 884 2726 Sostrata
916 2687 1049 2726 credit
1079 2686 1188 2725 mihi
1219 2697 1290 2725 me
1322 2686 1548 2735 psaltriam
1581 2686 1691 2725 hanc

338 2764 528 2803 Emisse:
562 2763 603 2802 id
636 2774 744 2802 anus
775 2763 877 2802 fecit
909 2763 1113 2801 indicium
1145 2762 1265 2801 mihi.

338 2840 448 2878 Nam
481 2840 528 2878 ut
559 2839 658 2877 hinc
689 2838 798 2877 forte
830 2848 880 2876 ea
912 2838 964 2876 ad
996 2837 1271 2876 obstetricem
1305 2839 1397 2876 erat
1427 2837 1586 2876 missa:
1619 2837 1691 2875 ubi

525 2901 528 2903 Δ
1359 2915 1472 2960 [eam
1502 2912 1603 2962 vidi,
1637 2912 1749 2950 illico
