2034 3334
950 390 1031 430 161

203 514 285 554 Sed
326 515 395 554 vel
435 516 498 555 sic
538 516 821 555 iocantem
862 515 1094 563 legendum
1135 524 1210 563 pro
1242 512 1491 552 iocunde.
1525 513 1619 552 Non
1652 513 1768 552 enim

203 591 314 630 serio
345 593 420 631 sed
452 592 543 631 ioco
576 603 676 631 eum
708 593 879 631 asinum
913 591 1157 640 appellavit.

264 669 333 708 56.
934 668 1003 706 An
1035 677 1112 716 ego
1144 667 1414 706 occasionem
1466 660 1469 667 ²

321 744 423 782 Mihi
451 746 728 794 ostentatam,
753 746 845 783 tam
862 744 1039 783 brevem
1056 744 1149 782 tam
1167 744 1374 792 optatam,
1393 743 1486 782 tam
1504 742 1767 791 insperatam

321 819 616 859 Amitterem?

204 893 393 934 Chaerea
433 897 568 944 rogat.
603 896 868 935 Annotatur:
906 894 1028 944 „vide
1062 895 1223 943 quanta
1255 893 1434 943 dixerim
1468 905 1553 933 non
1584 895 1768 934 volun-

155 1013 164 1021 ,
202 973 403 1022 tatem,
438 973 513 1011 sed
545 972 858 1011 occasionem.”
892 971 1034 1010 Immo
1066 970 1437 1019 voluptatem.

263 1123 333 1172 IV,
381 1124 416 1171 1,
466 1124 531 1161 11.
574 1123 746 1172 Heus,
789 1133 944 1172 puer,
989 1122 1340 1171 Pamphilam
1384 1132 1611 1160 arcesse
1643 1122 1770 1161 miles

204 1198 277 1237 ait.
321 1198 586 1237 Annotatur:
625 1209 736 1247 „non
766 1208 1030 1247 provoca,
1065 1198 1140 1236 sed
1172 1208 1422 1247 arcesse,
1457 1198 1556 1245 quia
1587 1206 1672 1236 non
1704 1198 1771 1236 est

205 1275 355 1323 aptum
396 1274 567 1313 militi.”
610 1274 783 1313 Nullam
823 1284 1015 1322 unquam
1056 1273 1144 1312 vidi
1181 1273 1541 1322 praestantiorem
1574 1273 1769 1312 emenda-

204 1350 368 1388 tionem
410 1360 540 1398 quam
582 1350 687 1388 haec
729 1351 795 1388 est
835 1349 1147 1388 Westerhovii:
1190 1359 1256 1398 „n.
1275 1360 1314 1398 p.
1333 1359 1366 1388 s.
1386 1359 1422 1388 a.
1457 1349 1557 1397 quia
1587 1359 1673 1387 non
1704 1349 1771 1387 est

206 1425 345 1474 apud
386 1425 674 1464 militem.”
718 1425 944 1474 Pamphila
985 1425 1102 1463 enim
1143 1425 1318 1463 Thaidis
1356 1425 1471 1463 domi
1504 1426 1606 1474 erat,
1642 1425 1770 1472 atque

195 1500 303 1558 „inde
334 1501 494 1539 arcessi
526 1502 694 1549 poterat
725 1511 810 1539 non
840 1501 1085 1549 provocari:
1114 1511 1399 1549 provocamus
1427 1501 1543 1539 enim
1571 1510 1671 1538 eum
1698 1499 1771 1548 qui

205 1575 430 1615 nobiscum
458 1577 524 1615 est
555 1577 599 1615 in
630 1577 784 1616 iisdem
817 1576 1005 1615 aedibus.

266 1727 336 1777 IV,
356 1729 395 1778 3,
416 1729 454 1767 6.
488 1728 548 1767 Ut
565 1738 642 1777 ego
658 1728 872 1777 unguibus
888 1728 1012 1767 facile
1030 1728 1091 1766 illi
1109 1728 1153 1766 in
1170 1728 1315 1767 oculos
1331 1728 1520 1767 involem
1537 1727 1740 1769 venefico.

206 1803 386 1852 Pythias
428 1805 500 1843 ait.
534 1804 800 1843 Annotatur:
838 1814 1004 1854 „nonne
1037 1804 1174 1843 credis
1205 1804 1409 1852 Pythiam
1442 1805 1483 1843 id
1516 1805 1772 1844 comminari

206 1879 318 1927 quod
344 1890 370 1918 a
394 1880 560 1928 virgine
586 1880 732 1919 minus
758 1880 923 1919 factum
949 1880 1039 1919 sit?
1065 1880 1175 1928 quod
1197 1880 1297 1928 quia
1312 1880 1455 1929 puella
1470 1891 1556 1919 non
1571 1881 1712 1929 potuit
1722 1882 1770 1920 ‘?”

207 1955 524 1994 obscurissima
549 1956 667 1995 haec.
696 1956 787 1995 Hoc
813 1955 955 1995 solum
972 1956 1163 2004 intelligo
1182 1955 1469 1994 Scholiastam
1486 1956 1530 1994 in
1546 1956 1770 2004 Pythiadis

207 2031 333 2070 dictis
365 2031 564 2070 obscoeni
596 2032 755 2080 aliquid
786 2032 920 2071 latere
952 2031 1174 2080 suspicari.

266 2182 337 2232 IV,
371 2183 410 2232 4,
445 2183 514 2222 57.
550 2182 720 2221 Thais
752 2182 859 2220 iam
892 2182 1090 2229 aderit]
1129 2183 1262 2232 „bene
1294 2183 1404 2222 dixit
1435 2183 1643 2233 aderit,
1672 2183 1771 2222 huic

209 2258 322 2297 enim
357 2258 494 2297 aderit
524 2257 697 2296 Thais.''
730 2257 848 2296 Haec
880 2258 979 2305 quid
1010 2258 1092 2296 sibi
1121 2258 1304 2297 volunt?

267 2333 413 2382 Neque
459 2333 599 2382 magis
645 2333 918 2382 perspicuum
960 2334 1027 2372 est
1068 2333 1179 2382 quod
1220 2334 1273 2372 ad
1314 2334 1443 2382 quia
1485 2345 1603 2373 cum
1645 2334 1772 2374 inde

210 2409 343 2447 abeo
399 2410 651 2448 annotatur:
708 2409 866 2458 „aliam
912 2418 1089 2447 causam
1136 2419 1191 2447 ex
1237 2409 1321 2448 alia
1366 2411 1601 2460 supposuit,
1650 2412 1774 2459 quasi

209 2484 369 2522 diceret
399 2484 561 2523 video
605 2484 873 2523 causam.”

269 2634 340 2685 IV,
386 2635 423 2684 7,
470 2636 508 2674 6.
552 2635 788 2682 Postquam
830 2635 993 2673 dictum
1035 2636 1102 2673 est
1140 2635 1410 2684 manipulum
1443 2646 1537 2675 esse
1569 2637 1647 2676 sub
1680 2648 1772 2676 cen-

210 2709 390 2759 turione,
425 2710 639 2758 sequitur:
671 2709 852 2759 „merito
880 2720 978 2758 ergo
1006 2710 1300 2749 centurionem
1327 2711 1478 2750 videns
1504 2712 1774 2761 manipulum

211 2785 483 2834 desideravit,
531 2785 612 2823 hoc
653 2786 720 2823 est
762 2795 944 2833 coquum
985 2785 1138 2824 ‘videns
1180 2787 1384 2825 convivas
1425 2787 1660 2827 desiderat:
1703 2788 1776 2836 qui

213 2861 506 2910 apparaverat,
549 2860 717 2908 quoties
753 2860 872 2899 locus
904 2860 1038 2910 affuit,
1073 2861 1114 2899 id
1147 2863 1214 2900 est
1245 2862 1491 2901 convivium
1523 2864 1590 2902 est
1622 2864 1774 2902 consti-

213 2937 399 2974 tutum.’'
457 2936 621 2985 Augiae
672 2936 751 2975 hoc
803 2936 1022 2975 stabulum
1072 2937 1253 2987 videtur,
1308 2938 1381 2977 sed
1432 2942 1638 2987 purgatur
1688 2940 1776 2978 fere

1639 3011 1671 3038 11
