2034 3334
663 1202 1231 1252 EPILOGUS.

252 1630 436 1672 Tandem
469 1631 696 1686 aliquando
728 1630 780 1672 ad
811 1630 978 1672 Horatii
1009 1631 1173 1686 poesin,
1202 1630 1314 1672 unde
1341 1630 1558 1686 digressus
1577 1643 1689 1685 sum,

193 1711 390 1748 revertor.
423 1706 624 1749 Dicebam
657 1710 800 1749 autem
831 1707 937 1748 mihi
968 1720 1054 1749 non
1087 1707 1212 1762 plane
1241 1707 1415 1749 Goethei
1443 1707 1494 1749 de
1511 1706 1688 1749 Horatio

195 1782 362 1837 probari
407 1783 635 1835 iudicium3
686 1796 803 1825 nunc
844 1796 921 1825 eur
964 1796 988 1824 a
1032 1796 1200 1825 summo
1232 1784 1324 1824 viro
1357 1783 1617 1837 dissentiam,
1648 1786 1690 1825 et

198 1859 300 1913 quid
326 1859 409 1914 ipsi
441 1860 544 1900 mihi
576 1859 627 1901 de
658 1859 812 1913 Lyrico
844 1859 1036 1901 Romano
1068 1860 1341 1901 statuendum
1375 1859 1572 1901 videatur
1597 1859 1690 1901 bre-

197 1935 305 1977 viter
350 1947 572 1991 exponam.
621 1935 834 1978 Goetheus
877 1948 989 1991 ergo,
1021 1936 1096 1990 qui
1129 1937 1173 1977 in
1207 1923 1367 1991 Elegiis
1398 1935 1688 1977 Romanorum

198 2011 413 2052 amatoriis
458 2014 573 2053 totus
615 2010 709 2066 fuit,
751 2011 933 2066 illasque
975 2011 1127 2052 diurna
1169 2015 1464 2066 nocturnaque
1506 2011 1692 2053 versavit

197 2099 339 2138 manu,
385 2085 551 2128 Horatii
592 2088 779 2128 carmina
820 2086 955 2129 obiter
994 2087 1290 2128 tantummodo
1334 2090 1376 2129 et
1410 2088 1564 2142 raptim
1597 2100 1690 2142 per-

197 2162 308 2217 legit.
355 2162 610 2205 Imitationis
657 2162 915 2205 Horatianae
962 2164 1038 2204 vix
1085 2163 1169 2204 duo
1219 2163 1332 2218 apud
1379 2175 1476 2204 eum
1520 2166 1691 2205 exstant

198 2238 393 2293 exempla
423 2251 559 2294 eaque
591 2239 820 2280 admodum
848 2239 1019 2280 incerta.
1045 2238 1195 2293 Itaque
1222 2240 1297 2294 qui
1312 2238 1565 2293 plerumque
1581 2239 1690 2281 lenis

198 2313 326 2355 fuerit
357 2326 508 2356 censor
539 2317 581 2355 et
611 2314 808 2356 lubenter
837 2314 1018 2355 laudarit
1050 2314 1086 2355 si
1120 2314 1223 2368 quid
1256 2313 1420 2355 laudari
1452 2318 1608 2368 posset,
1640 2314 1691 2356 de

199 2387 375 2430 Horatio
422 2390 535 2431 iusto
582 2391 773 2432 severius
819 2390 1134 2445 pronuntiavit:
1177 2393 1324 2445 poetae
1367 2390 1480 2431 enim
1522 2391 1693 2432 nomine

200 2463 427 2507 Horatium
475 2478 649 2520 prorsus
695 2466 920 2520 indignum
969 2478 1061 2508 esse
1108 2467 1284 2508 censuit.
1328 2464 1451 2516 Quod
1493 2467 1530 2508 si
1570 2467 1691 2509 illum

199 2541 493 2582 tantummodo
540 2553 686 2583 revera
733 2545 899 2596 poetam
947 2554 1041 2583 esse
1081 2542 1215 2584 credis
1259 2543 1328 2583 cui
1370 2546 1518 2597 pectus
1550 2543 1693 2585 ardeat

198 2615 455 2671 ferveatque,
488 2615 664 2658 Goethei
695 2617 852 2658 iudicio
885 2616 962 2658 tibi
989 2621 1052 2659 est
1079 2617 1446 2660 subscribendum.
1463 2617 1560 2660 Non
1578 2620 1691 2660 enim

199 2689 317 2739 ἔνθεος
364 2696 427 2734 est
468 2691 695 2744 Horatius;
740 2692 904 2747 placida
948 2693 986 2734 ei
1035 2705 1155 2734 mens
1197 2696 1259 2735 est
1292 2698 1347 2748 et,
1379 2698 1426 2736 ut
1455 2695 1514 2736 ita
1546 2695 1694 2749 dicam,

199 2768 361 2823 tepida3
397 2767 589 2809 flammas
621 2768 828 2823 ignesque
860 2781 1081 2822 nunquam
1115 2769 1258 2810 sensit.
1291 2768 1385 2811 Hoc
1416 2773 1480 2812 est
1511 2783 1587 2812 cur
1604 2783 1693 2812 oar-

202 2844 318 2885 mina
366 2844 458 2885 eius
502 2844 704 2885 amatoria
746 2842 869 2885 nobis
909 2846 992 2885 tam
1036 2843 1237 2899 languida
1268 2844 1516 2887 videantur:
1550 2845 1693 2888 lentus
