2034 3334
995 331 1080 374 198

640 456 720 500 Ille
751 457 811 499 mi
842 469 918 513 par
948 468 1042 500 esse
1073 455 1152 499 deo
1186 455 1366 499 videtur.

346 583 477 628 Recte
508 583 728 627 hactenus.
761 581 875 634 Quid
906 581 1134 639 sequitur?

642 700 721 744 Ille
753 700 790 744 si
821 699 886 743 fas
919 703 984 743 est
1015 711 1216 756 superare
1246 698 1383 742 divos.

348 842 547 886 Ridicula
592 855 642 886 ea
687 845 754 886 est
798 840 977 897 δείνωσις,
1019 854 1105 898 qua
1142 841 1339 898 strophae
1369 840 1541 896 quidem
1568 834 1684 883 'rima
1712 851 1788 884 ex-

290 918 443 976 pletur,
469 919 721 975 simplicitas
747 931 848 962 vero
871 917 1079 974 Sapphica
1094 917 1407 974 pessumdatur.
1424 916 1630 960 Horatius
1646 918 1789 959 autem

292 1009 400 1052 quas
443 996 676 1039 sententias
708 1008 872 1051 quaeve
905 996 1144 1038 carminum
1175 997 1426 1051 argumenta
1457 993 1509 1036 ab
1537 992 1788 1051 exemplari-

292 1071 374 1115 bus
406 1071 577 1115 Graecis
609 1073 665 1115 sit
697 1075 932 1127 mutuatus,
965 1071 1070 1127 quid
1101 1072 1192 1127 ipse
1223 1071 1449 1126 invenerit,
1482 1073 1655 1127 propter
1683 1073 1789 1114 tem-

292 1162 442 1206 porum
475 1149 677 1192 iniuriam
715 1153 910 1191 accurate
941 1149 1027 1191 iam
1059 1147 1226 1191 definiri
1256 1161 1342 1190 non
1374 1150 1524 1204 potest,
1555 1146 1631 1190 sed
1657 1146 1794 1190 multa

292 1229 435 1269 tamen
468 1239 566 1269 eum
599 1225 651 1268 de
682 1239 761 1269 suo
793 1225 1008 1268 addidisse
1039 1228 1213 1268 constat.
1247 1224 1388 1268 Maius
1419 1237 1519 1281 ergo
1553 1223 1793 1280 periculum

294 1306 383 1346 erat
414 1315 469 1346 ne
499 1302 544 1344 in
576 1302 700 1344 illum
729 1315 858 1358 quem
887 1301 1079 1345 dicebam
1099 1301 1324 1358 scopulum
1341 1301 1557 1344 incideret.
1572 1299 1794 1344 Romanus
1833 1336 1836 1339 ,

293 1381 510 1435 praeterea
553 1378 636 1421 fuit
676 1377 906 1421 Horatius:
950 1379 1098 1434 itaque
1137 1381 1229 1421 tum
1261 1376 1380 1425 αὐτὸς
1411 1376 1548 1419 ἑαυτοῦ
1578 1374 1795 1424 δεινότατος

295 1459 383 1498 erat
431 1468 567 1511 quum
613 1458 916 1511 argumentum
961 1455 1169 1498 tractabat
1217 1468 1272 1498 ex
1301 1453 1603 1511 1111116861111111Ι
1605 1452 1795 1500 11191811·

293 1531 411 1574 illam
459 1531 769 1588 philosophiam
817 1531 912 1574 dico
955 1544 1065 1587 quae
1108 1531 1160 1573 ad
1203 1532 1315 1574 vitae
1343 1544 1478 1582 11811111
1510 1533 1600 1573 erat
1630 1541 1795 1574 accom

296 1608 476 1651 modata.
500 1607 741 1651 Sententias
758 1608 872 1651 enim
890 1607 1019 1650 finxit
1035 1607 1216 1650 morales
1233 1620 1380 1650 revera
1397 1619 1493 1649 aere
1508 1606 1798 1662 perenniores,

297 1697 418 1740 quae,
461 1684 562 1727 dum
596 1684 807 1727 sermonis
838 1684 1074 1740 elegantiae
1107 1688 1148 1726 et
1179 1684 1394 1726 venustati
1424 1696 1504 1726 sua
1532 1682 1628 1726 laus
1658 1681 1798 1736 stabit,

297 1761 515 1804 discentur
555 1764 598 1803 et
626 1759 930 1803 recitabuntur.
961 1758 1071 1802 Nam
1104 1760 1159 1802 sit
1190 1772 1293 1802 sane
1327 1758 1496 1802 Horatii
1531 1757 1799 1815 philosophia

297 1837 473 1879 humilis
521 1837 724 1892 omnique
768 1839 908 1879 careat
950 1835 1276 1892 magnificentia,
1308 1839 1351 1878 at
1378 1835 1578 1899 egregius
1609 1835 1704 1878 eius
1735 1837 1800 1877 est

298 1925 460 1972 sermo:
497 1912 829 1955 mediocritatem
865 1912 1037 1968 quidem
1071 1912 1383 1954 commendavit
1408 1911 1629 1966 Horatius,
1656 1910 1801 1954 sedus

299 2002 391 2032 eam
424 1990 648 2031 exornavit
679 1988 878 2031 laudibus
911 1992 960 2031 ut
992 2001 1090 2031 vere
1122 2001 1250 2030 aurea
1281 1987 1411 2030 fieret.
1443 1987 1510 2042 Et,
1542 1986 1658 2043 quod
1674 1986 1799 2029 modo

300 2065 353 2107 de
395 2066 512 2108 vitiis
550 2064 741 2108 dicebam
775 2077 885 2120 quae
917 2065 1053 2107 vitare
1084 2077 1170 2106 non
1202 2064 1388 2120 potuerit
1417 2063 1636 2118 Horatius,
1666 2062 1799 2105 nolim

300 2142 359 2183 ita
404 2141 484 2183 hoc
532 2141 765 2196 accipiatur
809 2141 931 2196 quasi
975 2154 1060 2183 non
1104 2140 1274 2196 penitus
1307 2141 1489 2182 sentiam
1521 2152 1651 2195 quam
1681 2150 1801 2195 prae—

302 2217 415 2259 clara
449 2218 542 2260 eius
574 2218 620 2259 in
652 2230 698 2260 re
731 2218 905 2259 metrica
936 2216 1096 2259 fuerint
1128 2218 1290 2260 merita.
1323 2216 1369 2259 Si
1400 2221 1552 2258 nactus
1584 2218 1696 2258 esset
1725 2215 1804 2271 qui

303 2296 443 2350 ipsum
474 2296 757 2349 imitarentur,
788 2294 930 2336 Ennio
961 2293 1138 2337 Latinae
1170 2295 1310 2350 poesis
1340 2294 1450 2349 patri
1478 2293 1566 2335 fere
1592 2305 1668 2348 par
1692 2295 1805 2335 esset

304 2371 524 2414 habendus
571 2371 788 2414 Horatius.
837 2370 969 2413 Tanto
1015 2372 1130 2413 enim
1178 2369 1355 2412 artificio
1403 2369 1611 2411 vocabula
1654 2367 1806 2412 Latina

305 2448 496 2488 numeris
529 2447 705 2489 inclusit
737 2446 922 2498 Graecis,
955 2450 1003 2489 ut
1033 2448 1076 2488 in
1110 2445 1229 2488 Latio
1261 2446 1324 2487 illi
1354 2446 1444 2487 nati
1476 2445 1714 2487 videantur.
1738 2443 1806 2487 Ne

307 2523 523 2565 levissima
571 2524 744 2579 quidem
792 2524 991 2566 adhaeret
1032 2524 1177 2565 metris
1210 2522 1456 2564 Horatianis
1491 2521 1678 2563 macula:
1712 2520 1809 2576 puri

309 2599 401 2640 eius
434 2612 585 2642 versus
622 2604 735 2653 sunt,
767 2600 995 2655 elegantes,
1029 2599 1178 2641 auditu
1210 2599 1457 2641 suavissimi
1488 2596 1807 2639 iucundissimi-

310 2687 402 2728 que.
436 2673 559 2729 Ergo,
592 2679 639 2717 ut
674 2672 1129 2730 comparatione,quae
1154 2674 1323 2716 Horatii
1350 2675 1395 2715 in
1421 2686 1467 2716 re
1494 2674 1667 2715 metrica
1681 2671 1811 2714 fuerit

309 2752 582 2804 praestantia.
606 2751 916 2793 demonstrem:
951 2751 1132 2793 alterum
1164 2750 1272 2792 illud
1302 2764 1327 2792 a
1358 2749 1635 2791 Pallavicinio
1666 2760 1808 2803 reper-

309 2829 402 2868 tum
445 2840 628 2881 carmen,
661 2840 920 2882 quamquam
954 2839 1148 2869 sermone
1179 2826 1294 2868 haud
1324 2827 1384 2867 ita
1415 2825 1597 2867 multum
1629 2823 1681 2865 ab
1716 2822 1804 2865 Ho-
