2034 3334
1017 362 1071 404 36

268 498 398 541 quam
447 486 785 542 circumscripsit
826 486 1163 544 Peerlkampius,
1206 489 1367 532 iniuria
1408 491 1494 532 nisi
1536 491 1679 533 omnia
1712 503 1781 534 me

264 561 440 605 fallunt:
489 564 708 619 proprium
753 565 869 606 enim
911 563 1091 608 Horatio
1123 578 1218 608 esse
1249 566 1367 609 istud
1397 579 1538 623 genus
1573 581 1779 612 versuum

267 642 309 682 et
340 639 611 695 stropharum
650 640 1079 697 „explicativorum'’,
1113 646 1161 685 ut
1191 643 1251 686 ita
1283 643 1435 700 dicam,
1461 657 1551 687 non
1575 645 1646 688 hic
1662 645 1782 689 solus

266 715 388 758 locus
420 716 554 759 docet.

325 791 359 847 I,
393 793 460 834 31.
505 791 621 843 Quin
661 793 855 849 lepidum
889 796 1047 838 existat
1078 808 1248 839 carmen
1284 797 1321 839 si
1352 810 1451 840 cum
1482 797 1782 856 Peerlkampio

266 883 342 926 pro
387 874 547 926 grata
589 869 890 915 Calabriae
921 877 1176 916 armenta
1205 873 1401 930 legamus
1434 873 1604 917 Graia
1634 874 1784 918 Cala·

266 946 422 990 briae
454 952 732 1003 armenta,
765 948 918 992 deinde
946 950 1142 1006 strophas
1170 963 1282 1006 quae
1309 951 1543 994 secundam
1561 951 1614 994 ab
1631 951 1784 995 ultima

267 1027 466 1080 separant
511 1025 748 1081 eiiciamus,
794 1026 995 1082 equidem
1046 1028 1224 1071 minime
1275 1027 1436 1071 dubito.
1471 1027 1626 1072 Secum
1659 1032 1784 1087 poeta

267 1099 472 1144 deliberat
520 1101 625 1157 quid
672 1101 725 1144 ab
773 1102 988 1159 Apolline,
1036 1105 1164 1147 cuius
1206 1118 1370 1148 novum
1412 1106 1620 1162 templum
1664 1119 1784 1150 nunc

267 1190 367 1220 cum
410 1179 599 1221 maxime
638 1179 915 1235 frequentant
957 1179 1154 1237 Romani,
1186 1181 1269 1224 sibi
1300 1183 1573 1238 potissimum
1604 1195 1782 1240 precan-

267 1253 372 1296 dum
419 1254 485 1297 sit.
539 1254 662 1309 „Non
711 1255 789 1299 ea'‘
837 1257 896 1299 ait
942 1270 1081 1313 „quae
1123 1259 1276 1301 ceteris
1318 1258 1568 1302 hominibus
1601 1264 1704 1303 sunt
1734 1259 1779 1302 in

268 1332 402 1374 votis:
453 1332 620 1388 opimae
668 1336 846 1389 segetes,
891 1338 1084 1377 armenta
1131 1335 1280 1390 nitida,
1322 1337 1418 1378 auri
1459 1335 1620 1393 copia.'’
1653 1336 1780 1380 Hanc

267 1407 614 1452 deliberationem
662 1409 807 1453 subito
854 1410 1107 1467 abrumpere
1154 1415 1196 1455 et
1242 1416 1339 1468 post
1386 1412 1517 1456 breve
1559 1413 1779 1458 silentium

267 1486 416 1542 paucis
448 1486 567 1530 hisce
595 1487 740 1530 verbis
773 1489 855 1530 viri
887 1501 986 1532 vere
1018 1490 1223 1546 sapientis
1256 1491 1483 1534 enuntiare
1507 1504 1679 1548 preces:

565 1629 669 1672 Frui
699 1631 856 1686 paratis
888 1634 930 1673 et
962 1631 1103 1674 valido
1139 1633 1245 1675 mihi

567 1706 711 1763 Latoe,
743 1708 878 1751 dones
909 1712 951 1751 et
981 1722 1132 1765 precor
1163 1711 1329 1766 integra

625 1784 733 1828 Cum
767 1791 920 1842 mente,
954 1799 1034 1829 nec
1066 1791 1235 1844 turpem
1263 1792 1476 1831 senectam

683 1861 848 1920 Degere
881 1877 960 1907 nec
992 1865 1154 1907 cithara
1186 1869 1413 1908 carentem.

265 2020 469 2076 elegantis
516 2025 580 2064 est
624 2025 794 2078 poe'tae:
845 2023 938 2078 ipsa
980 2024 1094 2066 enim
1137 2023 1324 2066 brevitas
1367 2026 1603 2068 sententiae
1634 2027 1777 2082 gravi-

264 2101 394 2140 tatem
427 2099 583 2140 mirum
612 2103 823 2154 quantum
852 2103 989 2155 auget.
1016 2099 1171 2156 Neque
1198 2104 1339 2143 tamen
1360 2114 1458 2143 cum
1477 2101 1775 2159 Peerlkampio

264 2175 480 2230 stropham
527 2177 695 2217 tertiam
741 2180 1026 2232 quartamque
1071 2177 1336 2232 proscribere
1367 2179 1532 2221 ausim:
1565 2178 1775 2223 Horatius

266 2251 378 2292 enim
426 2252 550 2293 unice
583 2252 635 2293 de
669 2256 801 2294 metro
834 2252 1044 2295 sollicitus
1080 2253 1250 2296 brevem
1284 2267 1441 2310 rerum,
1474 2269 1582 2310 quas
1615 2255 1774 2312 vulgus

265 2332 378 2368 amat
422 2329 653 2384 magnique
686 2328 798 2383 facit,
830 2329 1026 2372 sufficere
1058 2332 1439 2386 enumerationem,
1472 2333 1599 2388 eique
1629 2333 1772 2376 statim

266 2416 319 2445 ne
352 2418 438 2446 uno
473 2406 644 2460 quidem
679 2406 808 2448 verbo
840 2407 1062 2450 interiecto
1097 2408 1370 2463 opponendas
1405 2422 1499 2451 esse
1530 2422 1653 2452 veras
1685 2410 1772 2452 sin-

265 2493 468 2535 cerasque
499 2482 741 2538 philosophi
773 2486 815 2525 et
846 2486 995 2538 poetae
1027 2484 1199 2527 divitias
1226 2498 1313 2527 non
1341 2487 1486 2528 sensit.
1513 2486 1773 2528 Immoratur

266 2568 365 2610 ergo
398 2557 663 2612 aliquamdiu
697 2573 776 2601 suo
809 2561 900 2615 ipse
932 2573 1150 2616 responso,
1185 2575 1270 2618 quo
1299 2575 1345 2605 se
1372 2563 1571 2618 vulgares
1599 2563 1771 2606 divitias

264 2637 534 2675 contemnere
576 2635 818 2691 declaravit,
851 2641 892 2679 et
928 2638 1089 2691 „istas”
1119 2640 1262 2695 inquit
1300 2640 1399 2694 „alii
1432 2639 1514 2683 sibi
1546 2640 1771 2696 habeant'',

263 2712 392 2763 atque
439 2722 494 2751 ex
540 2710 619 2752 hac
666 2715 876 2755 sententia
917 2718 1004 2756 tam
1047 2715 1151 2757 exili
1197 2722 1372 2772 tamque
1405 2716 1629 2772 superflua
1663 2717 1772 2760 duas

264 2786 458 2839 strophas
501 2787 647 2840 effecit,
691 2791 893 2842 quoniam
938 2795 1123 2834 metrum
1155 2806 1243 2834 una
1274 2796 1521 2835 contentum
1557 2805 1650 2836 esse
1682 2807 1770 2836 non

266 2860 440 2903 sinebat.
475 2861 544 2903 Sic
576 2864 807 2906 interiectis
839 2867 1116 2921 ineptissimis
1149 2869 1266 2911 hisce
1299 2869 1544 2911 versiculis:
