2034 3334
893 361 974 402 201

191 493 282 532 tum
329 487 644 530 celeberrimam
690 486 806 527 illam
854 485 966 527 inter
1009 484 1188 538 Lydiam
1230 485 1409 541 eiusque
1452 488 1679 528 amatorem

191 564 503 606 altercationem
546 561 636 615 (III,
671 562 722 614 9).
766 560 888 611 Quod
928 564 1069 603 autem
1103 561 1156 602 ad
1187 561 1378 616 longiora
1410 563 1560 603 attinet
1592 575 1681 603 car-

192 641 318 694 mina,
363 638 435 692 ibi,
482 643 529 680 ut
574 639 657 679 iam
707 638 809 691 dixi,
851 641 982 679 artem
1023 636 1301 679 Horatianam
1345 639 1591 692 praesertim
1636 639 1681 679 in

191 715 392 759 brevibus
424 715 645 757 sententiis
676 715 892 756 cernimus
924 717 964 756 et
995 713 1265 755 admiramur.
1298 738 1300 740 -

249 791 358 834 Nam
402 791 615 846 plerisque
658 790 749 832 odis
780 790 842 831 nil
875 803 920 832 se
952 790 1036 831 nisi
1069 791 1285 832 metricam
1319 793 1530 845 spectasse
1561 803 1682 832 exer-

191 868 431 909 citationem
460 867 552 922 ipse
578 865 822 921 frequenter
846 865 1051 907 Horatius
1077 865 1309 920 profitetur.
1328 865 1566 908 Utilissima
1583 879 1682 922 ergo

191 955 258 985 res
304 947 367 985 est
415 942 584 983 illarum
632 942 747 997 vitia,
792 955 975 997 quorum
1020 954 1129 997 quae
1172 945 1314 984 essent
1354 955 1511 997 genera
1556 956 1684 998 supra

190 1019 388 1072 indicavi,
434 1032 562 1073 quam
605 1018 921 1060 accuratissime
952 1018 1154 1073 indagare
1185 1022 1225 1060 et
1258 1032 1385 1073 quam
1420 1019 1683 1074 apertissime

193 1107 432 1151 agnoscere,
463 1094 594 1149 idque
625 1094 762 1136 tribus
796 1094 847 1136 de
878 1095 1030 1136 causis.

252 1171 443 1213 Primum
476 1172 535 1212 ita
567 1170 738 1212 demum
770 1171 940 1225 penitus
973 1172 1129 1212 sentire
1161 1184 1390 1226 possumus
1423 1185 1550 1226 quam
1588 1170 1683 1226 pul-

193 1247 293 1289 chra
323 1247 530 1288 nonnulla
561 1247 646 1288 sint
677 1248 863 1288 carmina
894 1260 949 1289 ex
980 1260 1029 1289 eo
1059 1259 1213 1302 genere
1245 1247 1297 1289 ad
1331 1247 1446 1302 quod
1478 1246 1684 1289 Horatius

193 1328 319 1366 natus
350 1323 431 1365 fuit
462 1323 697 1378 factusque.

253 1398 428 1453 Deinde,
462 1398 535 1441 ubi
568 1399 698 1441 semel
728 1399 852 1441 nobis
879 1403 1043 1441 constat
1069 1403 1236 1455 poetam
1264 1413 1350 1441 non
1368 1412 1534 1455 semper
1549 1412 1684 1455 aeque

191 1474 355 1517 felicem
386 1475 530 1529 fuisse,
565 1489 692 1530 quam
724 1476 869 1517 inania
896 1476 981 1517 sint
1007 1476 1313 1517 nonnullorum
1342 1480 1590 1531 commenta,
1609 1477 1684 1532 qui

193 1564 346 1593 arcana
394 1552 574 1607 quadam
621 1552 812 1593 doctrina
853 1551 1016 1594 efficere
1058 1556 1268 1594 conantur
1310 1557 1356 1594 ut
1396 1553 1610 1608 praeclara
1642 1556 1685 1595 et

193 1627 290 1683 plus
349 1641 475 1683 quam
523 1628 733 1670 humanae
780 1629 1011 1683 sapientiae
1056 1627 1222 1670 Horatii
1269 1628 1496 1671 videantur
1542 1630 1684 1671 omnia

193 1704 492 1759 intelligimus:
530 1705 613 1746 iam
645 1705 757 1746 enim
790 1717 839 1746 eo
870 1708 1121 1759 perventum
1156 1708 1218 1746 est
1251 1708 1299 1746 ut
1330 1704 1382 1746 ab
1414 1718 1500 1747 uno
1533 1705 1685 1747 altero-

195 1793 278 1834 que
318 1780 408 1821 viro
450 1779 571 1821 docto
613 1779 896 1835 Pythagorica
935 1781 1097 1822 ratione
1137 1780 1343 1822 Horatius
1375 1781 1613 1836 explicetur
1643 1785 1685 1824 et

197 1855 529 1898 commendetur.

253 1930 462 1987 Denique,
493 1931 536 1973 id
570 1931 685 1987 quod
716 1932 785 1973 vel
815 1932 1115 1986 gravissimum
1150 1935 1226 1987 est,
1253 1933 1313 1974 sic
1340 1933 1572 1976 audacibus
1590 1933 1685 1976 abs-

194 2007 328 2050 tinere
358 2008 612 2050 coniecturis
643 2008 867 2049 discemus.
898 2006 1008 2049 Nam
1034 2008 1133 2050 licet
1157 2009 1241 2049 iam
1268 2009 1380 2050 inter
1406 2010 1521 2051 viros
1539 2010 1685 2052 doctos

195 2087 358 2126 constet
399 2083 565 2125 Horatii
607 2084 794 2125 carmina
827 2083 926 2125 talia
955 2083 1042 2125 fere
1074 2084 1126 2125 ad
1158 2097 1236 2125 nos
1268 2086 1511 2139 pervenisse
1543 2086 1685 2140 qualia

194 2159 267 2201 ille
299 2160 523 2214 scripserit,
555 2163 695 2200 tamen
723 2160 769 2200 in
798 2159 887 2200 dies
906 2171 1040 2201 novae
1056 2158 1329 2214 proferuntur
1345 2161 1683 2203 emendationes:

196 2235 350 2277 nolunt
381 2236 495 2276 enim
528 2235 798 2289 acquiescere
831 2235 966 2276 critici
996 2236 1039 2276 in
1074 2234 1685 2292 vocabulislocutionibusque
1725 2257 1741 2270 ν

197 2323 346 2364 parum
393 2311 531 2352 rectis.
579 2309 648 2351 Me
689 2314 829 2352 autem
871 2310 1011 2352 iudice
1052 2311 1164 2353 inter
1205 2324 1316 2353 nova
1355 2312 1428 2353 illa
1461 2314 1686 2355 conamina

197 2398 335 2427 unum
381 2388 546 2427 tantum
590 2389 654 2427 est
695 2386 809 2440 quod
848 2390 1011 2427 certum
1045 2387 1110 2440 sit,
1141 2388 1442 2442 necessarium,
1474 2389 1583 2430 nulli
1615 2389 1686 2431 ob-
1722 2428 1727 2438 „

197 2463 377 2504 noxium
410 2461 685 2503 dubitationi:
717 2462 834 2503 illam
863 2462 957 2504 dico
985 2463 1322 2505 emendationem
1351 2478 1435 2519 qua
1452 2464 1508 2516 II,
1526 2465 1593 2520 18,
1609 2479 1693 2521 pro,
1719 2483 1750 2508 κ

933 2571 1086 2626 Aequa
1116 2571 1243 2614 tellus

611 2619 797 2701 Pauperi
818 2624 1068 2710 'recluditur
1116 2696 1120 2700 f

669 2721 992 2777 Regumque
1022 2723 1219 2778 pueris

199 2839 376 2896 legitur:
423 2838 744 2894 Regumque
789 2840 998 2894 primis.
1044 2838 1136 2881 Hac
1185 2841 1313 2883 simul
1359 2843 1484 2884 metri
1531 2843 1685 2886 vitium
1724 2870 1727 2874 -
