2034 3334
0 1473 8 1504 w<
0 1158 19 1461 xxwvyutwwuwv'w
0 1100 11 1150 ”01
0 1089 6 1093 “
0 1056 9 1081 ‘⁵'
0 1039 10 1047 '

912 221 965 263 61

138 347 331 402 ipsorum
373 358 577 387 versuum
621 346 836 386 structura
878 346 1050 399 poetam
1092 343 1448 399 deprehendimus
1490 344 1569 386 sub
1602 343 1731 386 finem

138 414 260 473 longi
291 416 430 471 operis
461 414 737 457 festinantem
766 413 946 469 ideoque
978 417 1020 455 et
1052 412 1135 455 alia
1167 413 1306 456 multa
1338 418 1583 470 peccantem
1611 417 1655 456 et
1680 415 1735 456 iis

138 487 243 543 ipsis
275 485 486 535 artificiis,
524 485 679 545 quibus
711 483 850 526 multo
877 485 1084 526 maiorem
1111 488 1275 539 partem
1304 484 1486 526 feliciter
1511 483 1735 540 lepideque

139 557 429 607 exornaverit,
463 559 552 598 tam
583 557 726 611 inepte
758 559 951 597 utentem
986 558 1034 596 ut
1065 554 1260 597 dedecori
1291 555 1395 597 fiant
1425 557 1506 597 toti
1538 556 1732 597 carmini.

140 626 261 680 Quod
301 627 376 669 ubi
418 626 550 669 semel
592 626 712 668 nobis
756 629 923 668 constat
955 629 1082 681 atque
1115 629 1307 668 accurate
1341 630 1404 668 est
1437 630 1733 682 perspectum,

138 699 275 754 parati
308 711 457 739 sumus
489 697 540 739 ad
572 697 857 739 dirimendam
885 697 1175 751 quaestionem
1203 698 1429 753 permagni
1455 698 1663 739 momenti
1690 700 1733 738 et

139 782 262 824 saepe
302 769 390 810 iam
433 769 656 824 agitatam.
701 766 810 819 Quid
849 768 941 822 ipse
974 766 1023 808 de
1056 768 1145 808 suis
1178 766 1593 822 Metamorphosesin
1623 766 1733 808 iudi-

137 840 297 881 caverit
339 837 518 880 Ovidius
561 839 786 888 novimus,
829 851 957 879 suum
999 838 1090 893 ipse
1131 837 1344 879 iudicium
1385 839 1429 879 in
1463 838 1599 880 fronte
1629 837 1730 879 libri

138 910 239 964 poni
285 909 427 959 iubet,
471 909 593 950 cuius
635 912 778 950 totum
820 907 906 950 fere
948 911 1255 964 argumentum
1296 909 1341 950 in
1383 909 1451 950 his
1493 909 1602 950 inest
1641 921 1733 951 ver-

139 979 279 1022 sibus:
707 1027 709 1029 ¹

321 1049 538 1105 Quidquid
569 1051 614 1090 in
647 1049 715 1090 his
746 1050 885 1106 igitur
915 1050 1015 1091 vitii
1047 1049 1151 1091 rude
1182 1063 1351 1092 carmen
1384 1049 1579 1099 habebit,

381 1120 720 1169 Emendaturus,
754 1121 790 1161 si
821 1119 1035 1170 licuisset,
1070 1133 1199 1162 eram.

137 1190 365 1243 Quaeritur
397 1205 506 1232 nunc
539 1190 642 1245 quid
672 1189 783 1232 illud
817 1192 874 1232 sit
906 1191 1016 1246 quod
1050 1189 1229 1232 Ovidius
1255 1192 1387 1232 fuerit
1413 1190 1731 1233 emendaturus.

138 1260 481 1317 Respondemus:
531 1261 578 1302 id
621 1261 734 1316 quod
779 1263 954 1303 omnino
999 1261 1222 1303 emendare
1265 1262 1419 1316 potuit.
1468 1262 1730 1303 Putemusne

141 1330 368 1382 Ovidium,
404 1332 440 1372 si
471 1333 515 1372 111
547 1331 651 1373 111116
683 1344 854 1373 manere
888 1332 927 1372 ei
958 1330 1148 1372 licuisset
1180 1334 1307 1386 atque
1332 1330 1409 1373 illa
1436 1331 1618 1373 secunda
1645 1331 1730 1373 frui

139 1402 332 1453 fortuna,
377 1415 483 1457 quae
514 1403 601 1443 iam
635 1402 806 1457 propria
837 1403 874 1443 ei
907 1401 1044 1443 videri
1078 1405 1266 1457 poterat,
1300 1390 1559 1457 magnopere
1592 1406 1730 1443 totam

139 1474 278 1528 operis
309 1472 440 1514 fuisse
471 1475 742 1513 mutaturum
777 1469 1130 1526 dispositionem?
1162 1471 1278 1513 Num
1311 1471 1512 1514 credibile
1540 1471 1650 1513 illud
1678 1471 1728 1514 de

137 1556 186 1585 eo
227 1543 425 1592 homine,
474 1543 548 1598 qui
598 1556 707 1592 „non
753 1543 972 1598 ignoravit
1014 1543 1122 1583 vitia
1168 1555 1243 1584 sua
1285 1542 1357 1584 sed
1399 1541 1606 1592 amavit'’,
1656 1544 1730 1597 qui

141 1612 325 1664 „maluit
355 1614 527 1669 ingenio
560 1626 635 1654 suo
667 1611 891 1669 indulgere
925 1626 1052 1667 quam
1085 1611 1354 1668 imperare’'?
1387 1612 1525 1655 Immo
1552 1627 1652 1655 vero
1679 1627 1730 1654 116

137 1683 283 1725 6611616
316 1683 489 1739 quidem
522 1683 694 1725 videtur
724 1685 767 1725 111
801 1689 999 1725 naturam
1026 1684 1226 1724 hominis.
1260 1682 1404 1725 Faciat
1432 1684 1541 1725 mihi
1569 1686 1732 1739 pericu-

137 1753 229 1795 lum
258 1756 500 1809 quicunque
527 1768 720 1809 unquam
746 1755 1036 1809 composuerit
1063 1753 1224 1809 aliquid
1250 1753 1490 1796 literarum.
1525 1754 1570 1796 Si
1597 1753 1730 1796 semel

135 1839 200 1868 res
233 1839 355 1867 suam
389 1827 470 1867 sibi
503 1823 685 1866 fermam
717 1829 841 1866 nacta
872 1829 956 1874 est,
989 1823 1116 1866 aliam
1148 1824 1324 1866 induere
1351 1826 1438 1866 iam
1464 1839 1547 1866 non
1574 1829 1727 1880 potest.

136 1894 347 1951 Exemplo
388 1898 487 1936 utar
528 1897 609 1937 toti
656 1894 973 1951 philologorum
1020 1896 1140 1950 genti
1188 1896 1427 1936 notissimo.
1477 1895 1627 1936 Latine
1676 1895 1727 1937 de

137 1967 289 2021 quovis
330 1970 607 2021 argumento,
651 1966 742 2007 sive
784 1965 835 2006 ad
868 1966 1064 2020 antiquas
1095 1964 1241 2006 literas
1273 1966 1458 2021 pertinet
1488 1964 1601 2006 illud
1634 1967 1725 2007 sive

137 2035 189 2078 ad
236 2035 481 2091 quotidiana
528 2036 759 2091 praesentis
802 2036 954 2077 aetatis
996 2037 1190 2091 negotia,
1236 2049 1318 2077 nou
1359 2037 1518 2077 maiore
1550 2037 1723 2091 negotio

137 2119 266 2161 quam
309 2104 534 2147 vernacule
576 2105 802 2147 scribimus
835 2119 1004 2154 omnes,
1038 2110 1081 2147 et
1112 2110 1212 2146 sunt
1243 2105 1354 2146 haud
1388 2119 1544 2160 paucae
1576 2119 1640 2147 res
1674 2105 1723 2147 de

134 2177 288 2231 quibus
316 2175 448 2218 latine
481 2189 611 2230 quam
643 2174 868 2217 vernacule
896 2175 1077 2217 scribere
1106 2175 1324 2217 malimus.
1359 2175 1438 2217 Sed
1467 2181 1724 2232 quantopere

134 2245 361 2295 sudamus,
405 2259 532 2300 quam
578 2245 709 2287 arduo
750 2247 1005 2301 ingratoque
1047 2244 1190 2286 labore
1224 2259 1298 2286 nos
1331 2245 1457 2301 fungi
1489 2248 1723 2297 sentimus,

136 2317 172 2357 si
213 2315 338 2370 quid,
374 2315 486 2370 quod
518 2314 650 2357 semel
684 2314 908 2357 vernacule
940 2316 1211 2370 scripsimus,
1245 2315 1434 2370 aliquam
1468 2316 1520 2357 ob
1553 2330 1724 2358 causam

135 2385 262 2427 latine
306 2386 531 2427 vertendum
572 2385 692 2427 nobis
726 2390 801 2426 est.
835 2384 993 2426 Verum
1026 2385 1233 2427 faciamus
1266 2390 1435 2440 poetam
1466 2385 1616 2434 illum,
1651 2388 1725 2442 qui

134 2458 330 2512 quamvis
363 2470 463 2498 eum
495 2469 711 2505 amemus,
746 2457 943 2510 quamvis
976 2469 1098 2510 saepe
1131 2455 1405 2505 admiremur,
1439 2460 1582 2498 tamen
1616 2471 1724 2499 sem-

133 2540 219 2581 per,
249 2528 380 2568 etiam
408 2540 506 2567 cum
534 2527 804 2567 tristissimae
831 2526 882 2567 ab
910 2539 957 2567 eo
984 2539 1050 2567 res
1077 2529 1327 2575 tractantur,
1356 2525 1502 2568 ludere
1529 2530 1570 2568 et
1596 2529 1726 2569 iocari

135 2597 256 2638 nobis
300 2596 510 2646 videatur,
556 2609 704 2637 revera
745 2595 848 2637 adeo
891 2596 1089 2637 omnibus
1133 2594 1387 2637 mortalibus
1429 2596 1640 2638 industria
1682 2602 1724 2639 et

135 2667 383 2708 assiduitate
437 2667 698 2721 praestitisse
753 2669 802 2706 ut
854 2664 1050 2720 perficere
1097 2669 1138 2706 et
1185 2665 1236 2706 ad
1284 2667 1449 2707 exitum
1496 2667 1722 2722 perducere

135 2738 322 2792 potuerit
363 2751 477 2787 rem,
522 2750 604 2791 qua
645 2749 779 2791 neque
822 2740 918 2777 ante
962 2749 1096 2790 neque
1129 2739 1224 2790 post
1257 2749 1356 2777 eum
1389 2738 1613 2792 quisquam
1646 2752 1720 2780 un-

134 2820 264 2862 quam
296 2806 475 2849 feliciter
506 2809 562 2848 sit
593 2807 864 2862 perfunctus,
899 2805 1000 2861 quid
1035 2806 1228 2847 obstabat
1260 2820 1334 2847 cur
1365 2805 1436 2848 vel
1465 2806 1586 2849 exsul
1613 2822 1719 2864 opus

132 2876 240 2919 illud
282 2874 614 2933 aggrederetur?
656 2875 873 2917 Tristitiae
916 2875 1120 2917 levandae
1152 2875 1345 2926 nullum,
1378 2880 1428 2918 ut
1460 2879 1619 2932 opinor,
1654 2893 1722 2934 ap-

137 2948 223 2989 tius
254 2953 355 2989 erat.
389 2946 571 2988 Omnino
604 2959 861 3001 magnopere
892 2959 990 2986 suae
1023 2947 1062 2986 ei
1095 2945 1461 3001 Metamorphoses
1489 2946 1722 3002 placebant,
