2034 3334
1044 373 1099 415 80

309 495 361 538 de
393 494 547 538 Ovidio
580 498 740 538 taceam
778 521 833 527 -—-
865 496 1036 540 alienus
1069 498 1182 540 enim
1215 497 1286 540 hic
1317 511 1343 540 a
1372 499 1590 555 proposito
1625 523 1680 529 —
1714 500 1820 555 quot

310 573 571 628 quantisque
627 571 757 615 rebus
804 577 972 629 praeter
1019 586 1112 617 eam
1161 587 1290 630 quam
1336 574 1420 617 iam
1470 575 1592 631 attigi
1639 573 1821 618 Horatio

307 652 494 705 praestat
525 648 746 706 Virgilius.
781 648 1036 694 Communia
1067 650 1156 695 fere
1187 651 1290 694 haec
1321 649 1501 695 habent:

310 760 436 803 Hor.:
555 760 650 803 Illic
680 761 872 804 iniussae
903 762 1086 804 veniunt
1116 761 1169 804 ad
1201 762 1384 805 mulctra
1414 762 1611 819 capellae,

608 836 841 894 Refertque
872 841 991 881 tenta
1020 851 1129 895 grex
1162 839 1329 882 amicus
1360 838 1503 882 ubera.

309 952 371 1003 δὶς
401 955 547 998 ταύτὸν
578 954 676 1006 ἡμῖν
709 951 826 1004 εἶπεν,
860 959 902 999 et
933 956 1099 1013 ingrate
1129 954 1312 1008 παρέλκει
1345 957 1584 1010 amicus3
1617 956 1710 1014 ipsa
1725 955 1821 1002 bre-

309 1032 441 1074 vitate
473 1032 659 1075 disertus
693 1036 760 1075 est
791 1031 1004 1088 Virgilius

549 1142 674 1199 Ipsae
704 1143 813 1185 lacte
846 1142 1022 1186 domum
1057 1143 1242 1186 referent
1273 1143 1460 1186 distenta
1491 1142 1678 1200 capellae

550 1218 705 1263 Ubera.

308 1344 437 1387 Hor.:
555 1344 682 1387 Mella
715 1357 819 1388 cava
849 1349 1027 1389 manant
1059 1358 1114 1388 ex
1147 1345 1255 1388 ilice.

368 1464 468 1507 Non
514 1465 655 1521 potuit
700 1465 781 1507 hoc
826 1465 1042 1521 negligere
1084 1465 1318 1521 Virgilius:
1362 1466 1407 1507 in
1439 1465 1818 1521 praestantissimis

309 1543 424 1584 enim
457 1541 634 1584 deorum
664 1541 788 1584 donis
816 1541 869 1584 ab
897 1543 1088 1597 antiquis
1115 1555 1282 1598 semper
1304 1541 1387 1584 mel
1404 1545 1659 1584 numeratur
1674 1545 1716 1585 et
1730 1541 1819 1585 fere

308 1618 547 1661 ambrosiae
577 1619 817 1661 nectarisve
848 1619 984 1661 instar
1015 1618 1207 1661 habetur.
1235 1617 1364 1661 Dedit
1392 1630 1492 1674 ergo
1519 1618 1646 1674 pleno
1663 1630 1816 1662 versu:

551 1736 607 1779 Et
638 1736 771 1779 durae
803 1749 989 1792 quercus
1022 1735 1241 1779 sudabunt
1272 1736 1440 1779 roscida
1470 1736 1609 1779 mella.

368 1854 547 1897 Horatio
580 1858 725 1898 autem
759 1855 974 1912 quomodo
1005 1868 1180 1898 versum
1207 1855 1398 1911 expleret
1425 1855 1650 1911 quaerenti
1665 1855 1816 1911 invito,

309 1935 359 1974 ut
391 1933 552 1988 opinor,
585 1933 692 1975 alter
724 1946 771 1976 se
801 1932 956 1975 obtulit
988 1945 1163 1986 versus3
1196 1945 1295 1975 nam
1327 1933 1430 1974 satis
1461 1931 1728 1988 languidum,
1759 1944 1816 1976 ue

310 2021 441 2052 sensu
473 2022 646 2052 cassum
679 2010 830 2065 dicam,
863 2013 928 2052 est
965 2009 1083 2052 istud

1117 2117 1337 2161 montibus
1368 2118 1464 2161 altis

607 2195 734 2239 Levis
766 2198 964 2252 crepante
995 2195 1172 2252 lympha
1203 2195 1345 2238 desilit
1375 2195 1494 2251 pede.

309 2321 438 2364 Hor.:
555 2321 712 2365 Reddit
743 2321 819 2365 ubi
851 2334 1038 2365 cererem
1069 2321 1198 2364 tellus
1230 2322 1394 2364 inarata
1426 2323 1656 2377 quotannis

607 2398 664 2441 Et
694 2400 904 2455 imputata
935 2398 1060 2441 floret
1091 2411 1232 2454 usque
1264 2399 1403 2441 vinea.

310 2515 520 2570 Sentisne,
564 2516 707 2571 lector,
758 2529 887 2572 quam
929 2516 1123 2572 pedestre
1155 2517 1221 2572 sit,
1254 2529 1383 2572 quam
1415 2529 1568 2572 parum
1597 2515 1813 2571 poeticum

309 2593 425 2634 istud
458 2593 804 2647 quotannis?
835 2593 1044 2648 Sentisne,
1077 2594 1156 2648 aio,
1189 2607 1290 2635 nam
1321 2594 1367 2634 ni
1399 2593 1532 2635 sentis
1558 2593 1813 2635 convincere

310 2673 350 2711 te
381 2681 436 2711 ne
468 2669 655 2711 conabor
686 2670 871 2726 quidem.
904 2669 1077 2713 Eximio
1107 2683 1207 2713 vero
1239 2669 1471 2725 Virgilius:

550 2787 668 2830 Molli
700 2790 906 2845 paulatim
938 2789 1139 2832 flavescet
1171 2802 1349 2845 campus
1390 2788 1518 2830 arista

549 2864 817 2922 Incultisque
846 2867 1006 2910 rubens
1037 2866 1240 2923 pendebit
1271 2865 1467 2909 sentibus
1499 2878 1593 2908 uva.
