2034 3334
15 3255 28 3269 :
2 3231 14 3239 ζ
0 3147 24 3203 '2'5-351'
0 2840 29 3134 mffitssfsssae‘fssfru'‘⁵s{{.;{i²··T³
10 2761 18 2766 Γ
0 2729 4 2731 ’

955 413 1009 453 29

199 542 269 581 hic
309 542 360 581 de
391 541 482 581 loco
514 541 558 580 in
590 551 671 589 quo
703 550 816 579 nunc
846 550 1073 578 versamur
1104 538 1367 578 sententiam
1399 548 1545 577 meam
1577 549 1756 588 pronun-

198 618 333 656 tiasse
365 617 473 656 satis
504 617 653 655 habeo.

263 692 354 742 „Ad
399 693 607 731 Thaidem
653 692 834 730 deducta
880 691 973 729 est”
1017 691 1227 729 Parmeno
1268 691 1416 729 narrat
1460 690 1608 739 „eique
1650 690 1759 728 dono

201 769 301 807 data
331 779 356 807 a
385 768 536 817 milite,
570 768 716 806 fratris
742 767 807 806 tui
833 767 979 805 rivale.
1008 766 1066 804 At
1092 766 1226 805 frater
1251 767 1353 804 tuus
1375 766 1435 804 nil
1454 766 1604 804 habuit
1626 766 1759 804 miser

201 844 311 892 quod
351 844 502 883 Thaidi
543 844 664 882 daret
705 853 835 891 quam
876 842 1143 891 Eunuchum,
1188 842 1259 890 qui
1295 842 1403 880 mihi
1435 841 1523 880 iarn
1555 841 1607 880 ad
1640 842 1760 880 illam

202 921 268 958 est
295 919 607 958 deducendus.”
635 918 717 957 Hic
742 918 936 957 Eunuchi
952 918 1067 956 illius
1084 918 1301 966 praedicat
1317 917 1535 956 fortunam
1558 916 1758 956 Chaerea.
1837 967 1840 969 Α

201 995 371 1034 Etenim
407 995 634 1044 „summa”
669 995 755 1043 (ait,
789 1004 876 1036 vss.
912 995 996 1033 366
1030 997 1160 1042 sqq.):

806 1069 946 1108 forma
977 1079 1149 1118 semper
1181 1079 1434 1108 conservam
1467 1069 1582 1108 domi

261 1146 441 1195 Videbit,
477 1146 750 1194 colloquetur,
785 1145 921 1183 aderit
951 1155 1038 1183 una
1069 1145 1112 1183 in
1144 1146 1242 1184 unis
1275 1146 1462 1184 aedibus.

263 1221 414 1261 Cibum
431 1232 515 1260 non
532 1231 770 1269 numquam
788 1221 927 1269 capiet
944 1201 1043 1259 oiim
1061 1231 1122 1270 ea,
1142 1221 1358 1260 interdum
1375 1223 1547 1270 propter
1564 1223 1759 1261 dormiet.

203 1298 400 1336 Ludibrio
438 1308 538 1336 eum
570 1307 721 1335 servus
752 1296 882 1335 habet
913 1298 957 1335 et
991 1297 1091 1346 „vin
1121 1298 1165 1335 te
1197 1297 1312 1335 illius
1343 1297 1538 1336 Eunuchi
1568 1298 1762 1337 vestibus

203 1373 401 1412 indutum
443 1373 495 1411 ad
537 1372 744 1411 Thaidem
781 1372 989 1411 deducam
1000 1373 1048 1410 ‘?'’
1081 1374 1215 1421 rogat,
1251 1372 1364 1411 haud
1395 1375 1600 1422 reputans
1633 1384 1763 1422 quam

203 1449 494 1497 imprudenter
525 1449 655 1487 faciat
681 1449 791 1496 quod
818 1448 1185 1487 adolescentulum
1211 1450 1304 1487 tam
1330 1448 1606 1500 θερμόβουλον
1633 1460 1763 1497 quam

202 1524 272 1563 hic
313 1526 380 1563 est
421 1524 698 1563 audacissimi
739 1524 842 1563 facti
884 1525 1126 1563 admoneat.
1172 1524 1330 1563 Statim
1372 1525 1488 1563 enim
1519 1525 1623 1564 illud
1654 1526 1761 1563 tam—

203 1610 331 1648 quam
369 1600 480 1638 serio
512 1600 662 1639 datum
695 1600 922 1638 consilium
953 1600 1102 1648 arripit
1134 1599 1334 1638 Chaerea.
1368 1600 1527 1638 Audire
1559 1601 1646 1639 iam
1678 1611 1763 1639 non

202 1675 296 1714 vult
341 1686 517 1714 servum
563 1675 852 1714 affirmantem
899 1685 946 1714 se
991 1676 1082 1714 ioco
1129 1675 1233 1714 illud
1259 1676 1449 1725 dixisse,
1495 1676 1608 1724 cogit
1649 1687 1761 1725 eum,

203 1750 348 1799 trudit,
377 1751 571 1800 impellit,
599 1751 643 1789 vi
670 1761 818 1789 secum
845 1751 889 1788 in
915 1751 1050 1799 patris
1077 1751 1145 1789 sui
1170 1751 1400 1799 fratrisque
1423 1751 1550 1790 aedes
1567 1752 1760 1802 attrahit,

203 1826 314 1864 unde
355 1826 548 1864 Eunuchi
589 1826 775 1874 sumptis
816 1826 1011 1864 vestibus
1054 1836 1184 1873 quam
1226 1826 1415 1874 primurn
1452 1837 1527 1874 pro
1559 1827 1763 1879 Eunucho

205 1902 258 1939 ad
299 1901 504 1939 Thaidem
547 1902 790 1940 deducatur.
825 1902 1093 1950 Rogantique
1125 1912 1250 1941 servo
1284 1905 1362 1947 (vs.
1396 1903 1495 1948 389)
1533 1903 1762 1951 „iubesne”

205 1976 454 2024 respondet:
487 1987 615 2025 „cogo
642 1979 769 2025 atque
786 1978 972 2025 imper03
991 1988 1213 2025 nunquam
1230 1978 1398 2026 defugio
1417 1977 1763 2019 auctoritatem.''

208 2050 296 2099 Quo
328 2051 471 2089 audito
503 2061 654 2090 servus
689 2062 914 2101 „sequeret
948 2053 990 2091 di
1020 2054 1194 2091 vortant
1225 2053 1374 2092 bene.’'
1408 2054 1518 2093 Tum
1551 2055 1677 2093 aedes
1705 2056 1763 2093 in-

206 2128 390 2164 troeunt.
434 2125 514 2164 Hic
556 2128 653 2175 apte
695 2127 969 2175 appositeque
1002 2129 1254 2167 annotatur:
1292 2129 1546 2176 „Evidenter
1578 2131 1766 2170 ostendit

206 2202 302 2250 plus
344 2212 438 2240 esse
475 2202 753 2250 imperare
785 2212 915 2250 quam
947 2203 1133 2242 iubere.”
1167 2204 1277 2242 Nam
1309 2204 1520 2252 impero
1553 2206 1624 2244 ubi
1657 2206 1766 2244 dixit

208 2276 406 2326 Chaerea,
436 2278 531 2315 tum
560 2277 735 2315 demum
762 2276 975 2325 significat
1001 2288 1048 2316 se
1075 2289 1295 2326 nunquam
1323 2279 1493 2327 culpam
1519 2281 1563 2319 in
1589 2291 1765 2320 servum

208 2363 302 2391 esse
343 2353 616 2391 reiecturum.
650 2352 763 2390 Alibi
795 2353 1004 2390 eiusmodi
1036 2353 1087 2391 de
1119 2354 1434 2404 imperandi
1465 2356 1594 2394 verbo
1627 2357 1764 2396 obser-

207 2428 427 2466 vationem
468 2428 612 2466 minus
655 2429 769 2466 recte
811 2428 1023 2466 adiectam
1063 2429 1265 2468 vidimus.
1306 2430 1447 2485 Atque
1485 2441 1540 2469 ex
1570 2442 1655 2470 uno
1686 2432 1797 2474 hoc*
1850 2472 1857 2475 μ

208 2503 405 2568 θξθῐηρΙο
463 2504 638 2551 apparet
693 2513 823 2550 quam
874 2513 1026 2551 parum
1072 2503 1266 2543 fidelibus
1313 2506 1559 2545 custodibus
1604 2508 1766 2546 vetusti

209 2578 472 2617 Scholiastae
505 2578 716 2626 sapientia
748 2579 981 2617 commissa
1011 2579 1152 2618 fuerit.

268 2654 349 2692 Sed
390 2655 557 2692 restant
594 2653 803 2701 quaedam
835 2654 878 2691 in
910 2654 1260 2702 praecedentibus
1292 2655 1342 2694 de
1375 2657 1527 2704 quibus
1560 2659 1765 2697 annotare

208 2739 344 2777 pauca
373 2729 503 2768 lubet.

268 2815 331 2843 vs.
361 2792 459 2852 359.
488 2804 645 2843 Audito
671 2803 846 2843 Thaidis
863 2805 1036 2844 nomine
1054 2805 1263 2845 Chaerea:
1286 2807 1394 2856 „Sed
1411 2808 1541 2847 istam
1559 2809 1766 2848 Thaidem

209 2889 294 2918 non
335 2880 442 2918 scivi
483 2880 605 2918 nobis
647 2880 877 2919 vicinam.”
916 2880 1160 2929 Respondet
1190 2882 1402 2922 Parmeno
1435 2884 1575 2933 „haud
1607 2885 1764 2924 diust.''

210 2954 350 2993 Perite
393 2956 631 2994 Scholiasta
672 2958 871 2995 annotat:
905 2955 1134 3008 „olnovoffala
1166 2960 1313 2997 contra
1344 2960 1459 2998 istud
1491 2960 1600 3008 quod
1632 2971 1764 3000 mere-
