<?xml version="1.0" encoding="UTF-8"?>
<!DOCTYPE html PUBLIC "-//W3C//DTD XHTML 1.0 Transitional//EN"
    "http://www.w3.org/TR/xhtml1/DTD/xhtml1-transitional.dtd">
<html xmlns="http://www.w3.org/1999/xhtml" xml:lang="en" lang="en">
 <head>
  <title>
</title>
<meta http-equiv="Content-Type" content="text/html;charset=utf-8" />
  <meta name='ocr-system' content='tesseract 3.04.00' />
  <meta name='ocr-capabilities' content='ocr_page ocr_carea ocr_par ocr_line ocrx_word'/>
</head>
<body>
  <div class='ocr_page' id='page_1' title='image "./dehoratiopota00hartuoft_0149.png"; bbox 0 0 2034 3334; ppageno 0'>
   <div class='ocr_carea' id='block_1_1' title="bbox 894 378 975 419">
    <p class='ocr_par' dir='ltr' id='par_1_1' title="bbox 894 378 975 419">
     <span class='ocr_line' id='line_1_1' title="bbox 894 378 975 419; baseline 0 0"><span class='ocrx_word' id='word_1_1' title='bbox 894 378 975 419; x_wconf 90' lang='lat'>141</span> 
     </span>
    </p>
   </div>
   <div class='ocr_carea' id='block_1_2' title="bbox 368 502 1546 711">
    <p class='ocr_par' dir='ltr' id='par_1_2' title="bbox 368 502 1546 711">
     <span class='ocr_line' id='line_1_2' title="bbox 368 502 1546 560; baseline 0.003 -16"><span class='ocrx_word' id='word_1_2' title='bbox 368 502 441 557; x_wconf 89' lang='lat' dir='ltr'>At,</span> <span class='ocrx_word' id='word_1_3' title='bbox 469 504 584 558; x_wconf 89' lang='lat' dir='ltr'>puto,</span> <span class='ocrx_word' id='word_1_4' title='bbox 614 515 689 558; x_wconf 91' lang='lat' dir='ltr'>per</span> <span class='ocrx_word' id='word_1_5' title='bbox 719 505 852 545; x_wconf 89' lang='lat' dir='ltr'>terras</span> <span class='ocrx_word' id='word_1_6' title='bbox 883 504 964 546; x_wconf 91' lang='lat' dir='ltr'>iter</span> <span class='ocrx_word' id='word_1_7' title='bbox 995 506 1069 559; x_wconf 88' lang='lat' dir='ltr'>est,</span> <span class='ocrx_word' id='word_1_8' title='bbox 1099 506 1354 560; x_wconf 88' lang='lat' dir='ltr'>tantumque</span> <span class='ocrx_word' id='word_1_9' title='bbox 1385 504 1546 560; x_wconf 84' lang='lat' dir='ltr'>dolebo,</span> 
     </span>
     <span class='ocr_line' id='line_1_3' title="bbox 369 578 1529 636; baseline 0.003 -16"><span class='ocrx_word' id='word_1_10' title='bbox 369 578 466 620; x_wconf 89' lang='lat' dir='ltr'>Non</span> <span class='ocrx_word' id='word_1_11' title='bbox 497 579 623 621; x_wconf 87' lang='lat' dir='ltr'>etiam</span> <span class='ocrx_word' id='word_1_12' title='bbox 657 582 856 635; x_wconf 88' lang='lat' dir='ltr'>metuam,</span> <span class='ocrx_word' id='word_1_13' title='bbox 887 592 1102 636; x_wconf 88' lang='lat' dir='ltr'>curaeque</span> <span class='ocrx_word' id='word_1_14' title='bbox 1133 581 1286 623; x_wconf 89' lang='lat' dir='ltr'>timore</span> <span class='ocrx_word' id='word_1_15' title='bbox 1315 580 1529 623; x_wconf 89' lang='lat' dir='ltr'>carebunt.</span> 
     </span>
     <span class='ocr_line' id='line_1_4' title="bbox 369 654 1033 711; baseline 0.003 -15"><span class='ocrx_word' id='word_1_16' title='bbox 369 654 569 710; x_wconf 85' lang='lat' dir='ltr'><strong>Aequora</strong></span> <span class='ocrx_word' id='word_1_17' title='bbox 599 667 667 697; x_wconf 91' lang='lat' dir='ltr'>me</span> <span class='ocrx_word' id='word_1_18' title='bbox 699 658 859 698; x_wconf 88' lang='lat' dir='ltr'>terrent</span> <span class='ocrx_word' id='word_1_19' title='bbox 891 668 924 698; x_wconf 96' lang='lat' dir='ltr'>e.</span> <span class='ocrx_word' id='word_1_20' title='bbox 943 669 981 711; x_wconf 88' lang='lat' dir='ltr'>q.</span> <span class='ocrx_word' id='word_1_21' title='bbox 1001 669 1033 698; x_wconf 89' lang='lat' dir='ltr'>s.</span> 
     </span>
    </p>
   </div>
   <div class='ocr_carea' id='block_1_3' title="bbox 195 778 1680 988">
    <p class='ocr_par' dir='ltr' id='par_1_3' title="bbox 195 778 1680 988">
     <span class='ocr_line' id='line_1_5' title="bbox 195 778 1680 837; baseline 0.002 -16"><span class='ocrx_word' id='word_1_22' title='bbox 195 778 270 821; x_wconf 84' lang='lat' dir='ltr'>ubi</span> <span class='ocrx_word' id='word_1_23' title='bbox 315 792 482 822; x_wconf 88' lang='lat' dir='ltr'>curae</span> <span class='ocrx_word' id='word_1_24' title='bbox 526 793 612 822; x_wconf 90' lang='lat' dir='ltr'>non</span> <span class='ocrx_word' id='word_1_25' title='bbox 654 780 696 822; x_wconf 92' lang='lat' dir='ltr'>id</span> <span class='ocrx_word' id='word_1_26' title='bbox 739 780 947 836; x_wconf 87' lang='lat' dir='ltr'>significat</span> <span class='ocrx_word' id='word_1_27' title='bbox 990 780 1105 836; x_wconf 90' lang='lat' dir='ltr'>quod</span> <span class='ocrx_word' id='word_1_28' title='bbox 1138 782 1273 836; x_wconf 89' lang='lat' dir='ltr'>primo</span> <span class='ocrx_word' id='word_1_29' title='bbox 1305 784 1476 837; x_wconf 89' lang='lat' dir='ltr'>aspectu</span> <span class='ocrx_word' id='word_1_30' title='bbox 1511 781 1680 824; x_wconf 89' lang='lat' dir='ltr'>videtur</span> 
     </span>
     <span class='ocr_line' id='line_1_6' title="bbox 195 855 1230 902; baseline 0.002 -5"><span class='ocrx_word' id='word_1_31' title='bbox 195 855 291 897; x_wconf 87' lang='lat' dir='ltr'>sed:</span> <span class='ocrx_word' id='word_1_32' title='bbox 325 855 511 902; x_wconf 87' lang='lat' dir='ltr'>absentis</span> <span class='ocrx_word' id='word_1_33' title='bbox 545 857 684 898; x_wconf 88' lang='lat' dir='ltr'>mariti</span> <span class='ocrx_word' id='word_1_34' title='bbox 717 857 927 899; x_wconf 83' lang='lat' dir='ltr'><strong>carissimi</strong></span> <span class='ocrx_word' id='word_1_35' title='bbox 961 857 1230 899; x_wconf 88' lang='lat' dir='ltr'>desiderium.</span> 
     </span>
     <span class='ocr_line' id='line_1_7' title="bbox 253 930 920 988; baseline 0.003 -16"><span class='ocrx_word' id='word_1_36' title='bbox 253 930 304 973; x_wconf 88' lang='lat' dir='ltr'>In</span> <span class='ocrx_word' id='word_1_37' title='bbox 337 932 481 974; x_wconf 88' lang='lat' dir='ltr'>eadem</span> <span class='ocrx_word' id='word_1_38' title='bbox 513 932 644 988; x_wconf 87' lang='lat' dir='ltr'>elegia</span> <span class='ocrx_word' id='word_1_39' title='bbox 675 946 735 975; x_wconf 87' lang='lat' dir='ltr'>vs.</span> <span class='ocrx_word' id='word_1_40' title='bbox 772 933 826 974; x_wconf 83' lang='lat'>12</span> <span class='ocrx_word' id='word_1_41' title='bbox 858 946 920 988; x_wconf 90' lang='lat' dir='ltr'>sq.</span> 
     </span>
    </p>
   </div>
   <div class='ocr_carea' id='block_1_4' title="bbox 373 1049 1596 1182">
    <p class='ocr_par' dir='ltr' id='par_1_4' title="bbox 373 1049 1596 1182">
     <span class='ocr_line' id='line_1_8' title="bbox 373 1049 1596 1107; baseline 0.001 -15"><span class='ocrx_word' id='word_1_42' title='bbox 373 1049 500 1092; x_wconf 91' lang='lat' dir='ltr'>Nunc</span> <span class='ocrx_word' id='word_1_43' title='bbox 531 1051 654 1106; x_wconf 88' lang='lat' dir='ltr'>agite,</span> <span class='ocrx_word' id='word_1_44' title='bbox 685 1063 708 1092; x_wconf 95' lang='lat'>0</span> <span class='ocrx_word' id='word_1_45' title='bbox 741 1051 857 1105; x_wconf 92' lang='lat' dir='ltr'>socii,</span> <span class='ocrx_word' id='word_1_46' title='bbox 887 1050 1107 1106; x_wconf 83' lang='lat' dir='ltr'>propellite</span> <span class='ocrx_word' id='word_1_47' title='bbox 1138 1052 1185 1092; x_wconf 91' lang='lat' dir='ltr'>in</span> <span class='ocrx_word' id='word_1_48' title='bbox 1214 1063 1400 1107; x_wconf 89' lang='lat' dir='ltr'>aequora</span> <span class='ocrx_word' id='word_1_49' title='bbox 1431 1064 1596 1106; x_wconf 89' lang='lat' dir='ltr'>navem,</span> 
     </span>
     <span class='ocr_line' id='line_1_9' title="bbox 431 1125 1373 1182; baseline 0.001 -14"><span class='ocrx_word' id='word_1_50' title='bbox 431 1125 749 1182; x_wconf 88' lang='lat' dir='ltr'>Remorumque</span> <span class='ocrx_word' id='word_1_51' title='bbox 780 1139 902 1182; x_wconf 90' lang='lat' dir='ltr'>pares</span> <span class='ocrx_word' id='word_1_52' title='bbox 934 1127 1075 1169; x_wconf 85' lang='lat' dir='ltr'>ducite</span> <span class='ocrx_word' id='word_1_53' title='bbox 1108 1129 1220 1169; x_wconf 86' lang='lat' dir='ltr'>sorte</span> <span class='ocrx_word' id='word_1_54' title='bbox 1250 1127 1373 1169; x_wconf 67' lang='lat' dir='ltr'>vices„</span> 
     </span>
    </p>
   </div>
   <div class='ocr_carea' id='block_1_5' title="bbox 199 1251 1687 1460">
    <p class='ocr_par' dir='ltr' id='par_1_5' title="bbox 199 1251 1687 1460">
     <span class='ocr_line' id='line_1_10' title="bbox 257 1251 1686 1308; baseline 0 -14"><span class='ocrx_word' id='word_1_55' title='bbox 257 1251 367 1294; x_wconf 88' lang='lat' dir='ltr'>Satis</span> <span class='ocrx_word' id='word_1_56' title='bbox 400 1251 628 1294; x_wconf 89' lang='lat' dir='ltr'>obscurum</span> <span class='ocrx_word' id='word_1_57' title='bbox 659 1251 773 1294; x_wconf 84' lang='lat' dir='ltr'>istud</span> <span class='ocrx_word' id='word_1_58' title='bbox 805 1265 1078 1294; x_wconf 90' lang='lat' dir='ltr'>remorum</span> <span class='ocrx_word' id='word_1_59' title='bbox 1110 1265 1273 1308; x_wconf 90' lang='lat' dir='ltr'>pares</span> <span class='ocrx_word' id='word_1_60' title='bbox 1305 1253 1463 1295; x_wconf 83' lang='lat' dir='ltr'>vices</span> <span class='ocrx_word' id='word_1_61' title='bbox 1503 1252 1686 1308; x_wconf 83' lang='lat' dir='ltr'>videtur,</span> 
     </span>
     <span class='ocr_line' id='line_1_11' title="bbox 199 1325 1686 1385; baseline 0.001 -16"><span class='ocrx_word' id='word_1_62' title='bbox 199 1330 240 1370; x_wconf 88' lang='lat' dir='ltr'>et</span> <span class='ocrx_word' id='word_1_63' title='bbox 271 1325 374 1369; x_wconf 69' lang='grc' dir='ltr'>πάνυ</span> <span class='ocrx_word' id='word_1_64' title='bbox 404 1326 663 1381; x_wconf 74' lang='grc' dir='ltr'><em>ἄσυμμέτρως</em></span> <span class='ocrx_word' id='word_1_65' title='bbox 704 1328 785 1370; x_wconf 89' lang='lat' dir='ltr'>tria</span> <span class='ocrx_word' id='word_1_66' title='bbox 815 1328 918 1370; x_wconf 89' lang='lat' dir='ltr'>haec</span> <span class='ocrx_word' id='word_1_67' title='bbox 951 1327 1079 1370; x_wconf 87' lang='lat' dir='ltr'>verba</span> <span class='ocrx_word' id='word_1_68' title='bbox 1110 1331 1425 1385; x_wconf 89' lang='lat' dir='ltr'>componuntur</span> <span class='ocrx_word' id='word_1_69' title='bbox 1455 1342 1554 1371; x_wconf 90' lang='lat' dir='ltr'>cum</span> <span class='ocrx_word' id='word_1_70' title='bbox 1587 1330 1686 1371; x_wconf 89' lang='lat' dir='ltr'>sim-</span> 
     </span>
     <span class='ocr_line' id='line_1_12' title="bbox 199 1403 1687 1460; baseline 0.001 -15"><span class='ocrx_word' id='word_1_71' title='bbox 199 1403 298 1459; x_wconf 87' lang='lat' dir='ltr'>plici</span> <span class='ocrx_word' id='word_1_72' title='bbox 345 1407 504 1446; x_wconf 87' lang='lat' dir='ltr'>sorte.</span> <span class='ocrx_word' id='word_1_73' title='bbox 551 1403 827 1446; x_wconf 89' lang='lat' dir='ltr'>Metuendum</span> <span class='ocrx_word' id='word_1_74' title='bbox 870 1407 1087 1459; x_wconf 88' lang='lat' dir='ltr'>praeterea</span> <span class='ocrx_word' id='word_1_75' title='bbox 1127 1417 1182 1446; x_wconf 91' lang='lat' dir='ltr'>ne</span> <span class='ocrx_word' id='word_1_76' title='bbox 1228 1405 1324 1460; x_wconf 91' lang='lat' dir='ltr'>quis</span> <span class='ocrx_word' id='word_1_77' title='bbox 1356 1404 1430 1446; x_wconf 91' lang='lat' dir='ltr'>illa</span> <span class='ocrx_word' id='word_1_78' title='bbox 1459 1404 1604 1460; x_wconf 88' lang='lat' dir='ltr'>legens</span> <span class='ocrx_word' id='word_1_79' title='bbox 1636 1404 1687 1446; x_wconf 92' lang='lat' dir='ltr'>de</span> 
     </span>
    </p>
   </div>
   <div class='ocr_carea' id='block_1_6' title="bbox 199 1478 1687 1599">
    <p class='ocr_par' dir='ltr' id='par_1_6' title="bbox 199 1478 1687 1599">
     <span class='ocr_line' id='line_1_13' title="bbox 200 1478 1687 1536; baseline 0.001 -15"><span class='ocrx_word' id='word_1_80' title='bbox 200 1478 341 1535; x_wconf 85' lang='lat' dir='ltr'>aliqua</span> <span class='ocrx_word' id='word_1_81' title='bbox 384 1482 495 1522; x_wconf 87' lang='lat' dir='ltr'>sorte</span> <span class='ocrx_word' id='word_1_82' title='bbox 528 1493 636 1535; x_wconf 87' lang='lat' dir='ltr'>quae</span> <span class='ocrx_word' id='word_1_83' title='bbox 668 1493 722 1522; x_wconf 81' lang='lat' dir='ltr'>ex</span> <span class='ocrx_word' id='word_1_84' title='bbox 752 1493 862 1522; x_wconf 87' lang='lat' dir='ltr'>urna</span> <span class='ocrx_word' id='word_1_85' title='bbox 893 1480 1064 1523; x_wconf 84' lang='lat' dir='ltr'>ducitur</span> <span class='ocrx_word' id='word_1_86' title='bbox 1095 1481 1260 1536; x_wconf 83' lang='lat' dir='ltr'>cogitet.</span> <span class='ocrx_word' id='word_1_87' title='bbox 1296 1479 1431 1531; x_wconf 80' lang='lat' dir='ltr'>Quam</span> <span class='ocrx_word' id='word_1_88' title='bbox 1464 1481 1687 1536; x_wconf 89' lang='lat' dir='ltr'>perspicua</span> 
     </span>
     <span class='ocr_line' id='line_1_14' title="bbox 199 1555 1107 1599; baseline 0.002 -2"><span class='ocrx_word' id='word_1_89' title='bbox 199 1567 298 1598; x_wconf 88' lang='lat' dir='ltr'>vero</span> <span class='ocrx_word' id='word_1_90' title='bbox 331 1556 472 1598; x_wconf 88' lang='lat' dir='ltr'>omnia</span> <span class='ocrx_word' id='word_1_91' title='bbox 502 1555 612 1599; x_wconf 91' lang='lat' dir='ltr'>fiunt</span> <span class='ocrx_word' id='word_1_92' title='bbox 641 1555 811 1599; x_wconf 87' lang='lat' dir='ltr'>Heinsii</span> <span class='ocrx_word' id='word_1_93' title='bbox 842 1557 1107 1599; x_wconf 88' lang='lat' dir='ltr'>coniectura:</span> 
     </span>
    </p>
   </div>
   <div class='ocr_carea' id='block_1_7' title="bbox 432 1673 1343 1730">
    <p class='ocr_par' dir='ltr' id='par_1_7' title="bbox 432 1673 1343 1730">
     <span class='ocr_line' id='line_1_15' title="bbox 432 1673 1343 1730; baseline -0.001 -13"><span class='ocrx_word' id='word_1_94' title='bbox 432 1673 748 1730; x_wconf 85' lang='lat' dir='ltr'>Remorumque</span> <span class='ocrx_word' id='word_1_95' title='bbox 777 1675 869 1730; x_wconf 86' lang='lat' dir='ltr'>pari</span> <span class='ocrx_word' id='word_1_96' title='bbox 900 1674 1040 1717; x_wconf 90' lang='lat' dir='ltr'>ducite</span> <span class='ocrx_word' id='word_1_97' title='bbox 1072 1677 1184 1717; x_wconf 87' lang='lat' dir='ltr'>sorte</span> <span class='ocrx_word' id='word_1_98' title='bbox 1215 1675 1343 1729; x_wconf 85' lang='lat' dir='ltr'>vices,</span> 
     </span>
    </p>
   </div>
   <div class='ocr_carea' id='block_1_8' title="bbox 195 1798 1709 2844">
    <p class='ocr_par' dir='ltr' id='par_1_8' title="bbox 201 1798 1690 2160">
     <span class='ocr_line' id='line_1_16' title="bbox 201 1798 1689 1854; baseline 0 -14"><span class='ocrx_word' id='word_1_99' title='bbox 201 1811 327 1854; x_wconf 85' lang='lat' dir='ltr'>quam</span> <span class='ocrx_word' id='word_1_100' title='bbox 361 1798 574 1854; x_wconf 85' lang='lat' dir='ltr'>eleganter</span> <span class='ocrx_word' id='word_1_101' title='bbox 605 1798 686 1840; x_wconf 93' lang='lat' dir='ltr'>hoc</span> <span class='ocrx_word' id='word_1_102' title='bbox 718 1798 877 1840; x_wconf 84' lang='lat' dir='ltr'>dictum</span> <span class='ocrx_word' id='word_1_103' title='bbox 912 1800 987 1853; x_wconf 89' lang='lat' dir='ltr'>est,</span> <span class='ocrx_word' id='word_1_104' title='bbox 1021 1811 1149 1854; x_wconf 89' lang='lat' dir='ltr'>quam</span> <span class='ocrx_word' id='word_1_105' title='bbox 1181 1802 1275 1854; x_wconf 87' lang='lat' dir='ltr'>apte</span> <span class='ocrx_word' id='word_1_106' title='bbox 1304 1798 1529 1854; x_wconf 88' lang='lat' dir='ltr'>lepideque</span> <span class='ocrx_word' id='word_1_107' title='bbox 1546 1799 1689 1840; x_wconf 90' lang='lat' dir='ltr'>omnia</span> 
     </span>
     <span class='ocr_line' id='line_1_17' title="bbox 201 1874 1689 1930; baseline 0 -14"><span class='ocrx_word' id='word_1_108' title='bbox 201 1877 303 1917; x_wconf 91' lang='lat' dir='ltr'>sunt</span> <span class='ocrx_word' id='word_1_109' title='bbox 348 1875 551 1930; x_wconf 88' lang='lat' dir='ltr'>disposita</span> <span class='ocrx_word' id='word_1_110' title='bbox 596 1877 815 1930; x_wconf 87' lang='lat' dir='ltr'>tamquam</span> <span class='ocrx_word' id='word_1_111' title='bbox 856 1874 1098 1917; x_wconf 83' lang='lat' dir='ltr'>tesserulae.</span> <span class='ocrx_word' id='word_1_112' title='bbox 1139 1874 1233 1916; x_wconf 90' lang='lat' dir='ltr'>Hoc</span> <span class='ocrx_word' id='word_1_113' title='bbox 1275 1874 1380 1930; x_wconf 90' lang='lat' dir='ltr'>quid</span> <span class='ocrx_word' id='word_1_114' title='bbox 1411 1875 1467 1917; x_wconf 90' lang='lat' dir='ltr'>sit</span> <span class='ocrx_word' id='word_1_115' title='bbox 1496 1874 1689 1917; x_wconf 88' lang='lat' dir='ltr'>dubitare</span> 
     </span>
     <span class='ocr_line' id='line_1_18' title="bbox 201 1951 1689 2007; baseline -0.001 -13"><span class='ocrx_word' id='word_1_116' title='bbox 201 1964 325 1994; x_wconf 92' lang='lat' dir='ltr'>nemo</span> <span class='ocrx_word' id='word_1_117' title='bbox 357 1954 516 2007; x_wconf 88' lang='lat' dir='ltr'>potest:</span> <span class='ocrx_word' id='word_1_118' title='bbox 556 1951 868 2007; x_wconf 87' lang='lat' dir='ltr'>simplicissimo</span> <span class='ocrx_word' id='word_1_119' title='bbox 901 1951 1014 1993; x_wconf 91' lang='lat' dir='ltr'>enim</span> <span class='ocrx_word' id='word_1_120' title='bbox 1047 1954 1199 1993; x_wconf 89' lang='lat' dir='ltr'>ornatu</span> <span class='ocrx_word' id='word_1_121' title='bbox 1230 1963 1503 1993; x_wconf 91' lang='lat' dir='ltr'>remorum</span> <span class='ocrx_word' id='word_1_122' title='bbox 1535 1951 1689 1993; x_wconf 85' lang='lat' dir='ltr'>vices</span> 
     </span>
     <span class='ocr_line' id='line_1_19' title="bbox 201 2027 1690 2083; baseline -0.001 -14"><span class='ocrx_word' id='word_1_123' title='bbox 201 2028 388 2083; x_wconf 90' lang='lat' dir='ltr'>positum</span> <span class='ocrx_word' id='word_1_124' title='bbox 430 2030 495 2070; x_wconf 85' lang='lat' dir='ltr'>est</span> <span class='ocrx_word' id='word_1_125' title='bbox 533 2039 608 2083; x_wconf 89' lang='lat' dir='ltr'>pro</span> <span class='ocrx_word' id='word_1_126' title='bbox 650 2027 903 2070; x_wconf 88' lang='lat' dir='ltr'>alternos</span> <span class='ocrx_word' id='word_1_127' title='bbox 945 2039 1146 2081; x_wconf 90' lang='lat' dir='ltr'>remos,</span> <span class='ocrx_word' id='word_1_128' title='bbox 1187 2029 1228 2069; x_wconf 93' lang='lat' dir='ltr'>et</span> <span class='ocrx_word' id='word_1_129' title='bbox 1267 2027 1388 2082; x_wconf 91' lang='lat' dir='ltr'>pari</span> <span class='ocrx_word' id='word_1_130' title='bbox 1429 2029 1583 2069; x_wconf 89' lang='lat' dir='ltr'>sorte</span> <span class='ocrx_word' id='word_1_131' title='bbox 1614 2039 1690 2082; x_wconf 92' lang='lat' dir='ltr'>pro</span> 
     </span>
     <span class='ocr_line' id='line_1_20' title="bbox 202 2103 607 2160; baseline -0.005 -13"><span class='ocrx_word' id='word_1_132' title='bbox 202 2103 607 2160; x_wconf 85' lang='lat' dir='ltr'>aequabiliter.</span> 
     </span>
    </p>

    <p class='ocr_par' dir='ltr' id='par_1_9' title="bbox 195 2178 1703 2844">
     <span class='ocr_line' id='line_1_21' title="bbox 261 2178 1691 2234; baseline -0.001 -12"><span class='ocrx_word' id='word_1_133' title='bbox 261 2179 316 2222; x_wconf 91' lang='lat' dir='ltr'>Et</span> <span class='ocrx_word' id='word_1_134' title='bbox 357 2181 530 2222; x_wconf 89' lang='lat' dir='ltr'>omnino</span> <span class='ocrx_word' id='word_1_135' title='bbox 565 2182 723 2222; x_wconf 84' lang='lat' dir='ltr'>veteres</span> <span class='ocrx_word' id='word_1_136' title='bbox 754 2179 817 2220; x_wconf 91' lang='lat' dir='ltr'>illi</span> <span class='ocrx_word' id='word_1_137' title='bbox 848 2178 1002 2221; x_wconf 84' lang='lat' dir='ltr'>Batavi</span> <span class='ocrx_word' id='word_1_138' title='bbox 1032 2178 1129 2221; x_wconf 92' lang='lat' dir='ltr'>licet</span> <span class='ocrx_word' id='word_1_139' title='bbox 1160 2179 1315 2221; x_wconf 90' lang='lat' dir='ltr'>ductus</span> <span class='ocrx_word' id='word_1_140' title='bbox 1347 2179 1574 2234; x_wconf 89' lang='lat' dir='ltr'>apicesque</span> <span class='ocrx_word' id='word_1_141' title='bbox 1599 2178 1691 2220; x_wconf 88' lang='lat' dir='ltr'>lite-</span> 
     </span>
     <span class='ocr_line' id='line_1_22' title="bbox 205 2253 1689 2311; baseline -0.001 -13"><span class='ocrx_word' id='word_1_142' title='bbox 205 2269 349 2299; x_wconf 87' lang='lat' dir='ltr'>rarum</span> <span class='ocrx_word' id='word_1_143' title='bbox 391 2256 606 2299; x_wconf 90' lang='lat' dir='ltr'>interdum</span> <span class='ocrx_word' id='word_1_144' title='bbox 652 2268 802 2311; x_wconf 86' lang='lat' dir='ltr'>parum</span> <span class='ocrx_word' id='word_1_145' title='bbox 849 2255 1037 2297; x_wconf 88' lang='lat' dir='ltr'>curarint</span> <span class='ocrx_word' id='word_1_146' title='bbox 1084 2257 1125 2297; x_wconf 92' lang='lat' dir='ltr'>et</span> <span class='ocrx_word' id='word_1_147' title='bbox 1171 2255 1223 2297; x_wconf 93' lang='lat' dir='ltr'>de</span> <span class='ocrx_word' id='word_1_148' title='bbox 1273 2255 1347 2297; x_wconf 91' lang='lat' dir='ltr'>illa</span> <span class='ocrx_word' id='word_1_149' title='bbox 1394 2253 1689 2310; x_wconf 87' lang='lat' dir='ltr'>probabilitate</span> 
     </span>
     <span class='ocr_line' id='line_1_23' title="bbox 206 2330 1691 2389; baseline -0.002 -14"><span class='ocrx_word' id='word_1_150' title='bbox 206 2332 476 2389; x_wconf 88' lang='lat' dir='ltr'>diplomatica</span> <span class='ocrx_word' id='word_1_151' title='bbox 519 2345 574 2374; x_wconf 92' lang='lat' dir='ltr'>ne</span> <span class='ocrx_word' id='word_1_152' title='bbox 615 2332 865 2374; x_wconf 88' lang='lat' dir='ltr'>somniarint</span> <span class='ocrx_word' id='word_1_153' title='bbox 912 2331 1099 2387; x_wconf 89' lang='lat' dir='ltr'>quidem,</span> <span class='ocrx_word' id='word_1_154' title='bbox 1130 2344 1296 2387; x_wconf 90' lang='lat' dir='ltr'>semper</span> <span class='ocrx_word' id='word_1_155' title='bbox 1328 2344 1431 2373; x_wconf 88' lang='lat' dir='ltr'>sano</span> <span class='ocrx_word' id='word_1_156' title='bbox 1463 2330 1691 2385; x_wconf 90' lang='lat' dir='ltr'>sobrioque</span> 
     </span>
     <span class='ocr_line' id='line_1_24' title="bbox 206 2406 1709 2465; baseline -0.002 -15"><span class='ocrx_word' id='word_1_157' title='bbox 206 2408 363 2450; x_wconf 90' lang='lat' dir='ltr'>iudicio</span> <span class='ocrx_word' id='word_1_158' title='bbox 411 2408 514 2463; x_wconf 91' lang='lat' dir='ltr'>quid</span> <span class='ocrx_word' id='word_1_159' title='bbox 555 2408 764 2451; x_wconf 85' lang='lat' dir='ltr'>sententia</span> <span class='ocrx_word' id='word_1_160' title='bbox 793 2407 1025 2463; x_wconf 88' lang='lat' dir='ltr'>postularet</span> <span class='ocrx_word' id='word_1_161' title='bbox 1057 2406 1309 2462; x_wconf 87' lang='lat' dir='ltr'>statuebant,</span> <span class='ocrx_word' id='word_1_162' title='bbox 1321 2406 1709 2465; x_wconf 52' lang='lat' dir='ltr'>Quos-in</span> 
     </span>
     <span class='ocr_line' id='line_1_25' title="bbox 195 2482 1690 2546; baseline -0.001 -20"><span class='ocrx_word' id='word_1_163' title='bbox 195 2498 405 2546; x_wconf 53' lang='grc'><strong>9999919</strong></span> <span class='ocrx_word' id='word_1_164' title='bbox 411 2487 501 2542; x_wconf 64' lang='lat' dir='ltr'>et</span> <span class='ocrx_word' id='word_1_165' title='bbox 488 2538 494 2540; x_wconf 56' lang='grc'><strong>-</strong></span> <span class='ocrx_word' id='word_1_166' title='bbox 506 2496 796 2542; x_wconf 53' lang='lat' dir='ltr'>§aegfflfflffl-</span> <span class='ocrx_word' id='word_1_167' title='bbox 800 2486 1039 2539; x_wconf 68' lang='lat' dir='ltr'>verterant,</span> <span class='ocrx_word' id='word_1_168' title='bbox 1082 2496 1180 2539; x_wconf 88' lang='lat' dir='ltr'>ergo</span> <span class='ocrx_word' id='word_1_169' title='bbox 1222 2495 1331 2538; x_wconf 89' lang='lat' dir='ltr'>quae</span> <span class='ocrx_word' id='word_1_170' title='bbox 1361 2483 1485 2525; x_wconf 91' lang='lat' dir='ltr'>lectio</span> <span class='ocrx_word' id='word_1_171' title='bbox 1517 2482 1690 2524; x_wconf 90' lang='lat' dir='ltr'>illorum</span> 
     </span>
     <span class='ocr_line' id='line_1_26' title="bbox 206 2558 1689 2615; baseline -0.002 -12"><span class='ocrx_word' id='word_1_172' title='bbox 206 2564 383 2603; x_wconf 87' lang='lat' dir='ltr'>naturae</span> <span class='ocrx_word' id='word_1_173' title='bbox 423 2563 465 2603; x_wconf 92' lang='lat' dir='ltr'>et</span> <span class='ocrx_word' id='word_1_174' title='bbox 505 2560 691 2602; x_wconf 91' lang='lat' dir='ltr'>sermoni</span> <span class='ocrx_word' id='word_1_175' title='bbox 730 2559 1000 2615; x_wconf 90' lang='lat' dir='ltr'>responderet</span> <span class='ocrx_word' id='word_1_176' title='bbox 1042 2571 1207 2614; x_wconf 91' lang='lat' dir='ltr'>semper</span> <span class='ocrx_word' id='word_1_177' title='bbox 1236 2559 1406 2615; x_wconf 88' lang='lat' dir='ltr'>penitus</span> <span class='ocrx_word' id='word_1_178' title='bbox 1439 2558 1689 2612; x_wconf 89' lang='lat' dir='ltr'>sentiebant,</span> 
     </span>
     <span class='ocr_line' id='line_1_27' title="bbox 207 2634 1690 2693; baseline -0.002 -14"><span class='ocrx_word' id='word_1_179' title='bbox 207 2637 439 2693; x_wconf 87' lang='lat' dir='ltr'>elegantiae</span> <span class='ocrx_word' id='word_1_180' title='bbox 468 2648 567 2678; x_wconf 85' lang='lat' dir='ltr'>vero</span> <span class='ocrx_word' id='word_1_181' title='bbox 595 2639 637 2678; x_wconf 90' lang='lat' dir='ltr'>et</span> <span class='ocrx_word' id='word_1_182' title='bbox 662 2636 875 2678; x_wconf 86' lang='lat' dir='ltr'>venustati</span> <span class='ocrx_word' id='word_1_183' title='bbox 903 2636 986 2677; x_wconf 90' lang='lat' dir='ltr'>vim</span> <span class='ocrx_word' id='word_1_184' title='bbox 1003 2634 1214 2677; x_wconf 89' lang='lat' dir='ltr'>faciebant</span> <span class='ocrx_word' id='word_1_185' title='bbox 1229 2648 1463 2691; x_wconf 89' lang='lat' dir='ltr'>nunquam.</span> <span class='ocrx_word' id='word_1_186' title='bbox 1480 2634 1690 2690; x_wconf 82' lang='lat' dir='ltr'>Exemplo</span> 
     </span>
     <span class='ocr_line' id='line_1_28' title="bbox 207 2710 1691 2768; baseline -0.002 -13"><span class='ocrx_word' id='word_1_187' title='bbox 207 2715 304 2755; x_wconf 88' lang='lat' dir='ltr'>utar</span> <span class='ocrx_word' id='word_1_188' title='bbox 348 2725 435 2755; x_wconf 92' lang='lat' dir='ltr'>uno</span> <span class='ocrx_word' id='word_1_189' title='bbox 481 2711 691 2768; x_wconf 87' lang='lat' dir='ltr'>Propertii</span> <span class='ocrx_word' id='word_1_190' title='bbox 735 2712 841 2767; x_wconf 89' lang='lat' dir='ltr'>loco,</span> <span class='ocrx_word' id='word_1_191' title='bbox 887 2711 958 2753; x_wconf 91' lang='lat' dir='ltr'>cui</span> <span class='ocrx_word' id='word_1_192' title='bbox 997 2710 1167 2753; x_wconf 90' lang='lat' dir='ltr'>illorum</span> <span class='ocrx_word' id='word_1_193' title='bbox 1209 2723 1387 2754; x_wconf 88' lang='lat' dir='ltr'>acumen</span> <span class='ocrx_word' id='word_1_194' title='bbox 1430 2714 1472 2753; x_wconf 93' lang='lat' dir='ltr'>et</span> <span class='ocrx_word' id='word_1_195' title='bbox 1511 2710 1691 2753; x_wconf 87' lang='lat' dir='ltr'>facultas</span> 
     </span>
     <span class='ocr_line' id='line_1_29' title="bbox 208 2786 1691 2844; baseline -0.002 -13"><span class='ocrx_word' id='word_1_196' title='bbox 208 2789 371 2844; x_wconf 71' lang='lat' dir='ltr'>poetica</span> <span class='ocrx_word' id='word_1_197' title='bbox 399 2789 534 2844; x_wconf 85' lang='lat' dir='ltr'>magis</span> <span class='ocrx_word' id='word_1_198' title='bbox 564 2787 817 2843; x_wconf 88' lang='lat' dir='ltr'>profuerunt</span> <span class='ocrx_word' id='word_1_199' title='bbox 843 2800 972 2842; x_wconf 85' lang='lat' dir='ltr'>quam</span> <span class='ocrx_word' id='word_1_200' title='bbox 990 2786 1289 2829; x_wconf 89' lang='lat' dir='ltr'>hodiernorum</span> <span class='ocrx_word' id='word_1_201' title='bbox 1305 2786 1528 2829; x_wconf 90' lang='lat' dir='ltr'>hominum</span> <span class='ocrx_word' id='word_1_202' title='bbox 1545 2798 1691 2829; x_wconf 86' lang='lat' dir='ltr'>severa</span> 
     </span>
    </p>
   </div>
   <div class='ocr_carea' id='block_1_9' title="bbox 210 2862 1693 2919">
    <p class='ocr_par' dir='ltr' id='par_1_10' title="bbox 210 2862 1693 2919">
     <span class='ocr_line' id='line_1_30' title="bbox 210 2862 1693 2919; baseline 0 -14"><span class='ocrx_word' id='word_1_203' title='bbox 210 2865 251 2905; x_wconf 93' lang='lat' dir='ltr'>et</span> <span class='ocrx_word' id='word_1_204' title='bbox 281 2865 476 2906; x_wconf 88' lang='lat' dir='ltr'>accurata</span> <span class='ocrx_word' id='word_1_205' title='bbox 491 2863 707 2919; x_wconf 89' lang='lat' dir='ltr'>sapientia.</span> <span class='ocrx_word' id='word_1_206' title='bbox 725 2862 925 2905; x_wconf 91' lang='lat' dir='ltr'>Amicum</span> <span class='ocrx_word' id='word_1_207' title='bbox 943 2862 1153 2918; x_wconf 89' lang='lat' dir='ltr'>quendam</span> <span class='ocrx_word' id='word_1_208' title='bbox 1170 2862 1460 2919; x_wconf 90' lang='lat' dir='ltr'>philosophiae</span> <span class='ocrx_word' id='word_1_209' title='bbox 1476 2866 1517 2906; x_wconf 91' lang='lat' dir='ltr'>et</span> <span class='ocrx_word' id='word_1_210' title='bbox 1532 2862 1693 2906; x_wconf 84' lang='lat' dir='ltr'>severis</span> 
     </span>
    </p>
   </div>
  </div>
 </body>
</html>
