2034 3334
1014 392 1097 430 229

331 515 380 554 In
411 515 668 556 Phormione
700 522 777 564 (vs.
812 521 910 565 591)
944 519 1076 558 Getae
1108 520 1213 559 haec
1244 522 1346 559 sunt
1378 522 1528 561 verba:

449 591 535 640 Ego
567 592 846 633 hominem
878 595 1140 634 callidiorem
1171 596 1258 634 vidi
1289 597 1566 636 neminem

447 667 584 716 Quam
615 669 932 709 Phormionem.

269 743 387 782 Adeo
419 744 535 782 enim
566 744 872 785 Phormionem
903 746 1141 785 admiratur
1171 747 1220 785 ut
1245 746 1372 785 solito
1398 748 1627 787 verborum
1653 759 1833 789 numero

270 820 498 858 contentus
530 830 624 859 esse
656 832 742 860 non
772 822 910 870 possit
942 832 1041 861 cum
1072 822 1196 860 illum
1227 822 1386 862 laudat.

331 896 525 944 „Mortua
566 896 799 946 Chryside”
842 899 905 937 sic
946 908 1080 937 senex
1120 899 1259 947 pergit
1303 909 1428 948 „cum
1465 900 1655 939 viderem
1688 911 1713 939 a
1743 900 1830 940 filio

268 981 436 1019 quoque
476 982 574 1011 meo
616 983 713 1012 eam
753 974 889 1022 lugeri
931 973 1056 1021 idque
1097 973 1262 1012 sincere
1304 975 1347 1013 et
1388 985 1442 1013 ex
1484 975 1640 1025 animo,
1683 977 1831 1015 tamen

268 1047 372 1086 mali
403 1047 653 1096 suspicabar
683 1048 790 1087 nihil
822 1051 899 1094 (vs.
937 1049 1057 1094 113):
1644 1039 1646 1041 ’

446 1123 564 1162 Haec
595 1134 672 1172 ego
703 1124 909 1173 putabam
942 1134 1036 1163 esse
1069 1124 1214 1163 omnia
1246 1124 1425 1163 humani
1456 1125 1628 1174 ingenii.

268 1198 484 1248 Quantum
527 1200 585 1238 sit
626 1200 670 1239 in
711 1211 795 1239 uno
836 1200 965 1239 verbo
1002 1200 1265 1248 putabam
1296 1210 1382 1238 11011
1413 1200 1650 1240 sentientes
1681 1202 1831 1241 docere

265 1276 409 1324 potest
455 1275 695 1314 Scholiasta
740 1275 971 1314 verissima
1016 1276 1097 1314 hac
1143 1275 1442 1314 annotatione:
1494 1278 1718 1325 „putare
1765 1278 1832 1316 est

267 1350 371 1400 eius,
415 1351 487 1399 qui
529 1351 807 1399 simplicitate
848 1351 1033 1399 pectoris
1071 1350 1328 1389 aberravit.'’
1361 1350 1514 1389 Videre
1547 1351 1655 1390 mihi
1685 1352 1832 1391 videor

266 1436 428 1476 senem,
462 1427 565 1465 dum
597 1427 702 1466 haec
733 1427 932 1476 loquitur,
966 1427 1153 1465 frontem
1184 1436 1317 1465 manu
1348 1426 1661 1466 verberantem.

325 1501 435 1540 Tum
468 1502 548 1541 hoc
579 1502 697 1541 addit
729 1505 805 1548 (vs.
843 1503 925 1540 114
957 1504 1059 1550 sq.):

929 1578 1028 1626 quid
1059 1577 1211 1617 multis
1241 1578 1416 1616 moror?

443 1653 625 1702 Egomet
656 1664 823 1702 quoque
855 1654 948 1693 eius
981 1663 1111 1692 causa
1142 1653 1186 1691 in
1216 1653 1345 1691 11111113
1376 1653 1544 1701 prodeo.

326 1729 407 1768 Hic
434 1729 651 1768 continere
679 1739 726 1767 se
753 1729 842 1767 iam
869 1739 955 1767 non
981 1729 1124 1777 potest
1150 1728 1273 1767 Sosia
1298 1728 1401 1776 quin
1428 1727 1665 1766 exclamet:
1692 1728 1831 1777 „Hem

266 1805 366 1852 quid
393 1805 461 1843 est
472 1805 520 1842 ‘?’'
548 1804 671 1843 Erret
697 1804 768 1852 qui
795 1805 918 1852 putet
945 1805 1118 1852 poetam
1146 1803 1344 1850 colloquii
1370 1803 1543 1841 tantum
1560 1813 1701 1852 causa,
1722 1803 1831 1851 quod

266 1879 348 1918 sibi
373 1880 513 1918 facere
540 1879 845 1928 proposuisset,
876 1879 945 1918 hic
969 1878 1127 1927 aliquid
1145 1878 1359 1917 dicentem
1375 1878 1598 1917 induxisse
1613 1878 1828 1927 libertum,

265 1956 340 1994 sed
372 1955 472 2003 quid
504 1956 664 1994 diceret
695 1955 766 1994 ille
797 1965 951 2004 parum
979 1964 1165 1993 curasse.
1194 1953 1368 1992 Meliora
1394 1964 1493 1992 eum
1521 1954 1670 1992 docere
1696 1953 1833 2002 possit

266 2032 531 2071 Scholiastae
579 2032 823 2071 annotatio:
875 2032 1034 2081 „Hem
1079 2030 1264 2079 perculsi
1310 2040 1360 2069 ac
1400 2029 1678 2069 metuentis.''
1719 2030 1831 2068 Nam

265 2108 345 2147 hoc
385 2109 473 2147 fere
510 2118 596 2146 una
627 2108 708 2146 hac
738 2117 843 2146 voce
875 2106 978 2145 dicit
1010 2106 1152 2145 Sosia:
1189 2106 1267 2155 „Di
1297 2106 1409 2155 boni,
1443 2106 1496 2144 ad
1527 2106 1751 2144 tantamne
1782 2105 1831 2143 tu

267 2185 312 2223 te
343 2184 557 2223 insaniam
591 2183 726 2232 abripi
757 2193 913 2232 passus
944 2193 991 2221 es
1002 2183 1050 2220 ?'’

332 2259 408 2308 „In
441 2269 489 2298 eo
521 2259 698 2298 funere”
732 2268 867 2297 senex
898 2258 1045 2296 narrat
1076 2258 1173 2303 (117
1208 2259 1338 2305 sqq.):

1112 2333 1224 2372 inter
1254 2332 1471 2382 mulieres,

448 2409 564 2458 Quae
597 2409 654 2448 ibi
686 2410 875 2458 aderant,
908 2409 1018 2448 forte
1048 2418 1182 2447 unam
1214 2408 1373 2456 aspicio
1405 2407 1770 2447 adolescentulam

443 2485 612 2524 Forma.

267 2562 519 2611 Interpellat
560 2571 659 2600 eum
702 2561 824 2600 Sosia
865 2560 1064 2599 dicendo:
1111 2559 1248 2608 „bona
1287 2559 1513 2598 fortasse.”
1552 2558 1658 2608 Quid
1688 2558 1830 2606 magis

269 2648 398 2686 quam
440 2637 545 2676 illud
586 2637 708 2676 decet
742 2636 1035 2685 grandaevum
1066 2634 1269 2674 libertum
1290 2630 1316 2679 ¹)
1348 2634 1486 2673 multo
1517 2644 1600 2673 usu
1631 2634 1830 2673 edoctum

302 2796 324 2830 ¹)
352 2794 445 2824 Nihil
472 2794 550 2823 huic
577 2794 647 2823 loco
673 2794 785 2823 minus
804 2794 921 2829 aptum
939 2793 1082 2822 inveniri
1100 2793 1232 2828 poterat
1252 2800 1352 2827 quam
1371 2792 1514 2828 Bentleji
1532 2792 1707 2822 inventum
1725 2799 1830 2821 unum

265 2847 405 2876 verbum
432 2847 616 2875 fortasse
646 2845 760 2874 sosiae
787 2844 967 2874 tribuentis
995 2845 1030 2874 et
1057 2845 1163 2873 bona
1182 2844 1309 2874 Simoni
1327 2844 1556 2879 relinquentis.
1574 2844 1724 2872 Pfimum
1743 2844 1830 2878 quod

268 2899 421 2928 annotat:
453 2898 536 2935 „fere
563 2898 651 2926 enim
680 2897 769 2926 servi
798 2897 832 2925 et
860 2897 971 2926 liberti
999 2896 1034 2924 in
1064 2896 1190 2925 talibus
1218 2896 1317 2925 rebus
1335 2896 1519 2925 iudicandis
1538 2896 1739 2924 inducuntur
1759 2896 1831 2925 suis

268 2950 415 2980 dominis
434 2950 618 2979 severiores
639 2950 673 2979 et
691 2948 907 2978 difficiliores”
925 2949 959 2977 id
980 2949 1015 2977 in
1033 2948 1156 2978 bonum
1175 2949 1330 2977 nostrum
1347 2948 1477 2977 Sosiam
1491 2949 1578 2977 certe
1589 2956 1654 2976 non
1665 2948 1820 2977 convenlt
