2034 3334
938 249 1023 293 153

245 377 332 421 564
349 392 438 434 sqq.
472 378 638 422 Decidit
667 380 712 421 in
746 383 902 422 terram
935 379 1267 437 Periclymenus
1301 381 1374 436 qui
1406 381 1450 422 in
1485 394 1610 424 avem
1643 383 1780 422 muta-

122 502 126 506 ,
184 451 254 492 tue
285 448 486 492 Herculis
517 452 676 507 sagitta
708 450 848 493 fuerat
879 450 1153 494 vulneratus:

875 525 918 563 et
949 536 1050 577 quae
1080 520 1187 564 levis
1215 521 1408 563 haeserat
1440 520 1530 564 alae

427 589 624 647 Corporis
657 591 771 633 affixi
804 605 947 648 pressa
978 595 1040 634 est
1072 593 1285 648 gravitate
1317 593 1489 648 sagitta.

185 659 341 712 Quidni
372 665 531 703 certam
563 661 670 703 hanc
702 661 904 704 Merkelii
936 662 1276 704 emendationem
1308 663 1513 718 receperit
1544 662 1776 705 Ehwaldus

183 730 256 773 sed
289 746 368 787 qua
401 733 651 783 retinuerit,
685 732 798 788 quod
831 732 995 775 nullam
1028 732 1222 775 admittit
1253 733 1674 788 interpretationem,
1709 748 1778 777 me

184 801 316 858 fugit.

248 937 332 980 621
353 952 412 994 sq.
451 938 553 982 Vide
587 939 699 995 apud
730 939 944 982 Kornium
977 954 1104 996 quam
1133 942 1320 997 turpiter
1345 940 1414 983 hic
1442 943 1586 983 omnia
1613 942 1662 984 M
1690 955 1779 998 per-

182 1009 339 1051 turbet.
373 1009 518 1052 Etiam
546 1009 666 1061 XIII,
696 1009 753 1053 26
783 1025 843 1067 sq.
877 1010 1097 1068 Intelliges
1125 1025 1252 1067 quam
1281 1011 1450 1055 infirmo
1478 1016 1626 1055 utatur
1654 1027 1781 1069 argu-

183 1085 354 1131 mento,
400 1082 474 1137 qui
512 1096 658 1125 versus
693 1085 736 1125 et
767 1081 871 1125 alios
904 1086 947 1124 et
977 1082 1094 1135 XIII,
1130 1082 1185 1127 57
1221 1085 1387 1126 omittit
1420 1086 1620 1139 quoniam
1653 1085 1697 1126 in
1728 1084 1778 1126 M

184 1166 269 1194 non
299 1151 513 1209 legantur.

842 1416 977 1459 LIBER
1008 1416 1125 1459 XIII.

249 1535 303 1578 19
366 1536 452 1579 Iste
483 1537 588 1579 tulit
619 1539 808 1593 pretium
838 1539 927 1580 iam
958 1553 1070 1580 nunc
1101 1538 1328 1580 certaminis
1361 1539 1502 1580 huius.

189 1606 258 1649 Sic
289 1606 518 1663 legendum
551 1622 633 1651 non
666 1608 943 1663 temptaminis,
977 1609 1090 1665 quod
1121 1608 1285 1665 legitur
1317 1609 1488 1664 quidem
1522 1609 1585 1651 bis
1617 1611 1660 1651 in
1688 1609 1777 1651 Me-

187 1680 290 1720 tam.
335 1677 409 1728 ΙΙΙ,
445 1677 528 1720 341
575 1683 618 1721 et
660 1678 750 1730 VII,
787 1679 873 1723 '734
907 1680 980 1723 sed
1013 1685 1102 1722 tam
1135 1680 1304 1723 diverso
1336 1694 1461 1723 sensu
1491 1684 1541 1722 ut
1573 1680 1642 1722 hic
1674 1680 1776 1722 ferri

185 1751 379 1802 nequeat.
1427 1762 1430 1764 ·

247 1878 317 1921 82.
351 1878 505 1923 Versus
535 1881 627 1931 hic,
662 1896 745 1937 quo
769 1896 939 1938 prorsus
965 1897 1047 1925 non
1076 1897 1303 1939 possumus
1330 1897 1481 1934 carere,
1511 1885 1629 1927 abest
1656 1897 1679 1926 a
1706 1885 1769 1926 M.

247 2010 304 2053 94
895 2012 1002 2055 Date
1027 2029 1106 2067 pro
1142 2018 1199 2055 tot
1229 2007 1395 2056 navibus
1427 2028 1557 2057 arma.

185 2081 322 2124 Nemo
363 2095 552 2138 unquam
594 2082 900 2125 demonstrabit
942 2084 1014 2126 sed
1056 2098 1223 2140 semper
1259 2087 1442 2128 sentient
1473 2099 1618 2128 omnes
1651 2087 1774 2128 unice

186 2165 338 2194 verum
369 2165 458 2194 esse
489 2151 658 2194 Heinsii
688 2151 799 2194 illud
834 2156 889 2194 tot
911 2168 990 2206 pro
1021 2154 1202 2196 navibus».

252 2283 336 2326 122
828 2284 1078 2327 referentem
1110 2290 1255 2328 ornate
1284 2286 1438 2328 relatis,

188 2353 402 2406 „Melior”
436 2353 508 2396 ille
542 2355 590 2396 M
623 2354 750 2396 habet
782 2353 966 2396 lacertis!

249 2493 333 2536 133
695 2493 797 2546 Quis
828 2508 984 2551 magno
1015 2495 1171 2539 melius
1203 2496 1399 2539 succedat
1429 2498 1589 2540 Achilli

366 2564 502 2615 Quam
536 2577 609 2619 per
641 2578 764 2619 quem
799 2578 981 2620 magnus
1014 2566 1170 2608 Danais
1202 2569 1404 2610 successit
1434 2568 1647 2612 Achilles?

184 2633 320 2676 Nihili
351 2633 468 2675 istud
500 2637 563 2675 est
594 2637 636 2675 et
667 2632 787 2675 lusus
819 2635 1047 2677 verborum
1078 2636 1420 2680 absurdissimus.
1455 2637 1574 2691 Quod
1608 2639 1770 2697 relegat

120 2737 123 2739 .
186 2703 417 2746 Ehwaldus
450 2703 501 2745 ad
535 2703 629 2754 XII,
665 2702 748 2745 611
769 2717 853 2759 sq.:

875 2774 925 2817 de
958 2780 1047 2817 tam
1074 2790 1231 2832 magno
1263 2782 1393 2820 restat
1425 2779 1590 2822 Achille

364 2844 515 2887 Nescio
549 2844 650 2899 quid
681 2858 863 2900 parvum
897 2846 1008 2901 quod
1040 2861 1122 2889 non
1154 2848 1258 2890 bene
1290 2849 1503 2905 compleat
1534 2865 1707 2903 urnam,

368 2915 425 2956 At
456 2916 569 2957 vivit
602 2919 742 2957 totum
777 2929 884 2970 quae
915 2915 1054 2972 gloria
1085 2918 1274 2971 compleat
1306 2920 1449 2962 orbem

186 2983 247 3025 nil
292 2984 483 3039 prodest,
531 2999 631 3027 nam
678 2999 813 3041 neque
860 2986 1041 3042 frigidus
1083 2987 1156 3030 ille
1198 2990 1315 3031 iocus
1356 2995 1419 3032 est
1461 2996 1502 3033 et
1546 2993 1767 3048 utrobique
