2034 3334
941 358 995 401 67

216 483 402 539 Aquilae
443 483 634 526 leonisve
667 484 836 527 iuvenis
867 485 1003 528 instar
1039 483 1246 526 Claudius
1279 496 1377 526 cum
1409 482 1601 526 barbaris
1633 482 1722 526 be]-

215 559 308 602 lum
352 560 507 615 gessit:
554 559 598 601 hi
641 561 755 602 enim
797 559 849 602 ab
892 573 941 603 eo
985 560 1175 616 oppressi
1219 560 1323 615 quid
1354 559 1549 602 educatio
1580 562 1723 615 posset

216 640 319 679 sunt
348 636 525 692 experti.
557 634 664 686 Quis
699 650 890 693 unquam
925 650 974 680 eo
1006 637 1180 679 nomine
1206 637 1354 679 leones
1381 636 1602 692 aquilasve
1627 636 1721 679 lau-

216 712 308 756 dari
339 712 504 755 audivit
536 713 652 769 quod
678 718 839 756 tantam
867 713 1011 757 liberis
1038 714 1130 757 suis
1146 713 1412 756 instruendis
1430 713 1722 768 docendisque

215 787 444 843 adhibeant
477 789 683 845 operam?

224 911 226 913 ,
274 864 368 916 Sed,
416 867 514 907 utut
559 869 636 919 est,
678 865 731 908 ad
777 866 1071 910 educationem
1115 866 1404 922 pervenimus,
1439 879 1523 921 qua
1555 866 1625 907 via
1654 864 1723 908 vel

213 942 357 997 potius
389 955 475 997 quo
504 941 617 984 saltu
650 954 767 984 nunc
801 955 887 984 non
920 955 1034 998 rogo.
1070 941 1186 984 Hinc
1215 942 1430 998 quomodo
1457 942 1510 984 ad
1529 941 1720 984 Drusum

215 1020 257 1061 et
287 1018 536 1073 Augustum
569 1022 665 1074 apte
697 1020 870 1062 transiri
902 1023 1043 1075 posset
1075 1023 1197 1076 poeta
1230 1020 1468 1075 quaesivit:
1500 1003 1721 1075 tamquam

216 1094 390 1138 vinculo
438 1108 537 1151 ergo
587 1109 693 1138 usus
741 1100 806 1139 est
846 1096 925 1139 hac
965 1096 1263 1139 observatione
1307 1097 1479 1139 morali:
1520 1096 1720 1150 „fortium

214 1175 442 1228 parentum
482 1171 603 1215 fortis
646 1185 739 1215 esse
779 1172 919 1228 proles
961 1173 1081 1228 solet,
1113 1173 1187 1216 sed
1218 1173 1417 1216 accedere
1453 1172 1577 1215 debet
1609 1172 1722 1215 bona

216 1248 453 1296 educatio.''
483 1248 699 1291 Nimirum
749 1249 800 1292 de
840 1249 1092 1292 educatione
1132 1251 1178 1292 in
1211 1249 1290 1291 hoc
1323 1250 1513 1292 carmine
1543 1261 1721 1305 prorsus

217 1326 333 1369 sileri
379 1338 464 1368 non
514 1329 698 1382 poterat:
747 1339 846 1382 pars
877 1327 992 1369 enim
1025 1326 1176 1380 laudis,
1208 1339 1293 1381 qua
1325 1324 1498 1368 Drusus
1533 1329 1722 1380 ornatur,

217 1405 454 1461 utcumque
500 1402 552 1444 ad
598 1402 848 1458 Augustum
894 1407 984 1447 erat
1024 1402 1257 1446 referenda.
1298 1402 1381 1445 Sed
1423 1406 1556 1445 totam
1602 1402 1720 1445 illam

217 1477 557 1521 observationem
603 1479 845 1521 accuratius
887 1479 1168 1535 aspiciamus:
1212 1492 1343 1535 quam
1374 1492 1506 1535 prava
1536 1479 1630 1522 eius
1663 1479 1719 1522 sit

217 1555 455 1598 enuntIatio
485 1556 628 1598 statim
660 1554 904 1611 apparebit:

515 1689 665 1732 Fortes
698 1692 898 1732 creantur
925 1689 1107 1732 fortibus
1138 1692 1180 1732 et
1212 1688 1336 1732 bonis

516 1765 594 1808 Est
624 1767 667 1807 in
701 1766 1038 1822 iuvencis(!),
1071 1769 1135 1808 est
1164 1766 1210 1807 in
1242 1766 1366 1821 equis
1397 1767 1570 1821 patrum

576 1842 740 1899 Virtus,
772 1855 912 1899 neque
944 1841 1160 1885 imbellem
1191 1841 1352 1885 feroces

634 1918 927 1974 Progenerant
957 1918 1127 1975 aquilae
1156 1917 1423 1960 columbam:

516 2051 722 2095 Doctrina
754 2053 829 2096 sed
859 2054 946 2095 vim
980 2056 1200 2109 promovet
1230 2053 1418 2108 insitam,

516 2128 724 2185 Rectique
755 2129 900 2172 cultus
930 2132 1104 2185 pectora
1135 2128 1351 2172 roborant.

576 2203 824 2260 Utcumque
855 2204 1045 2248 defecere
1078 2218 1227 2260 mores,

635 2279 905 2323 Dedecorant
936 2280 1044 2323 bene
1077 2284 1176 2323 nata
1206 2280 1367 2336 culpae.

280 2420 406 2477 Quid,
436 2434 614 2478 quaeso,
645 2422 788 2465 ultimi
819 2434 971 2465 versus
1005 2421 1247 2478 significant

577 2555 809 2611 Utcunque
840 2555 1030 2599 defecere
1062 2569 1218 2611 mores,

639 2631 909 2675 Dedecorant
941 2633 1048 2675 bene
1078 2637 1178 2675 nata
1210 2632 1393 2688 culpae?

280 2775 385 2827 Quis
415 2775 526 2819 alius
562 2787 716 2817 sensus
750 2773 802 2816 ab
837 2786 886 2816 eo
920 2774 994 2829 qui
1026 2777 1138 2816 recte
1169 2775 1474 2830 interpretatur
1505 2773 1605 2816 inde
1634 2774 1720 2828 peti

221 2856 359 2911 potest
390 2866 518 2909 quam
551 2851 641 2894 hic:
679 2849 750 2906 „Si
783 2849 1011 2906 Augustus
1038 2850 1164 2893 homo
1193 2862 1377 2908 nequam
1404 2849 1568 2905 fuisset,
1586 2849 1720 2892 ebrio—
