2034 3334
1015 369 1098 410 192

267 494 304 534 A
336 493 543 544 principio
585 493 700 535 idem
732 494 980 546 elaboravit,
1016 497 1064 536 ut
1094 496 1543 556 adversus‘pudorem
1576 495 1862 538 conscientie:
1924 559 1926 563 y

266 571 311 609 et
342 579 446 609 voce
479 571 522 609 et
548 569 817 611 confessione
843 571 1060 612 duraret.'’
1088 571 1258 612 Ultima
1284 572 1391 613 haec
1417 583 1444 612 a
1471 572 1756 623 principio
1793 593 1836 600 -

267 646 500 689 duraret
530 655 661 686 sensu
694 657 820 687 cassa
852 643 1063 698 videntur,
1097 658 1235 697 neque
1267 648 1460 698 suppetit
1490 648 1750 689 emendatio.

328 722 397 761 23.
430 722 505 762 Ab
538 722 731 763 nescio
764 734 866 773 quo
893 723 1160 774 improbo]
1195 726 1354 775 „...ut
1379 725 1579 765 ostendat
1606 716 1839 775 ignobilem

267 797 328 837 ita
369 797 599 839 abiectum.
643 798 724 839 Pro
757 799 838 839 ita
868 799 1099 850 legendum
1131 810 1285 840 censeo
1318 801 1533 850 itaque:
1567 792 1767 845 subiicitur
1796 802 1842 842 et

267 875 559 915 contemnitur
589 875 720 915 homo
753 876 863 925 quod
895 876 1070 926 ignotus
1101 878 1181 917 est.
1637 924 1640 925 ⁷
1823 922 1857 942 ⁷⁴7

325 951 396 990 33.
441 950 644 1001 Quaestio
685 951 737 990 de
778 951 1014 1003 mensibus,
1059 953 1102 992 in
1143 963 1230 1002 qua
1264 954 1406 993 totum
1437 953 1609 993 fabulae
1640 939 1846 994 versatur*

266 1029 585 1078 argumentum,
634 1027 716 1068 hoc
761 1028 924 1068 scholio
970 1030 1271 1079 pertractatur,
1315 1029 1390 1069 sed
1424 1029 1584 1070 misere
1616 1029 1841 1070 mrbatum

266 1102 383 1143 illud.
431 1103 524 1143 Hoc
569 1105 719 1144 tamen
767 1106 944 1154 apparet
990 1106 1214 1146 auctorem
1261 1105 1355 1145 eius
1401 1116 1495 1145 rem
1538 1105 1708 1157 egregie
1748 1107 1839 1157 per-

266 1179 476 1229 spexisse.

326 1256 395 1296 38.
444 1255 703 1296 abortum
751 1239 902 1303 esse]
955 1257 1105 1307 „deest
1151 1259 1344 1298 natum
1394 1258 1463 1298 vel
1509 1258 1724 1298 factum
1768 1256 1840 1298 vel

266 1331 483 1380 absolute;
532 1332 745 1380 quomodo
791 1332 976 1372 dicimus
1022 1343 1045 1372 e
1077 1344 1132 1373 re
1174 1336 1328 1385 nata,
1373 1333 1839 1384 ve1·quemadmodum
1893 1347 1894 1350 ¹
1935 1328 1946 1334 ’“
2007 1324 2009 1326 ’

265 1407 450 1447 dicimus
482 1419 537 1447 ex
567 1410 611 1448 te
643 1409 751 1448 mihi
783 1411 878 1449 orta
910 1411 978 1449 est
1009 1410 1207 1450 iniuria.”
1242 1411 1360 1451 Haec
1392 1421 1559 1461 quoque
1588 1409 1840 1461 perturbata

265 1484 327 1524 ita
357 1485 407 1523 ut
435 1484 524 1524 iam
554 1485 726 1524 restitui
758 1488 986 1535 nequeant.

326 1636 400 1687 III,
430 1637 469 1687 4,
499 1637 539 1676 6.
568 1637 667 1675 Mis
680 1647 702 1676 e
714 1647 735 1676 r
746 1637 759 1675 i
772 1647 798 1676 a
809 1639 845 1683 s]
879 1668 895 1686 „
904 1638 1204 1686 navigationes
1221 1638 1429 1678 scilicet.”
1448 1638 1589 1677 Immo
1615 1647 1645 1677 n
1656 1646 1683 1677 a
1692 1647 1720 1677 v
1731 1636 1747 1676 i
1757 1646 1836 1687 ga-

265 1713 346 1752 tio
357 1712 445 1752 nis
459 1724 467 1751 :
502 1713 553 1752 de
584 1723 670 1752 una
702 1713 772 1752 hic
802 1713 1077 1762 navigatione
1110 1714 1252 1763 agitur
1283 1714 1460 1763 eiusque
1487 1713 1688 1754 miserias
1714 1712 1838 1752 Sosia

266 1787 494 1838 significat.
808 1837 811 1840 ¹

328 1865 396 1922 15.
428 1864 461 1903 E
473 1875 501 1914 g
512 1875 536 1903 0
568 1865 596 1903 h
608 1876 636 1904 u
648 1876 675 1903 n
689 1875 710 1904 c
742 1876 767 1905 a
779 1865 868 1904 dib
882 1867 930 1912 o]
963 1865 1059 1915 „vel
1086 1876 1199 1905 nova
1226 1866 1475 1905 curiositate
1502 1866 1564 1905 ait
1580 1865 1836 1906 Parmeno.”

266 1940 372 1990 Quid
404 1941 448 1979 in
480 1941 565 1980 isto
596 1951 623 1979 v
636 1941 684 1980 el
716 1941 851 1980 lateat
881 1952 967 1981 non
1000 1942 1184 1982 invenio.
1754 1928 1757 1931 ”

326 2018 394 2057 29.
442 2017 557 2056 Non
603 2027 752 2067 queo,
802 2018 882 2057 ita
929 2018 1194 2057 defessus
1237 2020 1380 2065 sum]
1424 2018 1530 2068 „hoc
1562 2018 1607 2056 in
1635 2018 1762 2067 gestu
1793 2011 1838 2057 et

263 2094 508 2143 spectaculo
554 2095 651 2144 plus
693 2096 781 2134 est:
824 2105 927 2134 nam
970 2094 1142 2134 incessu
1174 2097 1217 2134 et
1248 2097 1397 2134 auctor
1429 2094 1635 2144 exprimit
1665 2093 1836 2134 lassitu-

264 2170 452 2210 dinem.’‘
510 2172 590 2210 Pro
646 2182 770 2211 nam
827 2172 1057 2211 incessu
1105 2173 1158 2211 et
1205 2173 1404 2211 auctor
1449 2171 1566 2220 lege:
1613 2179 1737 2210 nam
1782 2169 1838 2209 et

264 2246 493 2286 incessu
526 2249 696 2287 actor.

323 2395 466 2445 111,5,
497 2397 536 2436 8.
565 2395 705 2436 Cedo
733 2397 863 2446 quid
892 2419 943 2425 —
974 2399 1196 2444 noster]
1217 2397 1474 2447 Corruptum
1492 2397 1545 2436 ad
1562 2394 1836 2436 hunclocum

263 2471 455 2510 scholion
513 2482 538 2511 a
583 2472 885 2512 Westerhovio
933 2473 1095 2522 optime
1141 2473 1379 2522 corrigitur,
1429 2470 1835 2512 remittendam

262 2558 337 2596 pro
369 2550 744 2588 revocandam
776 2550 1003 2589 scribente.

325 2625 389 2663 18.
454 2625 512 2663 At
539 2625 646 2664 istos
673 2626 841 2665 invidos
868 2626 910 2665 di
936 2626 1118 2675 perdant
1144 2626 1216 2674 qui
1243 2626 1349 2665 haec
1374 2625 1557 2664 libenter
1584 2623 1799 2664 nuntiant.

264 2701 426 2740 Laches
469 2701 548 2740 hoc
589 2701 692 2740 dicit
724 2713 986 2751 cognoscens
1017 2702 1201 2742 veritate
1234 2702 1411 2741 inventa
1442 2711 1571 2741 suum
1603 2699 1832 2750 deprehen-

263 2788 359 2817 sum
403 2778 691 2817 mendacium.
734 2779 1002 2818 Annotatur:
1049 2780 1130 2828 „at
1171 2779 1319 2817 istos
1360 2778 1588 2816 invidos
1629 2776 1680 2815 di
1721 2784 1832 2825 per-

262 2855 418 2899 dant]
453 2854 584 2901 „bene
614 2854 782 2893 invidos
809 2855 880 2902 qui
909 2855 1187 2893 matrimonio
1214 2853 1447 2893 invideant.
1466 2853 1576 2902 Ergo
1593 2850 1834 2899 revocanda

264 2940 370 2968 uxor
413 2932 491 2968 est.
537 2929 585 2967 Et
626 2930 729 2969 adeo
763 2941 845 2969 non
879 2930 1029 2979 puduit
1060 2929 1274 2969 mendacii
1306 2930 1486 2969 honeste
1517 2928 1832 2977 deprehensum
