2034 3334
950 378 1004 421 73

183 504 479 550 .(Scholiastae
521 505 626 544 haec
667 505 798 544 verba
829 505 943 550 sunt)
976 503 1198 542 denarrat:
1231 502 1492 551 prehensum
1523 511 1549 540 a
1579 501 1759 550 virginis

195 579 327 619 fratre
369 579 595 620 Chremete
638 580 873 620 Chaeream
897 579 1193 629 umoechorum
1235 577 1322 617 illic
1353 577 1496 617 subire
1526 578 1755 616 tormenta.

199 655 342 704 „Haec
377 654 513 694 fiunt’'
548 656 624 702 (ait
654 666 718 695 vs.
753 657 852 700 956)
889 656 1077 705 „orante,
1111 655 1160 693 ut
1190 664 1243 693 ne
1275 654 1317 692 id
1347 654 1519 702 faceret,
1553 653 1756 692 Thaide.”

194 731 386 770 Annotat
427 730 689 788 Scholiasta:
737 732 878 781 „recte
918 731 999 770 hoc
1040 730 1234 769 additum
1275 740 1329 768 ne
1370 730 1514 778 speret
1545 729 1757 768 auxilium

193 816 219 846 a
249 806 451 847 Thaide.”

251 893 316 922 vs.
350 884 449 923 960.
483 884 676 933 Rogante
708 884 998 923 Parmenone:

311 958 413 1008 Quis
445 959 574 999 homo
605 970 680 1009 pro
712 960 893 999 moecho
923 969 1115 1007 unquam
1146 958 1255 997 vidit
1286 958 1331 997 in
1357 958 1483 996 domo
1512 956 1757 996 meretricia

310 1033 465 1073 Prendi
496 1036 790 1084 quemquam?

195 1109 401 1158 „Nescio”
450 1111 630 1160 Pythias
676 1111 749 1151 ait.
798 1112 864 1150 Ad
910 1111 1013 1150 illud
1061 1111 1252 1149 nescio
1295 1109 1536 1149 Scholiasta
1577 1109 1756 1148 annotat

191 1185 437 1226 obscuriora
467 1188 678 1236 quaedam
710 1188 754 1226 et
779 1188 963 1226 fortasse
991 1173 1216 1236 corrupta?
1229 1186 1304 1225 sed
1331 1195 1512 1234 quorum
1539 1184 1756 1224 sententia

184 1261 274 1300 huc
305 1261 393 1301 fere
425 1263 567 1302 redit:.
594 1264 764 1313 „astute
796 1263 912 1302 istud
943 1263 1136 1302 nescio
1168 1244 1428 1310 a'Pythiade
1455 1261 1641 1300 dictum:
1669 1271 1754 1299 non

190 1338 454 1388 contradicit,
488 1349 573 1378 non
605 1339 796 1388 disputat
823 1340 971 1378 contra
996 1337 1277 1377 Parmenonis
1304 1337 1615 1384 dubitationes3
1644 1336 1754 1384 quod

189 1412 227 1451 si
266 1412 428 1452 faceret
469 1414 690 1454 amitteret
731 1414 873 1454 fidem.
912 1414 1092 1453 Nuntiat
1122 1413 1437 1461 tantummodo,
1471 1422 1557 1451 non
1587 1412 1752 1451 ratioci-

189 1489 358 1528 natur.”
391 1489 672 1529 Rectissime:
707 1501 788 1538 quo
816 1490 932 1529 enim
958 1490 1100 1538 magis
1127 1489 1309 1528 insciam
1336 1499 1383 1527 se
1409 1486 1532 1536 fingit
1558 1487 1750 1537 Pythias,

189 1573 238 1602 eo
269 1565 409 1613 magis
441 1565 479 1604 ei
512 1565 709 1615 creditur,
739 1576 871 1614 eoque
898 1565 1043 1604 minus
1070 1565 1261 1604 nascitur
1287 1563 1473 1612 suspicio
1500 1563 1752 1603 simulatam

189 1639 281 1678 eius
312 1650 408 1679 esse
439 1641 819 1690 perturbationem.

246 1714 340 1754 Iam
381 1715 623 1765 irrupturus
665 1717 792 1756 aedes
833 1719 900 1756 est
941 1717 1152 1756 Parmeno
1192 1718 1242 1755 ut
1281 1716 1440 1755 misero
1482 1716 1584 1754 hero
1626 1725 1751 1764 opem

7 1775 37 1842 ff}
187 1790 309 1840 ferat,
344 1793 390 1830 at
421 1802 522 1830 eum
554 1786 712 1831 retinet
818 1793 847 1851 .⁸
906 1791 974 1830 his
1005 1792 1148 1831 verbis
1181 1792 1280 1838 (964
1313 1794 1443 1839 sqq.):

120 1877 122 1879 ·
713 1792 890 1933 W
1016 1868 1135 1918 Vide,
1168 1868 1392 1916 Parmeno,

307 1941 412 1991 Quid
440 1952 555 1992 agas,
585 1944 634 1982 ut
659 1954 796 1991 neque
824 1944 885 1982 illi
911 1944 1049 1992 prosis
1067 1945 1110 1982 et
1126 1945 1173 1982 tu
1190 1953 1362 1992 pereas:
1381 1953 1484 1982 nam
1501 1943 1581 1982 hoc
1597 1943 1751 1991 putant

306 2016 514 2066 Quidquid
546 2018 766 2068 factumst,
802 2029 827 2057 a
857 2020 901 2058 te
933 2029 1028 2058 esse
1061 2020 1217 2058 ortum.

186 2091 350 2130 Iterum
391 2092 461 2131 hic
499 2094 651 2142 poetae
688 2095 984 2133 oeconomiam
1015 2094 1162 2133 laudat
1195 2094 1435 2133 Scholiasta
1467 2093 1638 2142 egregIa
1669 2094 1750 2132 hac

186 2168 484 2207 annotatione:
529 2169 695 2217 „totum
727 2169 808 2208 hoc
840 2170 892 2208 ad
924 2170 966 2208 id
998 2170 1159 2208 addidit
1189 2171 1238 2208 ut
1268 2179 1403 2208 senex
1435 2169 1750 2208 intromittatur

186 2242 239 2280 ad
266 2241 581 2283 confirmandas
607 2245 793 2293 nuptias.
822 2245 903 2283 Sed
926 2246 1053 2294 poeta
1069 2245 1149 2284 hoc
1165 2245 1265 2294 agit,
1284 2255 1491 2293 personae
1508 2246 1747 2284 nesciunt.''

244 2317 326 2357 Hic
381 2319 689 2359 adventantem
746 2322 926 2359 cernunt
975 2331 1125 2359 senem
1172 2320 1385 2361 Chaereae
1431 2322 1748 2370 Phaedriaeque

185 2395 375 2443 patrem;
404 2395 493 2434 abit
519 2395 563 2434 in
590 2397 717 2436 aedes
841 2398 858 2449 ᾗ
891 2409 899 2417 ·
928 2398 1139 2437 Parmeno
1161 2409 1274 2448 vero,
1295 2399 1347 2437 ad
1364 2399 1519 2438 incitas
1535 2398 1745 2447 redactus,

185 2469 324 2507 totam
355 2479 459 2520 rem,
493 2471 606 2510 sicut
633 2397 989 2534 actaffleffissteri
1015 2473 1108 2511 seni
1136 2474 1336 2523 decernit,
1366 2475 1414 2513 ut
1439 2474 1510 2513 ille
1539 2473 1748 2513 miserum

185 2542 321 2583 filium
353 2547 564 2585 tortorum
597 2547 750 2596 eripiat
780 2548 992 2587 manibus.
