2034 3334
1004 384 1086 424 100

315 510 453 550 Pudet
493 520 643 551 senem
685 511 977 552 verecundum
1019 512 1070 552 de
1111 522 1157 552 re
1199 522 1384 553 venerea
1423 512 1551 563 loqui,
1593 511 1670 554 sed
1700 512 1827 555 caute

256 586 550 627 interiectione
577 587 677 627 eho
704 587 757 627 ad
779 587 899 627 illam
921 588 1085 628 alludit.
1109 588 1393 638 Lepidissime
1415 590 1561 629 autem
1585 588 1828 631 Scholiasta
1880 641 1881 644 Ἴ

257 664 458 702 annotat:
496 662 622 712 „eho
654 662 895 703 interiectio
926 664 1126 716 ponentis
1154 674 1305 704 aurem
1331 665 1586 716 propiorem.
1613 664 1727 707 Nam
1753 664 1829 709 illa

255 738 434 788 quaerit,
469 749 579 787 quae
610 738 752 778 solent
783 739 835 779 de
865 739 1038 779 maritis
1067 739 1235 788 puellae
1266 740 1480 780 matribus
1511 740 1676 790 queri.”

314 814 526 867 Responsi
566 815 722 855 recte
762 815 831 854 vis
872 815 1146 865 cognoscitur
1187 826 1243 856 ex
1283 816 1387 856 Hec.
1431 817 1531 857 355.
1574 817 1640 858 Ab
1670 816 1826 859 itinere

254 901 454 930 reversus
490 891 756 941 Pamphilus
801 902 887 940 qua
928 902 1060 932 causa
1100 892 1154 932 ad
1194 894 1396 942 parentes
1433 892 1587 933 abierit
1618 903 1738 934 uxorv
1758 902 1824 934 co·

252 967 402 1017 gnevit
443 967 659 1017 simulque
701 967 918 1008 intellexit
957 969 1040 1008 sibi
1082 969 1172 1008 iam
1212 969 1401 1020 reditum
1437 970 1531 1009 eius
1563 969 1826 1019 sperandum

252 1054 338 1083 non
370 1054 488 1093 esse;
523 1044 638 1084 dolet
668 1054 768 1093 ergo
799 1045 1166 1094 vehementerque
1196 1045 1323 1096 dolet,
1357 1045 1434 1085 sed
1459 1045 1619 1086 doloris
1645 1054 1824 1089 causam

252 1120 430 1160 reticere
472 1120 675 1160 decernit.
719 1120 870 1169 Itaque
902 1122 1043 1160 matre
1084 1116 1276 1172 rogante,>
1309 1121 1411 1171 quid
1446 1122 1589 1162 tristis
1618 1121 1692 1172 sit,
1723 1130 1825 1163 cum

251 1197 400 1235 tamen
427 1196 576 1236 salvus
603 1197 695 1246 ipse
722 1197 892 1237 salvam
918 1207 1102 1237 uxorem
1128 1198 1355 1248 invenerit,
1387 1198 1545 1248 „Recte
1561 1197 1730 1238 mater”
1746 1196 1823 1238 ait.

250 1272 326 1311 Est
384 1283 484 1321 ergo
535 1274 690 1312 recte
737 1274 830 1313 eius
876 1274 949 1323 qui
993 1274 1250 1323 respondere
1296 1274 1416 1325 nolit,
1465 1274 1542 1315 sed
1587 1283 1673 1324 qua
1717 1283 1824 1315 voce

250 1348 353 1387 illud
420 1349 586 1389 dicatur
652 1349 895 1390 Scholiasta
959 1360 1039 1389 nos
1106 1351 1231 1390 docet
1290 1350 1559 1390 annotando:
1625 1349 1823 1401 „Recte

249 1425 451 1463 mater:
494 1425 558 1464 sic
599 1425 795 1475 dicimus,
840 1436 940 1465 cum
982 1426 1075 1466 sine
1117 1426 1274 1466 iniuria
1315 1426 1622 1476 interrogantis
1661 1425 1823 1476 aliquid

248 1500 525 1540 reticemus.''

0 1542 217 1617 ἀλοία
308 1576 488 1616 Differre
535 1578 695 1627 aliquid
742 1578 854 1618 inter
901 1588 948 1618 se
994 1578 1172 1618 fidum
1218 1581 1262 1618 et
1303 1578 1537 1618 fidelem
1578 1577 1822 1620 Scholiasta

0 1631 193 1821 Q

0 1837 189 1891 ‚acm

0 1923 192 2000 Κνθμ

249 1653 453 1693 admonet
494 1654 547 1694 ad
583 1654 756 1694 Phorm.
801 1656 870 1704 76,
905 1657 948 1694 et
980 1655 1084 1694 illud
1116 1655 1167 1695 de
1199 1655 1339 1694 amico
1371 1654 1466 1704 dici,
1499 1655 1581 1694 hoc
1611 1654 1664 1695 de
1693 1665 1822 1695 servo

249 1729 417 1775 (addere
473 1732 642 1779 poterat
698 1731 749 1770 de
806 1733 1058 1771 amatore
1104 1733 1233 1780 atque
1280 1731 1456 1771 omnino
1502 1731 1555 1770 de
1600 1740 1651 1771 eo
1697 1730 1821 1771 cuius

248 1804 378 1845 fidem
422 1806 464 1844 in
506 1806 666 1845 leviore
707 1807 878 1855 negotio
916 1807 1134 1856 cognitam
1166 1807 1406 1853 habemus).
1439 1805 1689 1846 Consimilis
1718 1805 1823 1848 huic

249 1883 316 1920 est
358 1882 601 1922 observatio
644 1883 695 1922 de
737 1883 1136 1923 committendi
1178 1883 1320 1933 verbo,
1357 1893 1488 1932 quam
1525 1882 1627 1922 alibi
1658 1865 1818 1923 scholi-
1849 1883 1863 1901 ⁶

248 1959 344 1996 asta
390 1959 556 2007 posuit:
589 1960 892 1999 tantummodo
924 1961 975 1999 de
1006 1960 1191 1999 maximi
1223 1959 1436 1999 momenti
1467 1959 1596 1999 rebus
1626 1958 1819 2006 adhiberi

248 2034 351 2073 illud
383 2034 439 2072 ibi
472 2035 669 2083 legimus.
1659 2039 1666 2042 ”

306 2108 388 2152 IV.
418 2110 559 2149 Sicubi
588 2111 699 2159 apud
726 2111 977 2150 Terentium
1005 2111 1177 2162 aliquod
1204 2111 1463 2151 vocabulum
1495 2112 1664 2164 certum
1687 2121 1816 2162 gugn-

247 2186 346 2224 dam
380 2186 567 2225 colorem
599 2187 740 2236 habet,
775 2188 847 2235 qui
880 2187 951 2226 ille
978 2188 1037 2227 sit
1063 2198 1194 2236 quam
1222 2187 1548 2234 accuratissime
1576 2186 1818 2230 Scholiasta

245 2262 525 2301 demonstrat.
570 2263 712 2302 Pauca
754 2263 822 2302 hic
865 2264 1064 2312 exempla
1101 2263 1331 2303 sufficiunt.
1365 2263 1588 2303 Hec.'629
1619 2263 1817 2308 Sostrata
1868 2258 1871 2261 ⁴

245 2338 445 2376 Lachetis
491 2349 612 2388 uxor,
663 2350 793 2387 quam
839 2340 1026 2379 maritus
1072 2340 1289 2379 incusavit
1336 2331 1513 2379 causam
1559 2338 1694 2380 fuisse
1739 2348 1816 2380 cur
1858 2329 1864 2334 ⁴

245 2412 320 2451 filii
350 2425 458 2452 uxor
485 2415 537 2453 ad
564 2417 764 2463 parentes
791 2426 894 2454 suos
921 2416 1172 2466 confugerit,
1202 2416 1296 2465 ipsa
1322 2416 1449 2455 domo
1476 2415 1594 2454 abire
1609 2414 1812 2464 decrevit,
1857 2396 1864 2407 ⁸

246 2500 297 2528 ne
330 2491 562 2538 quidquam
595 2492 826 2539 quominus
858 2503 993 2532 nurus
1024 2493 1173 2532 redeat
1204 2493 1358 2532 obstet.
1392 2492 1559 2532 Laudat
1584 2491 1813 2533 consilium

245 2566 336 2603 eius
382 2567 556 2614 Laches,
601 2568 826 2616 laetusque
864 2568 955 2607 adit
982 2568 1274 2681 ψ,
1309 2579 1443 2607 nurus
1474 2569 1656 2618 patrem,
1690 2566 1814 2607 cuius

245 2641 499 2680 affinitatem
542 2643 725 2681 maximi
767 2643 883 2682 facit.
918 2643 1053 2692 Quem
1126 2644 1348 2692 mulatque
1381 2643 1589 2692 conspicit
1619 2643 1682 2682 ita
1711 2641 1811 2682 allo-

244 2717 409 2764 quitur:

479 2793 555 2831 Dic
587 2792 699 2832 filiae
732 2805 806 2832 rus
838 2805 1141 2835 concessuram
1174 2796 1274 2835 hinc
1306 2795 1547 2835 Sostratam

481 2869 542 2906 Ne
574 2871 833 2918 revereatur,
868 2871 1014 2909 minus
1046 2871 1134 2910 iam
1166 2882 1249 2920 quo
1281 2873 1428 2925 redeat
1459 2871 1648 2910 domum.

220 2940 500 2993 'mestissime
531 2944 597 2982 hic
631 2945 872 2984 Scholiasta
904 2948 1105 2985 annotat:
1139 2947 1326 2995 „Blande
1354 2958 1438 2986 non
1465 2946 1628 2986 addidit
1653 2947 1805 2996 tuae,
