2034 3334
1017 371 1100 411 160

266 499 401 537 arte.
435 497 567 537 Thais
599 497 727 536 modo
759 497 903 536 hunc
928 496 1111 547 dixerat,
1140 506 1239 547 non,
1267 495 1525 546 militem,
1554 496 1601 535 at
1625 479 1842 537 Parmam)>

264 573 522 613 Phaedriam
554 573 778 612 nominare
809 582 896 612 non
926 573 1113 612 veretur.

329 650 395 689 19.
437 648 654 688 Accede
695 648 821 687 huc!
865 648 1129 688 Simulatum
1172 647 1253 688 hoc
1293 647 1412 687 iubet
1451 646 1710 687 Eunuchum
1739 646 1837 688 Par-

265 735 406 765 meno.
440 725 708 764 Annotatur:
746 723 906 774 „Vultu
933 735 982 764 eo
1009 724 1165 764 dicitur
1191 733 1274 773 quo
1301 723 1448 763 debuit
1473 723 1626 774 dicere,
1654 723 1700 764 et
1724 722 1839 764 dicto

265 801 537 842 aemulorum
578 800 724 840 laesus
756 802 798 840 et
836 799 1095 840 confidentia
1124 799 1375 849 destitutuS,
1408 799 1529 839 velut
1560 799 1604 838 in
1635 808 1686 839 eo
1717 797 1837 839 dum·
1891 852 1897 857 „

263 879 390 917 taxat
446 878 678 926 conspectu
734 875 950 916 Chaereae
1006 875 1267 917 confidens.’'
1323 875 1583 924 corruptum
1639 874 1693 915 in
1753 885 1836 923 e0;
1912 879 1913 882 ’
1993 868 1997 870 “

264 953 494 993 Klotziana
549 953 603 992 in
659 963 774 1003 eOS,
832 953 948 993 haud
998 953 1126 1004 male,
1174 953 1212 993 si
1258 952 1321 992 sic
1367 951 1555 1002 accipias
1602 951 1839 1002 „adversus

265 1029 503 1070 aemulos.’'

324 1181 400 1233 III,
444 1182 484 1232 3,
529 1182 599 1221 31.
642 1181 850 1221 Amabo
891 1183 951 1221 ut
982 1181 1122 1221 illuc
1152 1182 1442 1231 transeas,
1475 1180 1568 1220 ubi
1598 1179 1703 1220 illa
1733 1181 1835 1228 est]

206 1238 209 1242 ’
267 1289 285 1308 „
293 1258 391 1297 vide
436 1268 522 1297 non
563 1267 659 1298 esse
700 1258 902 1307 otiosum,
946 1258 1058 1307 quod
1098 1258 1246 1297 omnia
1285 1258 1512 1307 praetenta
1551 1257 1655 1297 sunt
1693 1255 1838 1306 potius

263 1344 395 1383 quam
431 1344 501 1374 res
533 1335 782 1384 importuna
812 1333 977 1374 fieret.”
1011 1334 1092 1374 Pro
1124 1345 1150 1384 p
1163 1345 1184 1373 r
1195 1344 1222 1374 a
1233 1345 1255 1374 e
1267 1336 1286 1374 t
1298 1345 1322 1373 e
1333 1345 1362 1373 n
1373 1335 1392 1373 t
1404 1344 1430 1373 a
1459 1334 1554 1383 lege
1583 1343 1610 1383 p
1622 1343 1644 1372 r
1654 1342 1682 1373 a
1692 1342 1716 1372 e
1725 1333 1746 1372 t
1756 1342 1780 1372 e
1791 1341 1835 1372 n-

263 1411 399 1450 tata.
443 1410 513 1449 Sic
553 1410 741 1449 omnia
780 1411 1153 1459 praetentata
1193 1410 1357 1450 dictum
1400 1409 1483 1448 erit
1514 1419 1564 1448 eo
1594 1418 1727 1448 sensu
1752 1417 1836 1458 quo

262 1487 417 1526 notum
447 1486 552 1526 illud
584 1487 844 1527 ovidianum
858 1498 866 1525 :
903 1517 921 1537 „
930 1488 1086 1526 cuncta
1115 1486 1235 1536 prius
1265 1486 1477 1525 tentata.''

323 1637 399 1688 III,
443 1639 482 1688 5,
531 1639 597 1678 10.
638 1639 821 1689 „Facete
856 1638 1014 1688 repetit
1043 1639 1176 1678 verba
1206 1639 1299 1678 eius
1328 1637 1721 1687 interrogationiS.”
1752 1636 1835 1677 Pro
1860 1650 1870 1660 ·

266 1713 752 1763 interrogationis
787 1715 881 1764 lege
913 1715 967 1754 in
998 1714 1474 1763 interrogatione.
1507 1713 1687 1753 Dixerat
1715 1713 1834 1752 enim

265 1788 456 1829 Chaerea
487 1792 566 1836 (vs.
601 1791 754 1837 5—8):

442 1866 524 1905 Sed
555 1867 833 1906 neminemne
864 1866 1082 1906 curiosum
1114 1866 1376 1905 intervenire
1406 1876 1521 1905 nunc
1550 1865 1673 1916 mihi,

441 1941 520 1991 Qui
546 1953 618 1981 me
644 1944 850 1991 sequatur
871 1952 1040 1991 quoquo
1057 1952 1168 1992 eam,
1187 1942 1412 1991 rogitando
1428 1941 1650 1992 obtundat,
1668 1942 1831 1981 enecet.

441 2017 547 2067 Quid
589 2019 777 2067 gestiam
819 2020 895 2058 aut
935 2018 1036 2067 quid
1077 2019 1219 2058 laetus
1260 2018 1358 2068 sim,
1397 2027 1480 2066 quo
1511 2027 1689 2067 pergam
1718 2016 1833 2057 unde

1271 2095 1524 2143 [emergam,
1556 2093 1630 2132 ubi
1660 2093 1772 2132 siem

436 2169 657 2208 Vestitum
698 2169 812 2209 hunc
853 2171 1020 2219 nactus,
1054 2169 1154 2218 quid
1186 2168 1295 2207 mihi
1327 2179 1546 2219 quaeram,
1579 2178 1714 2208 sanus
1743 2167 1831 2208 sim

1381 2246 1508 2291 [anne
1539 2243 1769 2285 insaniam.

316 2321 438 2360 Nunc
468 2321 659 2370 Antipho
691 2322 837 2370 rogat:
1823 2315 1827 2318 ⁴

435 2396 626 2436 Chaerea
656 2397 757 2446 quid
785 2398 853 2436 est
878 2396 991 2445 quod
1017 2396 1079 2435 sic
1105 2396 1274 2445 gestis?
1299 2395 1401 2444 quid
1427 2395 1510 2435 sibi
1540 2396 1611 2436 hic
1641 2395 1830 2436 vestitus

1553 2470 1769 2520 Quaerit?

434 2547 540 2597 Quid
573 2549 652 2597 est,
686 2547 798 2596 quod
829 2547 970 2586 laetus
1002 2547 1081 2586 es?
1111 2546 1213 2595 quid
1244 2546 1323 2585 tibi
1354 2546 1454 2585 vis?
1485 2546 1601 2586 satin
1628 2547 1798 2587 sanus?

313 2625 383 2662 49.
436 2624 582 2672 „Licet
628 2624 787 2663 iocanti
834 2625 878 2662 et
919 2623 1060 2662 amico
1101 2622 1290 2662 officium
1333 2621 1512 2661 iocunde
1553 2622 1739 2662 facere.”
1780 2621 1827 2663 si

253 2699 513 2738 officium
555 2699 744 2738 facere
786 2699 856 2737 hic
897 2699 987 2737 est:
1029 2698 1223 2737 narranti
1265 2697 1392 2737 alicui
1422 2697 1627 2746 praebere
1658 2707 1822 2748 aurem,

251 2775 359 2813 satis
391 2775 616 2823 perspicua
642 2774 864 2814 annotatio
892 2775 971 2823 est,
1000 2773 1233 2812 dummodo
1259 2783 1335 2822 pro
1362 2773 1600 2812 iocunde
1626 2773 1824 2822 legamus

251 2850 548 2889 iocantem.
598 2850 827 2888 Klotziana
873 2849 1196 2888 convicium
1241 2848 1371 2887 habet
1418 2858 1495 2897 pro
1536 2847 1821 2897 officium;
1928 2851 1931 2854 ⁴
2002 2839 2004 2842 ’

250 2926 301 2963 ad
334 2935 512 2963 sensum
545 2925 812 2963 rectissime:
847 2925 1019 2963 asinum
1052 2925 1168 2963 enim
1201 2923 1438 2963 Chaeream
1465 2923 1654 2972 Antipho
1681 2924 1820 2963 vocat.
