2034 3334
953 275 1010 318 83

184 398 351 453 ipsum,
383 398 618 439 maximam
646 397 799 440 habeat
826 398 1010 453 speciem
1037 398 1139 439 veri.
1175 397 1268 439 Hoc
1294 401 1439 439 autem
1467 411 1590 439 nemo
1619 396 1773 439 melius

182 466 302 509 docet
327 481 456 523 quam
481 469 591 523 ipse,
620 482 749 523 quem
778 472 1028 518 tractamus,
1057 471 1181 523 poeta
1207 469 1441 524 scriptorve
1468 472 1510 510 et
1537 481 1612 510 sua
1630 482 1774 523 quem-

184 551 264 593 que
293 552 412 580 mens
440 537 570 594 longo
597 537 716 580 illius
744 552 824 580 usu
847 540 1078 580 exercitata
1095 542 1220 594 atque
1237 537 1400 580 limata.
1428 538 1618 593 Denique
1636 540 1773 580 nescio

184 621 238 650 an
278 608 387 650 nihil
431 608 585 651 melius
628 622 735 664 quae
768 610 870 650 artis
901 610 1069 651 criticae
1101 622 1201 651 vera
1232 610 1340 651 ratio
1375 610 1430 650 sit
1463 609 1608 650 doceat
1641 622 1772 664 quam

182 678 450 721 decantatum
485 678 595 721 illud
628 678 1005 735 Francogallorum
1039 679 1227 721 dictum:

343 811 544 843 INVENIAS
576 811 826 849 QuocUMan
857 811 988 850 Loco,
1023 812 1133 850 REM,
1169 812 1277 849 QUAE
1309 812 1443 850 BONA,
1477 798 1611 842 sumn!

877 1122 1012 1164 LIBER
1043 1122 1075 1165 I.

252 1244 273 1286 1
429 1243 476 1286 In
510 1257 619 1286 nova
649 1244 732 1286 fert
763 1246 932 1286 animus
965 1248 1152 1286 mutatas
1184 1244 1320 1286 dicere
1354 1245 1508 1287 formas

423 1313 630 1370 Corpora:
665 1315 708 1356 di
741 1317 902 1370 coeptis
934 1322 1051 1366 (nam
1081 1330 1157 1358 vos
1189 1317 1390 1358 mutastis
1417 1319 1459 1358 et
1490 1315 1605 1368 illas)

424 1386 619 1441 Aspirate
652 1387 773 1427 meis.

181 1455 328 1498 Finem
375 1471 436 1498 vs.
478 1455 505 1497 2
554 1460 772 1498 tentarunt
817 1455 961 1498 multi.
1011 1456 1130 1508 Quod
1171 1458 1216 1498 in
1259 1471 1353 1499 mea
1396 1457 1580 1499 editione
1623 1459 1768 1513 posui:

182 1528 370 1582 „coeptis
399 1531 515 1575 (nam
539 1541 615 1568 vos
640 1529 861 1579 mutastis)
889 1530 930 1569 et
953 1527 1097 1569 ausis''
1124 1527 1386 1583 desperantis
1404 1532 1494 1570 erat
1510 1530 1768 1578 coniectura,

179 1611 263 1638 non
305 1597 435 1653 digna
477 1611 604 1652 quam
645 1599 756 1639 inter
797 1599 990 1639 virorum
1034 1598 1255 1640 doctorum
1287 1599 1507 1640 conamina
1541 1598 1770 1640 Ehwaldus

181 1667 368 1709 referret.
417 1667 526 1709 Boni
568 1669 681 1709 enim
723 1667 832 1709 nihil
873 1669 918 1709 in
958 1682 1006 1710 ea
1047 1673 1110 1710 est
1152 1670 1234 1710 nisi
1277 1669 1388 1724 quod
1420 1683 1526 1719 non,
1561 1674 1610 1710 ut
1641 1668 1769 1710 lectio

180 1736 381 1793 vulgata,
424 1737 587 1792 aliquid
629 1739 801 1793 praebet
834 1738 947 1794 quod
971 1739 1099 1792 plane
1131 1741 1187 1780 sit
1219 1753 1343 1781 sensu
1375 1753 1556 1781 cassum.
1592 1739 1672 1781 Sed
1706 1733 1782 1781 est'

178 1807 353 1849 hiberna
393 1809 491 1849 nive
532 1808 750 1864 frigidior:
798 1808 876 1859 „de
919 1810 1096 1851 mutatis
1141 1810 1387 1864 corporibus
1430 1814 1574 1851 canto:
1611 1823 1709 1858 vos,
1745 1823 1768 1851 o

178 1876 239 1918 dii
269 1876 557 1928 immortales,
590 1878 688 1920 huic
720 1878 895 1921 consilio
927 1879 1067 1922 favere
1095 1893 1279 1935 aequum
1306 1884 1391 1930 est,
1421 1881 1621 1934 quoniam
1649 1879 1768 1921 illius

179 1948 432 1989 mutationis
474 1951 665 1990 auctores
707 1948 852 1991 estis''.
895 1948 1077 1991 Nullum
1119 1954 1184 1991 est
1225 1953 1530 2006 argumentum
1572 1951 1615 1991 in
1659 1950 1770 2004 quod

177 2031 260 2059 non
311 2018 534 2059 conveniat
579 2016 712 2060 illud:
762 2021 842 2068 „de
888 2033 1031 2060 rerum
1080 2022 1232 2061 natura
1280 2020 1485 2070 cantabo3
1528 2033 1602 2061 vos
1645 2033 1668 2060 o
1707 2019 1767 2060 dii

177 2088 337 2142 coeptis
378 2088 561 2142 aspirate
593 2089 724 2137 meis,
757 2102 857 2129 nam
890 2103 965 2130 vos
998 2103 1063 2131 res
1097 2089 1312 2139 creastis''‚
1346 2089 1440 2132 vel:
1477 2089 1555 2139 „de
1588 2089 1678 2130 diro
1712 2089 1768 2130 fa-

177 2158 317 2199 cinore
349 2157 548 2207 cantabo,
581 2171 655 2198 vos
687 2172 710 2199 o
743 2157 802 2199 dii
833 2172 902 2200 me
935 2158 1158 2208 adiuvate,
1193 2173 1290 2200 nam
1325 2173 1400 2200 vos
1425 2158 1534 2200 illud
1562 2158 1652 2199 fieri
1679 2172 1767 2212 per-

177 2226 385 2268 misistis”
419 2226 489 2268 vel
520 2227 622 2281 quid
654 2224 764 2268 non?
797 2227 1000 2268 Ovidium
1033 2231 1177 2270 tamen
1210 2228 1407 2282 equidem
1435 2227 1556 2269 credo
1584 2232 1645 2279 (et
1670 2229 1765 2283 quis

177 2310 260 2338 non
308 2294 495 2348 credat?)
541 2297 953 2352 Metamorphosesin
1001 2299 1088 2338 suis
1135 2299 1403 2353 praemisisse
1448 2296 1610 2352 aliquid
1653 2297 1766 2352 quod

177 2365 351 2407 illarum
396 2367 452 2407 sit
492 2368 714 2422 proprium
748 2390 804 2397 —
837 2370 880 2408 et
921 2367 1034 2421 quod
1077 2367 1304 2422 paululum
1346 2370 1457 2408 certe
1488 2367 1640 2408 habeat
1671 2380 1765 2408 acu-

182 2438 327 2478 minis.
377 2436 578 2478 Merkelii
625 2436 725 2478 illac
768 2450 894 2478 suum
945 2437 1026 2478 sibi
1072 2438 1251 2492 requirit
1298 2436 1570 2492 Oedipodem.
1619 2436 1764 2491 Neque

182 2506 416 2561 quidquam
457 2506 701 2561 proficimus
742 2505 938 2547 Ehwaldi
972 2508 1263 2548 annotatione:
1301 2506 1438 2556 „denn
1470 2507 1550 2546 wie
1582 2504 1664 2547 alle
1697 2519 1765 2546 an-

180 2575 306 2618 deren
351 2590 396 2618 so
439 2575 530 2617 sind
573 2576 681 2617 auch
726 2575 838 2617 diese
880 2575 1248 2631 Verwandlungen
1292 2590 1391 2618 euer
1422 2574 1592 2617 werk’':
1630 2589 1764 2630 neque

177 2659 325 2701 operae
352 2647 540 2701 pretium
568 2645 675 2687 duco
703 2645 771 2687 hic
798 2644 968 2687 Stobaei
990 2645 1169 2702 Eclogas
1195 2647 1400 2700 inspicere
1426 2649 1475 2686 ut
1500 2658 1523 2686 a
1539 2644 1764 2687 Posidonio

179 2715 327 2757 docear
373 2729 478 2770 quae
526 2717 610 2756 sint
650 2714 749 2756 illae
793 2715 901 2756 aliae
947 2730 1075 2756 omnes
1118 2717 1401 2757 mutationes:
1447 2717 1677 2765 „cosmicas
1722 2719 1763 2757 et

177 2784 404 2840 physicas’'
447 2799 536 2826 esse
579 2784 825 2840 cogitandas
868 2786 998 2826 etiam
1042 2786 1131 2826 sine
1174 2785 1400 2826 Posidonio
1433 2786 1574 2839 quivis
1606 2784 1765 2826 intelli-

177 2859 320 2910 geret,
349 2856 384 2895 si
412 2868 559 2896 revera
585 2855 653 2895 hic
680 2854 763 2895 duo
791 2868 946 2909 genera
973 2856 1265 2896 mutationum
1292 2855 1402 2896 inter
1428 2869 1470 2910 se
1498 2857 1763 2910 opposuisset

178 2922 371 2965 Ovidius.
406 2923 486 2965 Sed
518 2938 602 2965 non
635 2925 834 2978 opposuit
860 2937 994 2978 neque
1023 2926 1164 2978 potuit
1189 2938 1411 2979 opponere.
1445 2923 1636 2978 Denique
1662 2924 1762 2979 qnid

181 2991 348 3034 multa?
392 2993 521 3035 Unice
562 3007 713 3035 verum
757 2997 820 3035 est
862 2993 973 3048 quod
1005 2995 1163 3048 recepit
1194 2994 1241 3035 P.
1275 2993 1407 3049 LeJay
1440 3007 1461 3035 e
1493 2995 1583 3035 cod.
1619 3010 1636 3034 ε
1669 2994 1761 3035 illa.
