2034 3334
943 393 1027 435 109

230 518 370 563 Semel
415 521 584 562 tantum
629 518 681 561 de
727 518 755 560 h
768 531 938 561 onore
984 518 1122 574 poetis
1170 517 1312 560 debito
1355 517 1494 573 deque
1534 517 1696 559 invid
1709 531 1735 559 a

230 595 398 639 turba
429 596 623 652 loquitur
654 594 743 650 (IV,
778 595 816 650 l,
848 595 902 636 21
937 596 1036 650 sq.):

409 705 469 747 At
499 705 606 747 mihi
638 704 755 759 quod
785 704 885 745 vivo
919 703 1149 746 detraxerit
1179 702 1327 744 invida
1356 702 1497 756 turba,

467 779 572 822 Post
603 779 770 822 obitum
802 779 963 845 duplici
973 778 1141 854 genere
1171 778 1323 820 reddet
1354 777 1517 820 Honos.

778 846 847 884 ff
908 848 999 868 «Μ’,
1403 843 1577 874 {ftfls
1641 838 1688 869 ’χ

290 894 373 938 Sed
404 895 670 950 imprudenti
702 895 741 937 ei
772 879 984 937 excidisse
1016 894 1079 936 illi
1110 907 1264 936 versus
1298 894 1521 947 videntur3
1557 893 1736 935 mirifice

231 972 346 1014 enim
378 974 542 1013 certant
573 983 672 1013 cum
705 971 759 1013 iis
792 971 868 1026 qui
901 983 1004 1012 mox
1035 971 1123 1024 (55)
1152 974 1417 1025 sequuntur:

409 1078 658 1133 Fortunata,
690 1091 785 1121 meo
818 1079 944 1134 siqua
975 1091 1021 1120 es
1054 1077 1266 1121 celebrata
1291 1077 1458 1119 libello!

471 1153 671 1196 Carmina
701 1158 830 1196 erunt
861 1153 1022 1196 formae
1055 1156 1118 1196 tot
1152 1153 1416 1195 monimenta
1447 1156 1560 1207 tuae,

234 1282 258 1313 e
304 1269 462 1326 quibus
509 1282 662 1312 verum
710 1269 982 1326 Propertium
1031 1270 1342 1326 cognoscimus.
1406 1269 1477 1311 Illi
1532 1269 1646 1312 enim
1693 1270 1740 1310 in

235 1349 487 1401 argumento
529 1349 630 1388 sunt
677 1347 843 1399 omnia;
894 1346 1013 1402 quod
1059 1347 1096 1388 si
1143 1347 1189 1387 in
1237 1346 1376 1401 ipsius
1418 1348 1566 1401 poetae
1598 1348 1742 1387 mente

235 1424 384 1463 natum
411 1424 487 1476 est,
520 1421 572 1463 de
602 1421 676 1463 illo
708 1425 861 1476 cantat,
889 1422 1099 1464 iudicium
1126 1422 1349 1463 hominum
1377 1422 1440 1463 nil
1466 1425 1598 1463 curat.
1615 1421 1741 1464 Eius-

237 1497 352 1539 modi
396 1500 519 1552 poe'ta
567 1497 620 1540 de
662 1500 752 1540 arte
793 1498 957 1553 poetica
1000 1497 1235 1539 doctrinam
1278 1497 1419 1552 tradit,
1467 1510 1580 1552 quae
1613 1497 1740 1539 unice

235 1585 336 1614 vera
352 1577 428 1627 est,
444 1574 636 1615 omnium
654 1574 912 1629 populorum
931 1574 1211 1629 omniumque
1227 1572 1504 1627 aetatum-(II,
1523 1574 1561 1628 l,
1575 1574 1600 1614 3
1618 1575 1738 1628 sqq.):

417 1680 515 1723 Non
547 1682 652 1724 haec
684 1680 882 1738 Calliope,
912 1695 1001 1724 non
1031 1682 1136 1725 haec
1169 1682 1273 1724 mihi
1305 1685 1446 1723 cantat
1472 1681 1640 1737 Apollo,

476 1757 706 1813 Ingenium
740 1758 866 1801 nobis
896 1759 990 1814 ipsa
1019 1758 1161 1814 puella
1190 1758 1303 1800 facit.

420 1831 520 1875 Sive
552 1833 671 1887 lyrae
701 1847 874 1877 carmen
908 1834 1051 1890 digitis
1082 1835 1295 1890 percussit
1327 1833 1504 1876 eburnis

478 1908 700 1965 Miramur,
731 1910 878 1953 faciles
908 1914 959 1952 ut
988 1914 1152 1966 premat
1183 1914 1272 1953 arte
1305 1924 1482 1953 manus:

418 1984 505 2027 Seu
538 1986 627 2027 vidi
661 1986 714 2028 ad
743 1986 927 2029 frontem
959 1999 1128 2042 sparsos
1161 1999 1302 2029 errare
1333 1987 1522 2042 capillos,

478 2060 646 2103 Gaudet
676 2061 858 2104 laudatis
890 2063 952 2104 ire
986 2062 1170 2118 superba
1201 2063 1345 2104 comis.

419 2135 518 2179 Sive
548 2137 666 2179 illam
696 2136 794 2180 Cois
824 2137 1057 2194 fulgentem
1089 2138 1286 2180 incedere
1323 2139 1474 2193 coccis,

478 2211 574 2254 Hoc
604 2216 742 2255 totum
775 2226 798 2255 e
831 2212 916 2256 Coa
947 2217 1066 2256 veste
1098 2213 1300 2256 volumen
1331 2214 1433 2255 erit:

421 2285 506 2329 Seu
540 2300 639 2329 cum
670 2292 892 2344 poscentes
924 2302 1124 2331 somnum
1157 2289 1340 2331 declinat
1371 2289 1540 2344 ocellos,

479 2361 661 2404 Invenio
695 2376 846 2406 causas
879 2364 997 2406 mille
1027 2367 1151 2419 poeta
1181 2376 1340 2406 novas:

424 2436 510 2479 Seu
541 2438 658 2480 nuda
690 2441 832 2494 erepto
864 2451 1035 2481 mecum
1067 2439 1256 2481 luctatur
1286 2440 1458 2494 amictu,

481 2511 589 2554 Tum
620 2525 722 2555 vero
756 2513 907 2569 longas
939 2514 1165 2556 condimus
1195 2514 1378 2556 Iliadas:

427 2587 513 2630 Seu
546 2588 757 2643 quidquid
786 2588 887 2630 fecit
918 2589 1050 2631 sivest
1081 2589 1372 2644 quodcunque
1401 2589 1544 2644 locuta

487 2663 678 2705 Maxima
709 2664 760 2706 de
790 2664 924 2706 nihilo
956 2665 1147 2706 nascitur
1177 2664 1363 2706 historia.

312 2779 446 2822 Cuius
488 2780 739 2835 primarium
777 2783 842 2822 est
873 2781 1091 2836 egregium
1122 2780 1230 2822 illud
1262 2781 1316 2822 in
1329 2795 1358 2837 g
1370 2794 1392 2824 e
1403 2783 1500 2825 niu
1511 2796 1555 2824 m
1586 2796 1616 2825 n
1627 2796 1651 2825 o
1665 2782 1690 2824 b
1701 2783 1716 2824 i
1729 2796 1749 2825 s

250 2857 306 2912 ip
318 2869 338 2899 s
349 2869 374 2898 a
418 2869 446 2912 p
459 2869 489 2898 u
501 2855 611 2898 ella
653 2855 674 2897 f
682 2869 706 2898 a
717 2869 740 2898 c
751 2857 767 2898 i
777 2859 804 2898 t.
849 2855 1003 2898 Confer
1041 2869 1158 2898 nunc
1189 2869 1287 2899 oum
1319 2858 1393 2900 illo
1425 2871 1575 2902 versus
1605 2859 1749 2901 Tibul-
