2034 3334
1064 354 1120 397 66

337 479 530 522 eiusdem
576 492 670 523 esse
715 483 863 536 poetae
905 493 1124 536 agnosces.
1170 480 1303 524 Poe'ta
1350 495 1450 538 ergo
1491 482 1666 539 planum
1706 482 1847 526 facere

339 556 506 602 volebat
551 570 682 612 quam
723 570 846 599 avem
888 557 1031 600 verbis
1076 559 1404 602 ministrum
1443 559 1709 602 fulminis
1752 559 1848 603 ali-

336 636 442 676 tem
474 633 756 689 significaret:
790 633 1123 690 explicationem
1156 639 1300 677 autem
1332 635 1460 690 dedit,
1487 649 1615 692 quam
1632 637 1848 692 ineptissi-

337 723 450 752 mam
493 714 535 753 et
577 709 630 753 ab
663 710 743 753 hoc
775 710 869 753 loco
901 711 1208 754 alienissimam
1242 724 1336 755 esse
1367 711 1661 769 Peerlkampio
1691 712 1849 757 lubens

337 787 556 829 assentior.
605 785 724 837 Quae
773 788 887 830 enim
938 789 1046 830 ratio
1094 789 1320 832 intercedit
1366 789 1478 832 inter
1517 789 1688 846 aquilae
1717 789 1846 833 fidem

335 867 596 920 raptumque
628 863 892 918 Ganymedis
924 869 966 907 et
997 869 1228 921 spectatam
1262 867 1308 908 in
1343 865 1486 909 Druso
1518 866 1847 910 fortitudinem?

335 940 496 997 Aquila
526 944 669 984 autem
698 945 740 984 et
765 941 832 983 leo
860 955 978 984 nune
1004 943 1192 998 primum
1210 942 1362 985 nidum
1380 943 1634 1000 relinquunt
1649 948 1849 987 matrem·

339 1030 436 1074 que,
482 1022 524 1060 et
564 1019 633 1061 sui
673 1017 840 1060 faciunt
874 1019 1115 1074 periculum
1148 1020 1195 1061 in
1229 1019 1442 1062 currendo
1473 1020 1756 1077 volandoque.
1789 1021 1849 1064 At

338 1093 511 1138 Drusus
558 1095 728 1138 iuvenis
777 1095 953 1151 quidem
996 1099 1060 1139 est
1104 1096 1178 1139 sed
1209 1100 1353 1140 tamen
1385 1111 1549 1140 annum
1581 1098 1731 1141 aetatis
1762 1099 1850 1155 agit

337 1172 595 1227 vigesimum
627 1173 814 1215 tertium.
850 1171 933 1215 Sed
967 1172 1047 1215 hoe
1081 1173 1270 1229 quidem,
1302 1175 1507 1229 quoniam
1541 1175 1686 1218 minus
1717 1187 1849 1231 grave

339 1252 403 1292 est
433 1249 588 1292 vitium
627 1262 757 1304 quam
789 1252 929 1292 cetera
961 1250 1118 1304 omnia,
1153 1251 1384 1293 mittamus.
1418 1249 1513 1301 Quo
1545 1251 1673 1294 modo
1705 1255 1848 1295 autem

339 1324 510 1368 Drusus
555 1325 718 1368 bellum
764 1327 886 1382 gerit,
933 1339 1061 1382 quem
1111 1339 1211 1369 cum
1259 1327 1404 1382 aquila
1451 1327 1520 1370 vel
1561 1327 1684 1371 leone
1716 1341 1850 1384 agnos

340 1402 613 1458 eapellasque
643 1403 833 1446 laniante
860 1406 985 1459 poeta
1011 1405 1259 1459 comparat?
1287 1403 1525 1460 Exspectes
1553 1404 1851 1447 huiuscemodi

341 1478 526 1535 aliquid:
564 1479 734 1533 „hostes
762 1479 941 1522 terribili
967 1480 1061 1522 eius
1088 1483 1255 1536 impetu
1281 1480 1478 1536 perculsi,
1494 1481 1626 1523 immo
1642 1480 1851 1524 fulminea

340 1555 542 1598 horrendi
572 1555 806 1599 adversarii
836 1557 880 1598 vi
912 1556 1196 1612 obstupefacti
1229 1559 1332 1599 sunt
1364 1560 1405 1599 et
1433 1569 1532 1613 prae
1565 1561 1684 1600 metu
1709 1558 1786 1600 vix
1803 1570 1850 1601 se

341 1645 608 1675 commovere
662 1632 883 1689 possunt''.
933 1631 1047 1683 Quid
1094 1646 1195 1676 vero
1241 1633 1397 1689 poeta?
1443 1633 1656 1676 Barbaras
1699 1638 1850 1690 gentes

342 1708 445 1751 dicit
492 1710 768 1753 consiliis
815 1710 985 1753 iuvenis
1032 1711 1288 1753 revietas
1336 1710 1537 1753 didicisse
1586 1723 1698 1767 quae
1739 1714 1853 1755 esset

341 1784 478 1829 bonae
510 1767 779 1829 edffcationis
815 1786 989 1829 utilitas.
1022 1766 1297 1842 Inep‘tissima
1329 1786 1432 1829 haec
1461 1800 1555 1830 esse
1579 1786 1852 1843 aliquatenus

342 1863 477 1905 sensit
517 1863 752 1918 Bentleius,
796 1865 872 1919 qui
913 1877 989 1919 pro
1031 1865 1288 1907 revictae
1331 1864 1512 1906 coniecit
1541 1877 1852 1921 repressae.

345 1937 428 1981 Sed
460 1939 539 1981 hoc
572 1940 746 1996 quidem
775 1943 840 1983 est
867 1940 1063 1983 morituri
1088 1940 1311 1983 reduviam
1341 1953 1503 1983 curare.
1519 1940 1630 1983 Nam
1649 1941 1852 1985 maiorem

347 2015 520 2071 quidem
566 2017 654 2058 vim
696 2015 823 2059 habet
864 2029 1164 2073 repressae
1206 2030 1336 2072 quam
1374 2017 1651 2072 revictae,
1684 2017 1758 2061 sed
1789 2018 1854 2060 in-

346 2095 506 2135 tactum
553 2093 728 2149 reliquit
776 2093 999 2136 Bentleius
1045 2092 1305 2136 vocabulum
1350 2094 1487 2136 multo
1532 2095 1667 2151 magis
1697 2095 1854 2151 impro-

347 2168 536 2212 bandum
567 2170 845 2213 consiliis.
876 2170 955 2212 Illo
988 2171 1117 2227 enim,
1144 2170 1244 2214 licet
1272 2170 1418 2213 multis
1446 2171 1583 2214 modis
1599 2172 1646 2214 in
1662 2175 1852 2215 nostram

347 2245 528 2289 aliamve
574 2246 766 2303 linguam
810 2247 1059 2290 hodiernam
1105 2248 1212 2290 verti
1253 2249 1400 2304 possit,
1441 2252 1583 2291 tamen
1617 2261 1784 2305 semper
1812 2252 1854 2292 et

347 2321 511 2378 ubique
568 2323 777 2378 quaedam
834 2324 989 2366 mentis
1047 2323 1321 2367 deliberantis
1375 2326 1582 2381 sapientia
1626 2325 1853 2368 indicatur.

348 2398 485 2442 Multo
532 2400 666 2456 igitur
712 2400 865 2443 melius
912 2413 962 2443 eo
1012 2402 1143 2443 utaris
1192 2401 1267 2444 ubi
1314 2402 1366 2444 de
1414 2402 1522 2445 duce
1564 2402 1708 2458 aliquo
1750 2405 1855 2446 natu

349 2475 519 2530 maiore,
566 2489 695 2532 quem
743 2490 850 2520 usus
899 2476 999 2520 belli
1042 2477 1297 2533 prudentem
1342 2478 1452 2533 fecit,
1493 2478 1695 2534 loquaris,
1725 2491 1854 2536 quam

350 2564 486 2606 quum
516 2553 717 2596 iuvenem
748 2553 1024 2610 ipsokardore
1057 2553 1200 2596 hostes
1233 2555 1431 2596 vincente
1462 2554 1636 2597 laudare
1667 2554 1784 2597 velis.

409 2627 587 2670 Barbari
616 2642 714 2686 ergo
748 2644 771 2672 a
803 2629 947 2673 Druso
981 2631 1082 2672 victi
1110 2630 1295 2673 didicere
1323 2634 1534 2686 quantum
1563 2630 1720 2673 valeret
1747 2630 1857 2673 bona

351 2706 558 2748 educatio.
589 2706 659 2760 At,
690 2719 764 2762 per
796 2707 897 2749 deos
929 2707 1204 2761 immortales,
1238 2706 1344 2763 quid
1374 2706 1566 2763 pulchris
1591 2705 1854 2762 imaginibus

349 2782 510 2825 factum
553 2786 616 2825 est
661 2796 771 2838 quae
812 2784 941 2826 tantis
982 2783 1236 2840 ambagibus
1268 2787 1473 2839 tantoque
1506 2786 1661 2825 ornatu
1691 2784 1736 2825 in
1768 2784 1855 2839 pri-

352 2861 433 2901 mis
490 2859 673 2917 strophis
725 2864 826 2902 sunt
871 2861 1145 2916 propositae?
1195 2859 1289 2911 Quo
1337 2864 1546 2903 terrarum
1592 2860 1853 2903 evaserunt?
