2034 3334
930 402 982 439 31

175 526 226 566 ab
269 527 402 566 altero
443 527 586 566 verbis
619 527 796 567 alterius
837 538 1056 577 personae,
1102 538 1209 576 quae
1250 529 1418 568 ostendi
1458 540 1533 578 per
1564 540 1610 569 se
1643 531 1736 580 ipsa

29 592 30 595 ¹
102 629 104 631 »
173 612 259 642 11011
289 604 508 653 poterant;
542 605 591 642 ut
622 614 735 643 nunc
766 614 899 642 manu
931 614 1056 653 agere
1089 603 1323 644 Chaeream
1350 605 1616 645 Parmenone
1642 607 1734 656 ipso

173 677 339 717 dicente
381 679 720 727 cognoscimus.”
764 679 923 718 Eodem
954 680 1094 729 modo,
1128 681 1165 718 si
1197 681 1292 728 quis
1324 681 1367 719 in
1399 681 1560 720 Graeca
1591 682 1735 721 fabula

172 753 417 812 stagnigoffioa
449 755 678 804 exclamat,
707 755 746 793 ei
773 755 899 794 modo
926 755 1135 794 inflictam
1162 756 1332 805 alapam
1355 757 1463 796 scire
1485 768 1730 806 possumus.

173 827 232 868 Cf.
266 830 344 869 Ad.
383 830 463 869 173
495 831 568 869 ubi
604 831 668 880 „ei
700 831 858 869 misero
891 831 1026 869 mihi’'
1059 831 1155 870 leno
1187 832 1439 871 verberatus
1476 833 1625 872 ululat.

230 905 328 944 386.
380 905 560 955 „Quidni
606 917 682 955 ego
730 907 937 945 Thaidem
978 907 1251 946 meretricem
1291 908 1500 947 fallam?''
1543 908 1732 948 Chaerea

171 981 429 1020 retinentem
460 982 774 1021 Parmenonem
806 984 948 1031 rogat:

229 1057 297 1096 An
322 1059 464 1107 potius
490 1059 596 1098 haec
621 1059 742 1108 pati?
769 1070 953 1107 aequum
981 1060 1048 1098 est
1073 1058 1165 1111 fieri
1181 1061 1230 1099 ut
1247 1070 1271 1098 a
1287 1071 1358 1098 me
1374 1061 1546 1099 ludatur
1563 1061 1683 1100 dolis.

171 1133 239 1172 Sic
280 1134 406 1183 vulgo
449 1135 598 1184 editur,
643 1136 788 1174 exstat
829 1135 949 1173 varia
989 1135 1115 1174 lectio
1152 1136 1302 1184 patri
1334 1147 1409 1185 pro
1441 1137 1572 1187 pati,
1608 1139 1728 1177 cuius

169 1219 246 1257 ope
278 1210 497 1258 Bentlejus
529 1211 748 1259 egregium
778 1211 891 1249 hunc
922 1211 1024 1250 fecit
1054 1222 1252 1251 versum:

226 1286 294 1323 An
320 1286 462 1334 potius
488 1296 564 1334 par
591 1288 718 1334 atque
745 1288 974 1335 aequumst
999 1289 1121 1336 pater
1146 1289 1196 1326 ut
1223 1298 1247 1326 a
1273 1298 1343 1327 me
1360 1288 1532 1327 ludatur
1548 1289 1688 1327 dolis?

226 1360 348 1400 Certe
390 1363 573 1410 patris
605 1363 767 1401 mentio
799 1363 1040 1402 rectissime
1067 1364 1137 1402 hic
1167 1362 1227 1402 fit.
1262 1364 1372 1403 Nam
1404 1364 1488 1402 nisi
1520 1364 1727 1404 Thaidem

167 1437 378 1485 deceperit
420 1437 608 1477 Chaerea
650 1440 692 1477 et
739 1439 833 1478 dolo
876 1439 927 1478 ab
969 1439 1043 1477 illa
1082 1439 1295 1488 virginem
1338 1440 1576 1490 abduxerit,
1619 1441 1726 1479 nihil

165 1514 301 1552 restat
341 1513 425 1551 nisi
456 1515 504 1551 ut
541 1524 566 1552 a
606 1515 727 1562 patre
758 1515 984 1562 pecuniam
1027 1515 1203 1553 abradat
1235 1526 1318 1563 qua
1349 1516 1562 1564 virginem
1594 1518 1723 1556 emat.

164 1589 304 1637 Atque
346 1589 389 1627 in
434 1589 608 1628 senibus
655 1591 935 1643 emungendis
967 1591 1059 1629 sine
1089 1591 1178 1629 ulla
1209 1591 1412 1642 religione
1443 1593 1558 1630 servi
1589 1593 1724 1631 adole—

165 1665 382 1703 scentibus
415 1665 517 1704 dant
554 1677 740 1714 operam.

697 1964 842 2004 Aeros
873 1965 936 2003 III
969 1964 1111 2003 SOENA
1147 1966 1182 2003 1.

223 2096 433 2136 Parmeno
466 2108 520 2136 ex
551 2097 642 2136 heri
674 2099 848 2137 aedibus
880 2100 1111 2147 procedens
1142 2101 1191 2138 ut
1223 2101 1274 2138 ad
1307 2100 1514 2138 Thaidem
1541 2100 1722 2138 deducat

163 2173 363 2211 ancillam
404 2173 573 2222 nigram
616 2175 658 2212 et
689 2174 942 2213 Eunuchum
974 2175 1097 2214 illum
1129 2175 1396 2224 simulatum,
1431 2175 1601 2214 adstare
1633 2176 1721 2213 iam

162 2252 261 2288 ante
303 2251 476 2289 Thaidis
509 2251 669 2289 ostium
701 2251 965 2290 Thrasonem
996 2253 1182 2291 militem
1213 2252 1331 2290 videt
1363 2262 1461 2291 cum
1493 2263 1570 2291 suo
1602 2262 1718 2300 para-

128 2307 131 2309 *
161 2326 244 2364 sito
277 2326 511 2364 Gnathone.
546 2327 666 2365 Modo
699 2327 974 2376 advenerunt,
1003 2328 1077 2366 sed
1110 2338 1251 2366 sermo
1284 2339 1431 2366 eorum
1467 2328 1556 2377 „sic
1580 2328 1720 2376 prodit

160 2403 209 2440 ut
239 2404 336 2450 post
367 2412 542 2440 scenam
569 2402 795 2441 inchoatus
823 2413 917 2441 esse
943 2403 1166 2442 videatur”
1195 2404 1557 2451 quemadmodum
1583 2404 1719 2451 perite

161 2477 360 2515 observat
407 2477 658 2516 Scholiasta.
708 2478 838 2516 Audit
884 2476 1006 2516 illum
1053 2489 1299 2518 sermonem
1341 2490 1396 2517 ex
1442 2489 1519 2517 suo
1562 2479 1717 2527 angulo

159 2540 381 2600 Parmeno,
426 2553 544 2590 audit
585 2553 776 2601 ineptam
818 2554 970 2591 militis
1012 2554 1289 2593 iactationem
1325 2555 1586 2602 parasitique
1619 2555 1715 2592 adu-

158 2627 363 2666 lationem
411 2628 635 2667 abiectam.
679 2629 820 2666 Pauca
862 2629 1071 2676 quaedam
1113 2639 1167 2667 ex
1208 2629 1368 2667 ludicro
1405 2629 1475 2667 illo
1508 2629 1716 2677 colloquio

159 2704 399 2742 accuratius
431 2704 703 2752 aspiciamus.

216 2790 280 2818 vs,
315 2781 413 2818 391.
451 2780 652 2828 „Magnas
684 2791 784 2819 vero
818 2791 942 2829 agere
974 2780 1135 2829 gratias
1168 2780 1297 2819 Thais
1329 2781 1496 2819 mihi?”

158 2854 304 2893 Militis
344 2856 474 2894 verba
515 2858 615 2894 sunt
648 2857 774 2903 atque
807 2866 857 2894 ea
893 2856 1031 2904 prima
1066 2856 1276 2894 Parmeno
1313 2856 1483 2904 excipit.
1522 2857 1713 2894 Annotat

159 2930 418 2969 Scholiasta:
450 2932 571 2981 „plus
598 2933 724 2970 sonat
750 2930 987 2970 infinitivus
1003 2932 1156 2970 modus
1182 2931 1345 2970 finito.''
1363 2932 1466 2981 Hoc,
1485 2933 1533 2970 ut
1550 2932 1708 2981 opinor,
