2034 3334
1051 355 1135 398 172

340 478 448 522 sisse
492 478 719 522 videantur
766 482 1018 535 metuentes,
1062 479 1372 524 absurdissima
1412 493 1611 538 quaeque
1651 481 1737 539 ipsi
1766 493 1843 530 ex,-

340 555 547 611 cogitent:
579 555 639 597 ita
670 567 823 598 versus
855 559 1094 599 nascuntur
1120 569 1229 612 quos
1256 569 1382 600 nemo
1407 557 1561 614 legere,
1587 555 1717 601 verba
1731 569 1844 615 quae

340 643 466 674 nemo
495 630 732 687 intelligere
762 633 910 688 possit,
941 632 1140 689 strophae
1172 632 1359 690 denique
1391 637 1433 677 et
1464 634 1669 691 carmina,
1695 645 1720 678 e
1746 634 1842 691 qui-

340 705 423 750 bus
457 710 505 750 ut
545 707 681 750 ullum
721 708 868 752 saltem
903 709 1118 752 extundas
1149 721 1323 752 sensum
1354 710 1608 766 gravissima
1638 722 1748 767 opus
1777 713 1845 754 est

342 784 496 826 mentis
540 784 788 827 intentione.
834 784 904 827 Illi
947 798 1066 827 nunc
1111 785 1321 842 exemplis
1368 799 1392 828 a
1441 785 1662 842 Zingerleo
1703 785 1843 830 allatis

341 859 505 902 discere
551 864 734 916 possunt
781 874 908 917 quam
957 874 1097 904 vanus
1143 862 1403 918 ineptusque
1448 863 1530 905 iste
1575 865 1717 906 metus
1764 862 1842 906 sit:

341 948 491 979 verum
524 937 639 980 enim
674 940 841 993 poe'tam
866 937 1086 981 tralaticiis
1114 938 1271 994 verbis,
1297 937 1492 995 pedibus,
1507 937 1705 982 versibus
1723 937 1844 982 deni-

342 1025 427 1069 que
467 1026 580 1056 nova
621 1027 790 1070 semper
830 1018 872 1057 et
912 1015 1106 1058 inaudita
1147 1018 1271 1058 antea
1312 1015 1501 1071 proferre
1532 1027 1668 1072 posse.
1698 1014 1845 1072 Atque

341 1091 547 1134 hactenus
581 1091 755 1147 quidem
790 1093 1012 1135 verissima
1045 1093 1149 1135 mihi
1182 1092 1351 1135 videtur
1384 1092 1595 1148 Zingerlei
1621 1092 1844 1136 sententia.

341 1166 437 1210 Hoc
470 1180 644 1224 quoque
680 1168 1062 1224 prudentissimum
1097 1169 1213 1225 quod
1246 1182 1301 1212 ex
1334 1167 1487 1211 Ovidio
1519 1168 1587 1222 (de
1618 1167 1699 1211 hoc
1728 1169 1844 1212 enim

342 1247 428 1287 tres
475 1245 644 1300 scripsit
690 1244 918 1288 fasciculos
960 1246 1180 1288 communi
1221 1245 1370 1288 titulo:
1415 1231 1598 1288 Ovidius
1628 1244 1720 1288 und
1751 1245 1845 1289 sein

342 1320 613 1363 Verhffltniss
647 1334 702 1363 zu
735 1321 814 1363 den
850 1321 1132 1378 Vorgangern
1166 1321 1410 1364 lnnsbruck
1441 1320 1689 1375 1869-71)
1714 1320 1846 1377 potis·

343 1397 501 1439 simum
548 1397 746 1453 exempla
792 1397 961 1453 collegit
1009 1397 1063 1440 ad
1113 1398 1493 1441 demonstrandum
1541 1409 1671 1454 quam
1718 1408 1847 1454 saepe

342 1473 489 1516 eadem
531 1473 646 1530 apud
682 1474 842 1517 multos
872 1478 1138 1517 recurrerent
1168 1478 1324 1530 poetas.
1357 1473 1482 1524 Quod
1512 1486 1614 1518 vero
1644 1476 1846 1530 sponte

343 1551 385 1592 et
431 1549 494 1592 de
537 1549 831 1593 industria
879 1544 1082 1593 Ovidium
1124 1550 1260 1593 multa
1301 1550 1354 1593 ab
1397 1549 1576 1592 Horatio
1607 1549 1845 1606 sumpsisse

341 1626 582 1668 carminum
629 1639 807 1668 suorum
855 1630 1104 1669 ornamenta
1146 1627 1306 1681 statuit,
1346 1626 1391 1668 id
1425 1626 1542 1680 mihi,
1574 1625 1772 1682 quamvis
1801 1627 1845 1668 et

343 1715 461 1744 nunc
506 1702 700 1759 plerique
745 1703 826 1745 viri
873 1703 986 1745 docti
1031 1702 1253 1759 Zingerleo
1295 1702 1595 1756 assentiantur,
1637 1703 1680 1744 et
1707 1699 1843 1744 multo

344 1782 443 1821 ante
473 1791 571 1822 eum
604 1780 689 1822 iam
724 1779 847 1822 multi
878 1779 999 1822 nullo
1031 1779 1156 1822 allato
1187 1782 1439 1835 argumento
1464 1773 1579 1821 idem
1606 1776 1845 1821 affirmave—

343 1856 442 1911 rint,
488 1856 665 1899 mim'me
711 1855 926 1912 probatur.
967 1855 1151 1899 Prorsus
1195 1857 1310 1899 enim
1341 1855 1606 1898 incredibilis
1635 1866 1706 1898 res
1738 1853 1846 1898 mihi

343 1931 525 1987 videtur,
556 1935 598 1975 et
627 1945 706 1975 cur
730 1933 928 1976 videatur
955 1946 1059 1976 mox
1086 1933 1336 1976 brevissime
1364 1933 1526 1986 dicam;
1543 1945 1662 1975 nunc
1675 1935 1846 1975 tantum

345 2008 555 2064 Zingerlei
599 2013 850 2065 argumenta
887 2013 1083 2052 accurate
1113 2009 1354 2052 recensebo.
1385 2009 1441 2052 Et
1470 2021 1526 2052 ne
1555 2009 1626 2051 hic
1657 2006 1846 2064 quidem,

346 2085 545 2139 quamvis
591 2085 696 2127 mihi
737 2088 851 2128 certa
891 2088 973 2128 stet
1005 2087 1226 2140 sententia,
1259 2085 1470 2128 obstinate
1500 2088 1543 2128 et
1572 2083 1847 2141 pertinaciter

344 2161 383 2203 ei
431 2160 605 2216 obloqui
646 2174 845 2216 possum:
889 2175 1037 2205 vereor
1077 2163 1189 2204 enim
1230 2167 1284 2205 ne
1326 2162 1473 2204 multis
1514 2159 1768 2217 ambagibus
1797 2159 1845 2203 id

346 2236 634 2279 demonstrare
662 2237 807 2280 videar
833 2238 951 2293 quod
977 2237 1199 2294 Zingerleo
1226 2238 1478 2280 iamdudum
1506 2239 1562 2280 sit
1576 2249 1842 2293 persuasum.

345 2312 542 2367 Namque
574 2317 638 2356 est
672 2313 744 2355 ille
775 2327 862 2356 non
895 2315 1034 2356 solum
1068 2315 1340 2358 doctissimus
1372 2315 1737 2369 acutissimusque
1767 2311 1844 2356 sed

346 2392 387 2430 et
418 2390 779 2444 prudentissimus
822 2391 1206 2447 cautissimusque3
1241 2405 1366 2447 saepe
1397 2405 1497 2447 ergo
1528 2390 1756 2447 propositis
1786 2401 1844 2432 ex

347 2464 499 2507 Ovidio
547 2466 709 2521 aliquot
755 2466 1015 2510 Horatianae
1055 2469 1305 2510 imitationis
1349 2467 1556 2523 exemplis
1588 2466 1843 2510 sententiam
1924 2479 1929 2485 ‘¹
1988 2449 2006 2466 ’ἑ

346 2554 466 2582 suam
501 2546 698 2584 retractat
729 2547 769 2585 et
804 2543 927 2586 facile
958 2543 1051 2586 fieri
1083 2546 1274 2600 potuisse
1305 2543 1499 2586 concedit
1530 2547 1579 2585 ut
1611 2546 1793 2598 uterque
1819 2554 1844 2584 e

346 2619 564 2659 communi
622 2619 807 2673 quodam
864 2620 1053 2662 omnium
1113 2625 1334 2675 poetarum
1388 2619 1679 2662 Romanorum
1725 2617 1844 2661 fonte

345 2693 543 2746 hauriret,
577 2695 747 2749 saepius
779 2695 906 2737 etiam
938 2696 992 2737 iis
1026 2696 1161 2738 utitur
1193 2695 1424 2745 vocabulis,
1460 2695 1617 2751 quibus
1647 2707 1737 2737 rem
1769 2693 1843 2736 ad-

346 2769 518 2810 modum
568 2770 649 2811 sibi
690 2771 895 2812 incertam
928 2772 1064 2814 videri
1095 2776 1238 2828 aperte
1266 2772 1486 2828 significet.
1519 2771 1588 2814 Sic
1618 2783 1718 2826 ergo
1749 2782 1841 2812 rem

346 2857 480 2886 meam
510 2859 654 2900 agam:
685 2847 827 2887 omnia
854 2848 1046 2889 omittam
1073 2861 1182 2902 quae
1208 2848 1300 2903 ipse
1318 2847 1568 2903 Zingerleus
1584 2857 1839 2902 permagnae
