2034 3334
886 372 966 411 113

171 500 318 539 autem
349 499 573 538 hominem
606 498 882 547 agnoscimus
914 498 1122 537 vocabulo
1155 499 1219 548 et,
1254 498 1364 546 quod
1396 498 1487 537 loco
1515 496 1646 536 citato
1674 498 1741 535 est

170 574 486 626 praemissum).
522 575 603 613 Sed
635 575 829 623 praestat
860 575 1003 623 ipsum
1030 574 1174 613 virum
1206 574 1508 613 doctissimum
1540 574 1708 613 audire:

233 650 298 700 „A
336 651 439 690 base
481 650 590 689 delle
633 650 822 689 ricerche
854 650 893 689 io
929 650 1067 689 vorrei
1098 650 1267 698 dunque
1299 650 1329 688 il
1360 650 1576 699 postulato
1608 650 1651 688 di
1682 660 1741 688 un

169 689 804 774 solo'ssoffinffioriginario.
835 725 994 774 Questo
1023 726 1268 764 commento
1296 725 1446 764 scritto
1474 736 1525 764 su
1551 736 1610 764 un
1625 726 1739 764 testo

170 801 371 841 continuo
402 801 447 839 fu
478 801 748 840 variamente
780 801 1023 850 ingrossato
1050 801 1105 840 da
1132 802 1231 840 note
1258 801 1499 850 marginali,
1529 811 1603 840 ora
1628 800 1738 849 pole-

169 877 311 916 miche
359 876 483 922 (serie
525 880 649 926 ego),
694 887 768 916 ora
809 877 1070 916 illustrative
1112 876 1236 922 (serie
1279 878 1344 923 et)
1388 887 1411 916 e
1453 877 1598 916 simili.
1631 876 1740 914 Dall’

169 953 278 992 altro
320 953 446 991 canto
487 963 572 991 uno
604 952 798 991 studioso
830 953 1076 1001 transporto
1108 963 1183 1001 per
1213 952 1382 1001 proprio
1418 963 1509 1002 uso,
1545 961 1739 1000 compen-

169 1028 367 1078 diandoli,
411 1028 468 1077 gli
504 1028 626 1066 scolii
659 1028 700 1066 di
732 1028 899 1067 Donato
931 1028 998 1066 sui
1030 1028 1217 1076 margini
1263 1028 1306 1067 di
1336 1039 1395 1066 un
1428 1028 1570 1067 codice
1602 1026 1752 1068 1010οέ

170 1105 316 1144 ziano:
350 1104 492 1153 questi
524 1104 620 1143 soni
647 1105 660 1142 i
688 1104 898 1153 doppioni.
927 1104 1076 1143 Venne
1102 1104 1156 1143 da
1182 1104 1336 1143 ultimo
1363 1116 1422 1143 un
1449 1106 1740 1156 compilatore,

170 1181 199 1219 il
241 1181 365 1228 quale
405 1180 458 1219 da
489 1191 548 1219 un
579 1181 693 1219 testo
726 1180 928 1219 continuo
961 1180 1191 1219 donatiano
1224 1181 1313 1219 cosi
1343 1181 1586 1229 ingrossato
1619 1192 1642 1220 e
1673 1182 1743 1220 dai
1785 1173 1792 1180 ’

169 1255 355 1305 margini
396 1256 437 1295 di
478 1267 538 1295 un
570 1256 713 1295 codice
744 1256 993 1295 terenziano
1026 1257 1187 1304 coperti
1220 1256 1262 1294 di
1294 1257 1491 1305 doppioni
1524 1257 1743 1296 donatiani

170 1331 412 1371 raffazzono
454 1332 496 1371 la
528 1332 759 1371 collezione
792 1332 869 1370 che
902 1332 1043 1370 arrivo
1075 1331 1162 1371 fina
1194 1343 1219 1371 a
1250 1332 1343 1380 noi;
1377 1333 1697 1372 naturalmente
1730 1321 1758 1372 i*

171 1407 369 1457 doppioni
410 1408 642 1457 marginali
684 1408 751 1446 del
794 1408 937 1446 codice
978 1408 1225 1446 terenziano
1269 1408 1489 1447 (1011011300
1528 1419 1655 1447 avere
1686 1419 1745 1447 un

171 1484 477 1532 contrassegno
511 1486 563 1532 (p.
583 1494 618 1523 e.
653 1483 700 1522 D.
719 1483 1014 1532 :Donatus),
1051 1484 1119 1522 dal
1152 1484 1277 1532 quale
1310 1484 1392 1532 egli
1419 1484 1534 1523 fosse
1562 1484 1743 1523 autoriz-

171 1560 268 1598 zato
300 1560 353 1598 ad
385 1560 626 1608 accoglierli
658 1561 772 1598 sotto
804 1559 834 1597 il
865 1559 989 1598 titolo
1022 1559 1064 1598 di
1094 1559 1304 1599 Donato.”

231 1635 378 1674 Gratia
408 1635 501 1674 viro
532 1635 921 1684 praestantissimo,
957 1635 1028 1682 qui
1055 1635 1232 1674 tandem
1259 1635 1486 1684 aliquando
1516 1637 1559 1674 et
1586 1636 1744 1675 diserte

170 1710 466 1760 pronuntiavit
502 1711 545 1749 et
577 1711 745 1759 egregie
778 1711 1092 1749 demonstravit
1126 1711 1236 1758 quod
1268 1711 1409 1759 quivis
1442 1713 1743 1751 commentarii

170 1786 305 1825 lector
349 1795 503 1824 verum
549 1796 644 1825 esse
692 1785 865 1824 sentiat.
911 1785 1082 1824 Etenim
1128 1786 1241 1824 haud
1284 1787 1408 1825 dubie
1451 1787 1556 1826 haec
1597 1789 1744 1827 omnia

172 1863 407 1902 evenerunt
438 1871 547 1910 quae
579 1860 809 1900 Sabbadini
841 1862 1088 1899 enumerat:
1119 1862 1270 1900 auctae
1297 1863 1400 1900 sunt
1427 1863 1740 1913 annotationes,

173 1937 472 1987 amplificatae,
522 1937 775 1985 illustratae,
826 1937 1065 1986 excerptae,
1116 1937 1297 1985 denique
1339 1937 1383 1975 in
1424 1949 1559 1976 unum
1601 1939 1744 1978 locum

174 2013 391 2053 coniectae
419 2022 582 2051 omnes.
613 2011 840 2061 Quaeritur
866 2022 980 2050 nunc
1006 2022 1214 2051 verumne
1241 2013 1322 2051 hoc
1348 2023 1514 2061 quoque
1541 2014 1610 2064 sit,
1636 2015 1746 2062 quod

174 2089 340 2139 statuit,
385 2088 437 2128 ab
475 2087 598 2126 initio
640 2098 776 2126 unum
818 2087 953 2126 fuisse
996 2087 1211 2142 nucleum,
1247 2099 1269 2127 e
1302 2099 1383 2136 quo
1415 2089 1533 2127 totus
1565 2090 1748 2128 creverit

175 2164 526 2213 commentarius,
570 2164 800 2212 postquam
843 2163 1104 2201 accesserint
1146 2163 1230 2202 alia
1271 2164 1423 2214 multa,
1459 2174 1567 2212 quae
1597 2166 1746 2203 tamen

177 2250 231 2279 ex
273 2240 424 2279 eodem
465 2239 615 2278 nucleo
658 2238 871 2277 traxerint
909 2238 1131 2287 originem.
1165 2239 1258 2277 Hoc
1290 2241 1448 2289 autem,
1482 2241 1531 2278 ut
1562 2239 1745 2288 ingenue

174 2315 324 2364 fatear,
358 2315 467 2353 mihi
499 2314 624 2363 plane
657 2313 827 2352 videtur
859 2314 1117 2352 incredibile.
1152 2313 1314 2353 Censeo
1348 2315 1463 2353 enim
1496 2316 1624 2363 atque
1656 2326 1744 2364 per-

175 2389 483 2428 suasissimum
539 2389 675 2427 habeo
733 2389 809 2427 aut
865 2389 971 2427 duos
1017 2389 1227 2441 pluresve
1263 2389 1396 2428 fuisse
1444 2391 1743 2429 commentarii

176 2465 363 2514 nucleos,
408 2466 483 2503 aut
527 2487 579 2491 —
623 2465 751 2512 atque
795 2463 839 2502 in
880 2464 990 2502 hanc
1031 2464 1172 2512 magis
1204 2464 1360 2503 inclino
1393 2466 1655 2504 sententiam
1692 2489 1741 2494 —

176 2540 313 2579 veteri
360 2540 682 2588 commentario,
731 2539 803 2587 qui
850 2539 893 2577 in
940 2549 986 2577 50
1027 2539 1157 2578 fuerit
1197 2540 1311 2578 teres
1353 2541 1482 2588 atque
1522 2541 1742 2591 rotundus,

178 2615 368 2654 adiectas
401 2625 497 2654 esse
529 2615 830 2654 annotationes
862 2614 1148 2652 diversissimi
1180 2615 1361 2664 generis,
1395 2616 1487 2654 sive
1519 2617 1568 2655 ut
1597 2617 1745 2666 paucis

60 2815 75 2819 ,
179 2776 202 2804 0
242 2767 424 2806 1131115
466 2767 662 2805 constare
706 2765 1024 2804 0101000115.
1070 2765 1291 2804 Habemus
1328 2766 1444 2804 enirn
1476 2768 1645 2820 praeter
1677 2767 1743 2806 ob-

3 2841 7 2865 7
61 2879 67 2898 ,.
95 2851 159 2867 'w
176 2843 447 2882 servationes
478 2842 575 2881 illas
608 2842 826 2892 quantivis
857 2841 994 2890 pretii,
1028 2842 1211 2890 scriptas
1243 2843 1295 2880 ab
1323 2853 1371 2881 eo
1398 2843 1469 2890 qui
1496 2829 1744 2882 Terentium

180 2927 266 2956 non
296 2918 381 2966 legi
407 2918 549 2956 solum
576 2918 650 2956 sed
678 2918 733 2967 et,
762 2918 973 2965 quantum
997 2917 1088 2955 eius
1104 2916 1196 2956 fieri
1213 2919 1370 2967 posset,
1390 2918 1575 2966 spectari
1589 2918 1743 2974 vellet:

1621 2989 1640 3016 8

177 2691 321 2730 verbis
362 2691 478 2730 idem
509 2689 771 2739 significem:
807 2690 1180 2739 commentarium,
1215 2701 1343 2738 quem
1375 2701 1488 2730 nunc
1519 2691 1742 2741 habemus,
1808 2712 1814 2716 -
