2034 3334
799 764 1111 820 CAPUT
1160 765 1228 818 V.

389 1117 445 1147 DE
475 1116 666 1147 UL'HMAE
695 1116 1096 1149 MRTAMORPHOSEON
1128 1117 1280 1149 PARTIS
1309 1116 1638 1149 nuunwuwloun.

274 1251 452 1295 Talibus
479 1266 582 1309 ergo
608 1251 787 1309 aliisque
815 1252 1088 1310 disponendi,
1115 1252 1347 1311 iungendi,
1375 1251 1608 1310 colligendi
1623 1249 1815 1296 artificiis

212 1324 354 1366 utenti
380 1322 537 1366 Ovidio
565 1325 727 1380 optime
753 1324 990 1380 procedunt
1015 1326 1178 1375 omnia,
1207 1323 1373 1381 placide
1400 1323 1588 1366 decurrit
1602 1323 1812 1374 narratio,

213 1393 387 1450 limpidi
428 1393 562 1436 rivuli
604 1395 739 1437 instar
769 1393 923 1438 leniter
955 1395 1111 1438 declivi
1142 1394 1263 1439 alveo
1295 1394 1482 1438 fluentis.
1512 1393 1595 1438 Sed
1626 1407 1728 1437 cum
1757 1392 1813 1437 ad

213 1478 314 1508 eum
346 1463 491 1507 locum
523 1469 779 1521 perventum
811 1469 876 1508 est
907 1465 1042 1517 (XIII,
1077 1465 1197 1518 399),
1229 1465 1329 1508 inde
1361 1479 1386 1508 a
1417 1479 1502 1522 quo
1533 1469 1625 1508 tam
1650 1462 1814 1508 multas

213 1537 461 1578 notavimus
500 1534 738 1578 locutiones
778 1537 993 1593 ingratas,
1037 1540 1275 1579 structuras
1315 1536 1568 1592 impeditas,
1600 1536 1813 1593 imagines

212 1608 484 1656 invenustas,
518 1606 602 1649 alia
633 1605 885 1650 elocutionis
920 1608 1047 1658 vitia,
1081 1608 1212 1650 etiam
1245 1607 1469 1663 dispositio
1500 1605 1642 1649 multo
1666 1606 1813 1649 minus

213 1675 385 1733 elegans
416 1675 476 1718 fit.
511 1677 692 1719 Aestuat
722 1682 870 1733 poeta,
903 1677 1048 1720 haeret
1074 1677 1317 1728 interdum,
1345 1677 1559 1733 quomodo
1586 1678 1700 1719 viam
1728 1675 1812 1719 sibi

211 1751 351 1790 struat
383 1749 456 1790 vix
481 1748 660 1790 invenit.
694 1746 806 1791 Cum
834 1748 1013 1791 adversa
1039 1749 1224 1804 quadam
1250 1747 1406 1791 luctari
1431 1748 1604 1791 videtur
1625 1749 1810 1800 fortuna,

213 1831 313 1860 nam
355 1822 583 1874 postquam
625 1818 676 1861 de
717 1818 919 1861 Hecubae
961 1820 1136 1875 eiusque
1179 1818 1415 1862 liberorum
1448 1819 1691 1862 miserrimo
1721 1817 1810 1862 fato

213 1893 434 1931 narratum
478 1893 544 1932 est
583 1892 704 1946 (ergo
745 1889 844 1932 inde
885 1903 910 1932 a
952 1889 1073 1940 XIII,
1109 1888 1228 1942 575),
1263 1904 1346 1933 non
1380 1889 1523 1932 solum
1553 1891 1598 1932 in
1632 1888 1810 1945 reliquis

212 1959 482 2002 annectendis
525 1959 757 2003 admodum
794 1965 859 2003 est
900 1959 1050 2003 infelix
1092 1961 1165 2003 sed
1207 1963 1340 2003 etiam
1373 1962 1448 2004 vix
1481 1974 1618 2003 unum
1649 1959 1812 2017 profert

212 2044 408 2081 versum,
450 2031 524 2086 qui
555 2030 747 2087 legentes
777 2033 957 2088 gravius
989 2045 1260 2075 commovere
1293 2036 1421 2088 atque
1453 2030 1596 2088 aliquo
1627 2030 1811 2075 admira-

213 2102 342 2143 tionis
383 2114 510 2143 sensu
552 2100 734 2157 implere
779 2103 926 2158 possit.
972 2101 1054 2144 Vix
1095 2116 1231 2144 unum
1275 2104 1364 2154 aio,
1409 2116 1508 2144 nam
1549 2103 1624 2158 qui
1653 2103 1700 2144 in
1729 2100 1809 2145 hac

212 2175 333 2227 parte
376 2170 492 2213 solus
533 2171 698 2228 legitur
737 2186 813 2228 par
845 2171 1147 2228 pulcherrimis
1178 2172 1268 2215 illis
1301 2187 1406 2229 quos
1438 2174 1555 2229 prior
1585 2185 1684 2229 pars
1715 2176 1808 2215 tam

212 2241 375 2284 multos
408 2242 602 2297 praebet,
637 2242 730 2294 XV,
765 2242 854 2286 233

392 2312 489 2355 Flet
520 2327 712 2369 quoque,
744 2318 794 2356 ut
824 2315 869 2356 in
901 2314 1074 2371 speculo
1106 2329 1238 2372 rugas
1270 2314 1466 2371 adspexit
1497 2313 1654 2365 aniles,

394 2383 591 2438 Tyndaris
623 2389 661 2425 et
691 2399 819 2426 secum
851 2400 922 2426 cur
952 2386 1008 2427 sit
1040 2385 1100 2427 bis
1131 2390 1252 2440 rapta
1283 2385 1476 2442 requirit,

207 2454 244 2494 is
286 2457 351 2494 est
382 2467 404 2495 e
435 2453 630 2511 longiore
661 2454 739 2498 illo
771 2455 821 2498 de
854 2455 1102 2512 Pythagora
1134 2456 1226 2499 loco
1258 2455 1370 2509 (XV,
1406 2454 1647 2507 60—478),
1677 2468 1804 2512 quem

210 2524 298 2564 iam
345 2523 484 2566 multo
534 2529 631 2567 ante
679 2539 702 2567 a
750 2530 874 2582 poeta
920 2540 1113 2569 seorsum
1159 2529 1471 2583 compositum,
1514 2526 1664 2569 deinde
1703 2525 1807 2569 huic

211 2593 613 2649 Metamorphoseon
641 2594 750 2638 libro
776 2598 988 2639 insertum
1013 2598 1122 2639 mihi
1149 2597 1322 2654 quidem
1352 2597 1584 2640 admodum
1611 2601 1676 2639 est
1700 2597 1808 2640 veri-

209 2662 371 2711 simile,
406 2664 544 2706 colore
577 2667 692 2707 enim
725 2668 927 2709 orationis
962 2672 1078 2709 totus
1110 2682 1134 2710 a
1167 2682 1242 2710 sua
1273 2668 1473 2710 abhorret
1504 2668 1676 2710 vicinia.
1719 2665 1803 2710 Sed

206 2734 293 2773 iam
336 2734 448 2788 quod
493 2735 542 2776 de
584 2735 860 2791 dispositione
902 2736 1090 2780 diximus
1122 2737 1330 2794 exemplis
1363 2737 1631 2780 illustremus
1664 2742 1707 2779 et
1739 2750 1803 2780 ar-

208 2805 428 2858 gumentis
463 2805 536 2846 ubi
569 2820 674 2860 opus
707 2811 770 2848 est
804 2807 1092 2850 defendamus.

268 2872 368 2913 XIV
404 2873 487 2915 155
518 2889 604 2930 sqq.
657 2877 819 2918 Aeneas
868 2875 1061 2920 Caietam
1108 2879 1248 2929 venit,
1292 2878 1354 2920 ibi
1395 2877 1569 2920 obviam
1611 2878 1651 2919 ei
1683 2878 1802 2920 venit

210 2942 457 2993 Macareus,
506 2958 555 2986 ex
606 2945 774 3001 Ulyssis
820 2948 1052 2990 comitibus
1100 2962 1234 2999 unus,
1283 2949 1358 3003 qui
1405 2949 1516 2990 inter
1560 2961 1654 2997 eoa,
1698 2961 1803 3003 quos

209 3013 372 3053 Aeneae
405 3015 524 3055 navis
559 3014 700 3064 vehit,
735 3018 929 3071 agnoscit
961 3017 1344 3069 Achaemenidem,
1377 3021 1421 3060 et
1452 3019 1596 3072 ipsum
1630 3016 1800 3073 Ulyssis
