2034 3334
973 265 1061 311 126

197 394 260 436 ·te
301 389 524 435 vulnerare
562 389 719 448 aliquis
761 393 926 448 potest,
959 388 1032 434 sed
1063 390 1158 447 quis
1189 391 1281 434 tam
1311 387 1447 433 durus
1466 389 1499 443 ¹)
1529 391 1581 433 ut
1611 387 1808 435 consulto

214 462 345 506 faciat
384 460 498 504 illud
508 459 554 504 ‘P’
595 460 711 519 Ergo
754 465 845 505 tam
886 464 1054 505 certum
1091 463 1157 504 est
1195 458 1431 519 legendum
1470 459 1542 504 hic
1583 473 1676 504 esse
1714 473 1808 504 nan

215 537 383 576 metuam
420 536 538 584 certe,
580 536 630 575 ut
671 533 855 590 operarii
897 531 1023 590 culpa
1050 532 1097 576 in
1127 529 1323 576 Ehwaldi
1353 530 1541 575 editione
1570 531 1810 589 perstitisse

214 619 294 647 non
335 604 538 660 suspicer.
580 602 726 647 Etiam
766 607 872 646 certe
909 616 1010 647 cum
1049 618 1142 646 nam
1181 606 1296 647 recte
1334 603 1549 662 iungitur,
1586 615 1671 647 non
1706 614 1810 647 vero

215 689 317 719 cum
346 689 439 718 non.

279 821 336 868 78
361 836 452 880 sqq.
834 820 953 879 Opus
983 825 1048 866 est
1081 821 1192 865 mihi
1223 822 1339 865 crine
1368 825 1558 879 paterno.

397 893 485 936 Illa
516 893 628 936 mihi
659 896 724 937 est
754 906 857 937 auro
889 893 1129 950 pretiosior,
1160 891 1238 936 illa
1267 893 1439 936 beatam

396 965 594 1023 Purpura
623 978 694 1008 me
724 965 900 1022 votique
931 965 1020 1008 mei
1051 964 1217 1007 factura
1246 967 1483 1021 potentem.

214 1035 448 1094 Aliquanto
480 1035 590 1079 mihi
621 1034 858 1094 elegantior
889 1035 1064 1079 videtur
1094 1034 1250 1079 codicis
1282 1043 1308 1078 λ
1339 1033 1468 1079 lectio
1491 1033 1580 1077 ille.
1611 1033 1812 1077 Praestat

213 1107 361 1151 eodem
378 1108 627 1165 pronomine
644 1108 836 1164 primum
853 1107 1061 1164 respicere
1076 1105 1390 1164 praecedentia,
1407 1104 1560 1150 deinde
1575 1104 1808 1163 sequentia.

279 1253 366 1298 116
392 1268 482 1311 sqq.
990 1252 1118 1299 Cives
1150 1252 1275 1297 odere
1306 1255 1568 1305 merentem,

396 1324 595 1368 Finitimi
626 1323 876 1382 exemplum
907 1328 1134 1377 metuunt,
1166 1323 1399 1380 exponimur
1429 1323 1521 1367 orbe

397 1395 627 1440 Terrarum
657 1397 781 1440 nobis
812 1401 863 1439 ut
894 1394 1018 1440 Crete
1050 1394 1140 1439 sola
1170 1398 1346 1453 pateret.

215 1466 286 1510 Sic
327 1467 417 1511 cod.
459 1467 510 1510 M
551 1481 576 1510 a
616 1468 757 1525 prima
797 1467 928 1510 habet
969 1481 1112 1510 manu.
1156 1467 1241 1510 Pro
1280 1468 1428 1510 insano
1459 1466 1544 1509 isto
1577 1462 1810 1519 monium·

215 1538 307 1580 orbe
337 1536 468 1580 multi
500 1537 642 1581 multa
672 1541 904 1581 tentarunt.
937 1537 1048 1591 Quid
1074 1539 1319 1594 requiratur
1344 1540 1511 1580 certum
1537 1539 1621 1579 est:
1647 1532 1813 1592 aliquid

216 1608 331 1666 quod
362 1609 540 1664 putendi
582 1609 710 1652 verbo
742 1610 985 1666 oppositum
1018 1611 1095 1652 est.
1128 1607 1414 1665 Opponuntur
1445 1611 1593 1651 autem
1622 1608 1737 1650 inter
1766 1619 1813 1649 se

208 1684 328 1734 patet
368 1683 412 1722 et
445 1711 455 1722 .
475 1711 486 1723 .
504 1710 515 1723 .
548 1679 725 1721 clausum
765 1683 845 1731 eet,
888 1678 958 1723 vel
999 1679 1238 1722 obstructum
1280 1684 1339 1722 est
1355 1677 1403 1733 ²).
1446 1678 1551 1732 Quis
1589 1690 1693 1735 ergo
1723 1690 1810 1720 non

215 1750 285 1793 hic
312 1751 513 1793 coniiciat
538 1750 801 1792 obstruximus
827 1748 980 1793 orbem?
1006 1749 1128 1803 Quod
1154 1764 1255 1793 cum
1280 1752 1338 1793 sit
1363 1751 1407 1793 in
1434 1749 1576 1793 codice
1602 1758 1643 1802 λ,
1661 1747 1813 1807 quidni

215 1821 420 1863 ambabus
446 1822 703 1877 arripiamus
730 1819 955 1864 manibus?
981 1821 1048 1864 An
1075 1825 1216 1878 aptas,
1244 1822 1450 1873 sinceras,
1477 1821 1530 1864 ab
1557 1821 1675 1864 omni
1689 1822 1811 1877 parte
1844 1833 1853 1842 ·

214 1890 455 1947 probabiles
494 1890 699 1935 lectiones
740 1891 849 1935 hanc
880 1905 1013 1935 unam
1045 1892 1097 1935 ob
1129 1906 1302 1936 causam
1333 1905 1588 1949 respuamus
1619 1889 1735 1949 quod
1764 1890 1809 1933 in

217 1961 558 2013 „deterioribus”
600 1961 804 2020 legantur
834 1961 1078 2006 codicibus?
1110 1963 1223 2006 Mihi
1255 1964 1370 2006 iusta
1401 1977 1451 2007 ea
1481 1976 1609 2007 causa
1639 1961 1813 2007 videtur

216 2032 445 2089 quaerendi
475 2034 621 2077 iurene
655 2033 941 2085 „deteriores”
973 2034 1041 2077 illi
1072 2034 1282 2078 dicantur.

278 2179 366 2223 122
394 2193 482 2237 sqq.

397 2250 485 2294 Nec
518 2251 618 2294 Iove
650 2254 698 2294 tu
729 2254 876 2304 natus,
910 2266 986 2295 nec
1017 2254 1156 2295 mater
1185 2253 1376 2310 imagine
1408 2253 1522 2295 tauri

398 2321 537 2365 Ducta
567 2326 643 2365 tua
673 2326 738 2365 est
767 2324 981 2380 genitrix,
1015 2322 1123 2366 falsa
1152 2326 1217 2366 est
1248 2337 1298 2366 ea
1330 2322 1500 2375 fabula,
1533 2336 1687 2367 verum

396 2393 452 2436 Et
484 2394 599 2437 ferus
632 2398 675 2437 et
706 2399 856 2451 captus
888 2393 1054 2437 nullius
1084 2408 1227 2438 amore
1257 2395 1430 2438 iuvenci

398 2464 479 2517 Qui
513 2468 554 2507 te
586 2466 818 2522 progenuit
849 2468 1000 2508 taurus
1030 2465 1127 2509 fuit.

214 2534 283 2577 Sic
309 2539 371 2577 est
398 2538 443 2577 in
471 2536 561 2579 cod.
589 2536 652 2588 M,
682 2550 810 2593 supra
832 2536 1013 2590 yenitrioe
1039 2538 1197 2593 scripto
1224 2550 1300 2594 per
1321 2535 1621 2593 compendium
1631 2534 1805 2590 μεικτὴ.

215 2605 415 2648 Leviores
462 2606 762 2663 discrepantias
808 2609 980 2651 mittere
1028 2620 1224 2664 possum:
1274 2612 1423 2650 utrum
1464 2608 1584 2649 ducta
1624 2619 1678 2649 an
1717 2605 1807 2648 lusa

213 2675 411 2732 legamus
442 2691 596 2733 parum
627 2678 757 2721 refert
787 2682 829 2721 et
861 2692 913 2721 ex
943 2678 1022 2722 hoc
1052 2691 1209 2735 genere
1240 2684 1343 2721 sunt
1372 2691 1531 2721 omnes.
1572 2676 1693 2731 Quod
1722 2675 1811 2734 ple-

263 2869 298 2909 1)
323 2870 431 2900 Dum
455 2868 621 2910 legendum
645 2870 666 2901 i.
680 2880 706 2902 e.
731 2870 798 2902 sine
816 2880 910 2902 sensu
929 2872 962 2902 et
981 2870 1086 2903 omnis
1104 2869 1316 2903 humanitatis
1335 2880 1456 2913 expers,
1476 2879 1539 2901 non
1558 2868 1657 2901 dim.
1683 2868 1811 2902 Ehwal-

216 2924 274 2954 dus
296 2924 372 2964 quid
397 2923 535 2955 voluerit
557 2924 742 2966 typothetae
766 2935 858 2956 error
882 2925 1013 2957 dubium
1036 2925 1130 2958 facit:
1152 2925 1187 2958 in
1210 2925 1278 2958 eius
1300 2925 1385 2958 enim
1407 2924 1548 2956 editione
1572 2926 1621 2956 est
1643 2924 1745 2956 duris.

262 2978 300 3019 2)
323 2978 370 3009 Cf.
396 2987 441 3009 vs.
469 2978 548 3009 186:
957 2980 1091 3012 ‚Terras
1113 2979 1210 3012 lieet?
1232 2979 1338 3022 inquit
1365 2981 1417 3012 ,οὑ
1441 2979 1539 3011 undas

687 3033 853 3071 obstruat,
877 3036 909 3065 nt
932 3034 1054 3066 caelum
1077 3038 1164 3066 certe
1179 3033 1308 3076 μηθ’.
