2034 3334
1082 362 1136 406 18

353 500 452 531 eum
500 501 654 532 ausum
698 501 792 531 esse
831 500 907 544 per
940 500 1080 544 quem
1101 487 1244 532 aditus
1277 488 1329 533 ad
1363 487 1652 532 Maecenatem
1684 491 1728 532 et
1758 487 1859 531 Pol-

353 564 510 607 lionem
544 564 760 620 parandus
792 567 906 607 esset
937 565 1090 620 potius.
1123 562 1334 620 Denique,
1362 567 1411 608 ut
1437 565 1542 621 quid
1567 565 1862 609 intersitinter

355 653 502 683 verum
553 640 739 696 aliquem
789 640 1095 684 Archilochum
1145 644 1186 684 et
1232 643 1398 696 poe'tam
1446 645 1642 685 nostrum
1689 642 1861 698 penitus

355 719 525 772 sentias,
554 717 818 774 praeclarum
851 717 968 761 istud
1000 718 1046 761 in
1077 717 1158 759 hoc
1187 729 1344 774 genere
1375 716 1667 762 catullianum

472 838 498 863 ss
681 825 802 869 Eone
830 827 1016 881 nomine,
1046 827 1278 882 imperator
1303 827 1442 882 unice,

460 918 496 943 sa
681 902 819 946 Fuisti
851 903 896 944 in
929 902 1079 945 ultima
1111 903 1343 946 occidentis
1374 902 1532 960 insula,

472 991 511 1019 Μ
682 979 742 1023 Ut
773 980 855 1023 ista
886 983 1028 1023 vestra
1059 979 1259 1023 diffututa
1290 979 1484 1023 Mentula

475 1070 517 1097 fe
680 1055 915 1100 Ducenties
948 1060 1157 1100 comesset
1189 1062 1264 1100 aut
1295 1057 1556 1101 trecenties?

681 1132 801 1176 Eone
834 1133 1008 1176 nomine
1038 1132 1159 1176 urbis
1192 1146 1216 1176 ο
1249 1134 1459 1189 potissimi

479 1215 502 1246 Z
515 1218 542 1257 φ’
687 1209 817 1252 Socer
846 1222 1065 1266 generque
1095 1209 1341 1266 perdidistis
1372 1211 1549 1253 omnia?

355 1340 454 1371 cum
488 1327 707 1384 languidis
737 1327 855 1370 hisce
888 1340 1087 1383 compara
1117 1328 1365 1371 versiculis:

549 1463 551 1465 v
629 1435 742 1487 Quid
774 1437 925 1480 attinet
956 1440 1017 1479 tot
1050 1450 1124 1479 ora
1154 1438 1331 1480 navium
1360 1438 1483 1494 gravi

739 1512 937 1557 Rostrata
968 1514 1067 1557 duci
1104 1514 1293 1570 pondere

626 1589 782 1633 Contra
813 1590 999 1634 latrones
1031 1594 1160 1647 atque
1191 1591 1388 1634 servilem
1422 1604 1598 1635 manum

741 1666 848 1723 Hoc,
880 1667 960 1710 hoc
991 1667 1166 1710 tribuno
1198 1668 1420 1711 militum?

414 1783 477 1827 Eo
523 1796 625 1840 ergo
671 1797 740 1827 res
782 1784 892 1829 redit
934 1787 983 1827 ut
1011 1784 1234 1828 videamus
1266 1785 1559 1830 adversarium
1591 1785 1645 1829 ab
1675 1785 1858 1831 Horatio

354 1859 519 1915 fictum,
551 1873 606 1903 ne
638 1873 814 1916 prorsus
846 1861 947 1902 novi
978 1860 1144 1904 deesset
1175 1862 1378 1905 carminis
1410 1862 1620 1905 materies.

355 1968 429 2010 VI.
620 1967 733 2020 Quid
765 1970 1038 2012 immerentes
1069 1970 1259 2026 hospites
1291 1984 1438 2027 vexas,
1470 1972 1600 2027 canis,

758 2044 950 2101 Ignavus
985 2046 1213 2089 adversum
1245 2047 1404 2103 lupos?

415 2161 613 2217 Ineptum
661 2162 848 2218 profecto
896 2167 960 2206 est
1006 2167 1048 2206 et
1094 2163 1324 2207 ridiculum
1373 2168 1594 2221 poetarum
1635 2178 1764 2222 opera
1803 2166 1858 2210 ad

355 2251 525 2282 severas
573 2239 779 2294 quasdam
826 2239 957 2295 leges,
1005 2253 1115 2295 quas
1156 2242 1247 2296 ipse
1288 2241 1366 2284 tibi
1408 2242 1459 2284 de
1501 2243 1635 2286 nihilo
1667 2242 1860 2299 finxeris,

355 2327 553 2358 revocare
600 2315 709 2358 velle
756 2320 798 2358 et
844 2316 928 2358 nisi
975 2316 1061 2359 illis
1102 2318 1400 2375 respondeant,
1441 2322 1662 2375 tamquam
1703 2319 1858 2362 vitiosa

354 2391 649 2445 condemnare,
681 2391 756 2434 sed
788 2392 868 2434 hoc
898 2393 993 2435 iure
1023 2397 1169 2435 nostro
1204 2407 1228 2436 a
1258 2397 1382 2449 poeta
1413 2396 1630 2451 postulare
1660 2396 1859 2442 videmur

355 2471 402 2508 ut
444 2467 527 2510 sibi
568 2471 733 2511 constet
774 2481 882 2511 neve
919 2481 968 2512 ea
1001 2469 1112 2512 dicat
1145 2483 1255 2526 quae
1287 2471 1468 2515 adversa
1498 2472 1637 2516 fronte
1667 2473 1780 2518 inter
1810 2485 1858 2519 se

354 2549 569 2599 pugnent:
619 2545 720 2587 huic
759 2545 844 2601 legi
885 2559 1033 2602 parere
1074 2551 1238 2603 oportet
1277 2553 1364 2591 tam
1397 2562 1498 2592 eum
1531 2550 1606 2606 qui
1638 2549 1856 2606 tragoedia

353 2619 421 2661 vel
465 2621 652 2662 carmine
684 2621 852 2663 heroico
885 2635 1138 2677 magnorum
1173 2624 1396 2668 hominum
1431 2625 1550 2679 facta,
1583 2625 1710 2680 diota,
1739 2626 1854 2682 cogi-

354 2696 533 2738 tationes
579 2698 817 2739 aeternitati
866 2699 1165 2742 commendare
1206 2701 1388 2756 studeat,
1435 2714 1564 2756 quam
1597 2701 1672 2756 qui
1704 2702 1853 2757 paucis

355 2770 548 2813 versibus
595 2773 730 2814 riSum
777 2786 947 2816 movere
989 2774 1170 2819 aliamve
1213 2775 1386 2820 brevem
1428 2789 1576 2833 parare
1607 2776 1848 2833 legentibus

354 2846 677 2891 oblectationem
710 2849 821 2892 velit.
857 2847 981 2899 Quod
1013 2852 1088 2907 qui
1120 2865 1205 2897 non
1233 2852 1393 2908 fecerit,
1420 2865 1592 2909 operam
1608 2853 1850 2910 perdiderit,
