2034 3334
944 335 1024 376 137

200 464 348 503 autem
388 465 694 513 argumentum
737 474 763 502 a
802 463 894 502 loco
930 461 1114 511 Byrrhia
1144 462 1343 502 dicendo:
1379 463 1518 512 apud
1559 463 1579 502 f
1587 473 1762 512 orum,

200 549 226 578 a
265 549 448 588 persona
484 539 661 579 dicendo
693 550 716 579 e
746 539 916 588 Davo,
951 548 977 577 a
1007 540 1200 587 tempore
1233 538 1409 577 dicendo
1440 539 1619 588 modo,
1654 538 1764 586 quod

199 627 300 665 ergo
331 617 375 656 in
406 616 614 656 lemmate
645 617 793 665 utique
824 616 1069 665 ponendum
1101 615 1180 654 est.
1795 670 1798 673 Ι

259 693 298 732 5.
422 691 587 742 Quaeso
629 692 789 742 edepol,
832 690 1027 741 Charine,
1071 691 1273 739 quoniam
1310 701 1396 730 non
1426 692 1570 739 potest
1600 690 1642 730 id
1673 689 1766 729 fieri

1482 766 1608 814 [quod
1639 766 1707 805 vis

420 844 468 883 Id
499 843 609 883 velis
639 844 751 892 quod
782 843 932 892 possit.

198 919 294 960 Soh.
338 919 606 970 Quoniam
646 929 752 960 non
793 920 999 968 potest]
1047 918 1318 968 „Consolatio
1360 919 1413 957 ad
1455 918 1496 957 id
1533 919 1644 966 quod
1675 918 1768 957 fieri

197 1005 282 1035 non
318 997 462 1045 potest
493 996 722 1035 suadens.”
756 995 874 1044 Mira,
908 995 1061 1044 hercle,
1097 994 1344 1044 consolatio,
1379 1005 1463 1042 qua
1495 994 1590 1042 quis
1623 994 1763 1033 admo-

197 1072 324 1111 netur
363 1073 413 1111 ut
453 1072 495 1111 id
536 1072 667 1112 faciat
708 1071 818 1120 quod
859 1081 987 1110 nemo
1027 1081 1219 1119 unquam
1250 1070 1390 1120 potuit
1421 1071 1646 1120 poteritve.
1680 1053 1768 1110 Aut

197 1148 290 1188 tota
321 1147 543 1187 annotatio
574 1147 778 1187 mutilata
809 1148 876 1186 est
908 1157 1007 1186 cum
1041 1147 1208 1196 integra
1233 1147 1385 1186 fuerit:
1417 1146 1687 1197 „Consolatio
1715 1148 1767 1186 ab

198 1233 248 1263 eo
279 1224 391 1272 quod
421 1221 515 1262 fieri
545 1233 632 1262 non
662 1224 806 1272 potest
839 1223 891 1262 ad
924 1223 966 1262 id
998 1223 1110 1271 quod
1141 1222 1234 1262 fieri
1264 1224 1408 1272 potest
1434 1224 1663 1273 suadens,’'
1693 1225 1768 1262 aut

196 1309 284 1339 una
323 1309 411 1338 vox
450 1309 557 1339 non
598 1300 664 1338 est
707 1299 937 1338 eximenda
974 1300 1044 1338 ut:
1081 1299 1343 1349 „consolatio
1376 1299 1429 1338 ad
1460 1300 1502 1338 id
1534 1300 1645 1347 quod
1675 1298 1767 1338 fieri

197 1377 340 1426 potest
380 1376 595 1415 suadens”
639 1375 775 1414 nimia
816 1376 1002 1424 quadam
1044 1375 1256 1415 brevitate
1299 1375 1465 1416 dicatur
1505 1386 1603 1425 pro:
1646 1386 1766 1426 „con-

196 1453 350 1492 solatio
392 1463 477 1501 qua
518 1452 729 1492 Charinus
771 1453 972 1492 monetur
1012 1453 1062 1491 ut
1103 1453 1332 1492 contentus
1363 1453 1421 1492 sit
1453 1463 1502 1492 eo
1534 1453 1645 1501 quod
1675 1452 1768 1492 fieri

196 1529 345 1579 possit,
389 1539 499 1568 neve
531 1528 675 1577 cupiat
706 1529 748 1568 id
780 1528 891 1577 quod
923 1527 1016 1567 fieri
1047 1539 1133 1568 non
1163 1529 1343 1578 possit-„⁵⁹
1377 1529 1459 1567 Sed
1491 1529 1595 1568 illud
1626 1529 1767 1578 magis

196 1605 367 1646 arridet.
410 1605 640 1644 Klotziana
681 1606 829 1644 autem
869 1606 967 1654 post
1008 1605 1254 1644 suadens
1295 1605 1428 1644 etiam
1460 1605 1590 1644 habet
1621 1605 1672 1643 id
1709 1606 1768 1644 ut
1812 1626 1818 1628 e

194 1681 345 1722 velis
367 1681 507 1730 quod
528 1681 736 1731 possit,
756 1691 864 1729 quae
882 1681 1048 1721 inutilis
1065 1682 1133 1720 est
1148 1681 1346 1730 repetitio
1357 1682 1510 1730 poetae
1521 1681 1763 1720 verborum.

258 1758 325 1797 19.
369 1757 634 1807 Salutem,
681 1757 977 1807 auxilium,
1012 1757 1320 1796 consilium
1352 1758 1643 1806 expetens]
1681 1757 1768 1806 „Ut

195 1834 240 1874 in
285 1833 564 1882 petitionibus
605 1832 696 1872 fieri
739 1833 860 1882 solet,
903 1832 1160 1872 beneficium
1201 1834 1353 1882 petens
1393 1833 1531 1872 utitur
1573 1833 1767 1881 partibus

195 1908 543 1949 deliberativae.''
579 1909 740 1948 Sensus
771 1909 1022 1958 perspicuus
1054 1910 1122 1948 est
1148 1910 1191 1948 et
1217 1909 1414 1957 sequenti
1442 1909 1605 1948 scholio
1632 1909 1766 1948 etiam

194 1985 448 2025 illustratur.
481 1984 559 2024 Est
589 1985 738 2024 autem
769 1984 1089 2024 huiuscemodi:
1127 1983 1415 2034 „Beneficium
1448 1985 1566 2034 cupit
1591 1995 1763 2034 exspec-

193 2061 355 2111 tatque,
399 2060 473 2100 sed
515 2060 577 2100 ita
617 2060 805 2108 loquitur
848 2061 1074 2108 tamquam
1116 2061 1153 2099 si
1196 2061 1424 2100 consilium
1462 2062 1764 2101 tantummodo

193 2138 356 2187 petat.''
389 2138 471 2184 (Ita
501 2137 727 2177 mendicus
759 2137 918 2185 stipem
949 2137 1123 2185 petens:
1162 2137 1287 2186 „quid
1320 2138 1476 2186 agam”
1506 2137 1578 2187 ait,
1612 2148 1767 2187 „aegra

195 2214 261 2253 est
302 2224 423 2263 uxor,
457 2213 580 2252 liberi
610 2213 726 2252 fame
757 2212 915 2260 sitique
947 2213 1212 2262 torquentur,
1247 2213 1338 2261 ipse
1370 2223 1476 2261 opus
1507 2213 1648 2252 facere
1680 2224 1766 2252 non

194 2289 375 2335 valeo.'')
417 2289 579 2328 Verum
622 2288 946 2328 substantivum
989 2288 1379 2328 deliberativa
1409 2299 1601 2337 unquam
1631 2289 1766 2328 fuisse

194 2365 239 2404 in
270 2375 415 2404 rerum
446 2366 602 2404 natura
632 2374 718 2403 non
751 2365 887 2403 oredo.
919 2364 1150 2403 Klotziana
1175 2364 1585 2404 deliberativis
1612 2365 1764 2413 habet;

197 2440 395 2488 equidem
427 2439 810 2478 deliberantis
841 2450 1042 2488 propono.

253 2516 319 2555 Ad
359 2526 424 2554 vs.
469 2516 538 2555 28.
581 2515 687 2554 tibi
730 2516 962 2564 nuptiae
1006 2516 1106 2555 hae
1148 2517 1280 2555 sunt
1322 2517 1476 2555 cordi
1508 2518 1763 2556 annotatur:

196 2590 373 2637 Cordi]
426 2591 597 2641 „animo
644 2591 811 2630 acute.''
858 2591 948 2630 Aut
994 2591 1110 2630 enim
1157 2591 1220 2630 sie
1267 2591 1406 2631 editur
1453 2592 1528 2630 aut
1575 2593 1765 2632 animo

196 2668 373 2707 acuto.
411 2666 654 2714 Utrumque
686 2666 894 2715 ineptum.
929 2666 1187 2716 corruptum
1219 2667 1412 2707 scholion
1444 2669 1597 2707 natum
1629 2668 1762 2717 suspi-

195 2752 266 2781 cor
297 2752 353 2781 ex
385 2742 661 2781 annotatione
694 2752 802 2790 quae
834 2743 1004 2781 doceret
1034 2743 1242 2782 vocabulo
1275 2753 1365 2782 eor
1397 2742 1629 2792 significari
1657 2744 1762 2783 ani-

194 2828 337 2857 mum
379 2819 422 2857 et
462 2828 537 2867 pro
579 2818 733 2857 cordi
775 2818 862 2857 est
903 2818 1037 2857 etiam
1078 2819 1161 2857 dici
1203 2829 1368 2857 curae
1412 2820 1498 2858 est
1539 2819 1615 2865 (sic
1652 2819 1762 2860 fere:

154 2935 158 2938 ,
196 2893 349 2932 cordi
382 2893 435 2943 „i.
455 2903 490 2932 e.
524 2893 692 2943 animo;
726 2894 880 2934 cordi
912 2893 1067 2934 dicitur
1099 2896 1142 2934 et
1173 2895 1395 2942 curae'’).
