2034 3334
1035 395 1089 437 14

274 521 380 573 Quid
427 522 599 561 intersit
644 521 757 561 inter
802 522 926 563 sola
970 533 1090 563 811111
1137 524 1181 563 et
1221 523 1396 564 habeo
1437 523 1718 565 neminem
1749 533 1839 566 non

272 600 416 648 potest
470 599 628 639 melius
680 599 823 640 doceri
869 609 1000 649 quam
1046 600 1115 639 his
1163 599 1429 641 Scholiastae
1475 601 1643 641 verbis:
1692 600 1842 653 „sola

272 685 390 715 sum
422 675 475 715 ab
507 676 560 714 iis
593 686 699 725 quos
730 676 888 715 natura
918 675 1121 715 conciliat
1150 686 1226 725 per
1256 686 1316 726 se,
1349 676 1524 717 habeo
1561 678 1843 719 neminem

272 761 420 790 eorum
453 751 525 800 qui
556 751 780 791 voluntate
812 751 1090 801 iunguntur”.
1832 735 1835 737 ,

331 827 412 866 Pro
454 828 693 867 amicum
730 827 953 877 Bentlejus
984 827 1216 878 legendum
1249 829 1452 869 censebat
1482 831 1698 881 notum,
1731 840 1841 881 quae
1886 821 1889 824 ⁵

272 903 598 952 elegantissima
639 904 708 943 est
747 904 875 943 lectio
918 903 1052 943 etiam
1093 905 1267 954 propter
1307 905 1403 944 soni
1433 904 1766 947 similitudinem
1796 906 1841 952 in

271 982 534 1021 notum...
588 982 902 1030 cognatum.
957 980 1200 1021 Scholiasta
1244 982 1392 1022 tamen
1440 982 1680 1023 amicum
1721 982 1839 1035 legit,

271 1056 382 1105 quod
414 1058 592 1106 apparet
623 1067 679 1097 ex
710 1057 804 1097 eius
835 1057 1137 1097 annotatione:
1175 1057 1308 1108 „bene
1339 1058 1421 1098 hoc
1446 1058 1558 1108 apud
1583 1046 1839 1111 amatorem,

272 1132 372 1181 quia
414 1134 481 1172 est
523 1133 636 1173 aliud
679 1135 920 1184 amator,
955 1134 1071 1174 aliud
1103 1134 1348 1175 amicus”
1353 1135 1442 1175 .Si
1472 1145 1575 1176 vero
1605 1134 1682 1179 1118
1711 1144 1840 1176 811110-

201 1231 216 1247 .
270 1209 378 1248 tatio
410 1209 463 1249 ad
494 1219 648 1249 versus
680 1210 902 1258 sequentis
933 1220 1086 1250 vocem
1119 1211 1332 1251 amicos
1357 1211 1557 1262 pertinet,
1585 1211 1842 1268 qunfflocius

270 1285 560 1335 recipiendam
603 1296 756 1326 censeo
798 1286 982 1335 Bentleji
1024 1287 1329 1327 coniecturam.
1374 1287 1489 1327 Satis
1530 1287 1648 1328 enim
1677 1285 1840 1338 puerile

271 1360 351 1401 hoc
382 1361 575 1401 videtur:
612 1372 724 1412 „non
755 1362 892 1403 habeo
924 1363 1187 1403 amicum..
1189 1364 1346 1414 cupio
1377 1364 1542 1404 amicos
1566 1373 1729 1414 parere.
1733 1363 1760 1383 ”
1780 1357 1809 1411 ¹)

330 1437 556 1478 Postremo
586 1438 741 1478 blande
773 1438 904 1478 Thais
937 1449 962 1478 a
993 1439 1204 1479 Phaedria
1234 1439 1344 1490 petit
1373 1441 1423 1479 ut
1453 1450 1540 1480 non
1569 1438 1712 1480 solum
1743 1449 1838 1481 con-

271 1512 419 1553 silium
445 1524 574 1553 suum
601 1514 762 1563 probet,
791 1515 867 1554 sed
894 1514 1028 1554 etiam
1045 1515 1127 1554 sibi
1144 1516 1188 1554 in
1206 1525 1255 1555 eo
1273 1515 1546 1564 exsequendo
1561 1515 1674 1556 ferat
1689 1525 1838 1566 opem:

330 1599 395 1629 vs,
433 1590 515 1629 150
547 1600 638 1638 sqq.

539 1674 587 1714 Id
619 1675 774 1715 amabo
806 1675 954 1715 adiuta
984 1685 1056 1715 me
1088 1685 1171 1724 quo
1203 1676 1245 1715 id
1277 1674 1354 1715 fiat
1384 1676 1567 1716 facilius.

540 1750 639 1790 Sine
671 1750 795 1790 illum
826 1751 990 1800 priores
1021 1753 1167 1800 partes
1198 1751 1328 1791 hosce
1361 1752 1524 1800 aliquot
1554 1752 1646 1791 dies

539 1826 663 1876 Apud
693 1837 766 1866 me
797 1827 966 1866 habere.

272 1920 368 1960 Iure
400 1919 528 1959 huius
554 1919 637 1959 1001
662 1921 941 1959 venustatem
967 1919 1036 1958 his
1064 1919 1206 1959 verbis
1232 1919 1380 1959 laudat
1407 1919 1669 1960 Scholiasta:
1700 1918 1840 1971 „mira

271 1996 456 2036 coactio:
505 2006 580 2046 pro
627 1998 774 2046 patere
817 1996 988 2035 excludi
1029 1995 1226 2035 adiuta
1266 2006 1347 2036 me
1388 1996 1527 2036 dixit”
1571 1997 1615 2036 et
1658 1995 1839 2047 „blande

270 2073 393 2111 81110
435 2071 619 2122 illum,
663 2074 889 2121 tamquam
927 2072 971 2111 in
1002 2082 1136 2111 manu
1168 2072 1261 2111 eius
1293 2072 1351 2111 sit
1382 2072 1585 2112 iniuriam
1616 2081 1703 2112 non
1731 2071 1836 2122 pati,

271 2150 314 2187 et
346 2147 515 2187 excludi
546 2148 776 2187 militem.’'
951 2184 956 2189 .

331 2234 393 2263 VS.
432 2225 513 2263 152
578 2224 825 2273 Respondet
855 2223 1087 2264 Phaedria:

1167 2300 1390 2349 Pessuma,

478 2375 596 2424 Egon
629 2375 858 2424 quicquam
891 2385 990 2415 cum
1022 2376 1120 2415 istis
1150 2376 1278 2415 factis
1309 2376 1388 2415 tibi
1419 2374 1733 2424 respondeam?
1793 2423 1802 2434 ἱ

271 2459 545 2507 gaudensque
578 2459 789 2499 Parmeno
822 2459 1062 2499 exclamat:

479 2543 552 2592 Eu,
588 2545 745 2593 noster,
780 2543 930 2592 laudo;
963 2544 1140 2583 tandem
1171 2543 1405 2593 perdoluit:
1438 2543 1506 2583 vir
1537 2553 1596 2583 es.

272 2626 385 2664 Nihil
428 2637 526 2675 ergo
569 2638 717 2666 eorum
761 2639 868 2676 quae
900 2628 1032 2667 Thais
1064 2629 1233 2667 dixerat
1263 2638 1310 2667 se
1343 2628 1512 2667 credere
1543 2628 1723 2675 uterque
1752 2623 1835 2674 sig-

272 2700 429 2740 nificat.
464 2702 542 2740 Illa
574 2703 690 2741 enim
723 2704 774 2742 de
801 2704 1068 2742 admittendo
1094 2703 1234 2742 milite
1259 2705 1468 2751 tanquam
1495 2703 1546 2741 de
1572 2701 1714 2750 aliquo
1740 2699 1837 2740 dolo

311 2875 331 2908 ¹)
353 2874 565 2903 Coniecturae
586 2873 802 2910 Bentlejanae
821 2874 875 2904 vel
894 2874 1129 2904 firmissimum
1147 2873 1353 2910 praesidium
1371 2874 1426 2903 est
1442 2873 1478 2902 in
1496 2872 1629 2903 Phorm.
1648 2878 1699 2901 vs.
1715 2872 1766 2901 98:

573 2927 684 2961 Neque
703 2929 804 2957 notus
824 2935 930 2962 neque
949 2928 1112 2963 cognatus
1132 2928 1229 2957 extra
1247 2934 1350 2956 unam
1371 2926 1537 2956 aniculam

574 2979 755 3018 Quisquam
778 2981 903 3010 aderat,
