2034 3334
289 382 363 426 fiat
417 379 639 424 dissimilis
694 384 850 424 noster.
917 380 967 423 In
1025 380 1374 438 praecedentibus
1426 383 1541 425 enim
1599 385 1659 439 (p.
1701 379 1772 427 47'
1801 386 1887 441 sq.)

286 453 478 496 vidimus
519 466 647 509 quam
691 451 832 508 lepide
872 452 1174 495 coniunctione
1217 457 1348 496 tamen
1391 465 1514 511 saepe
1556 466 1661 496 usus
1691 456 1803 498 esset
1833 456 1887 504 ut

285 523 397 567 tristi
429 524 661 567 narrationi
691 522 907 565 tristiorem
937 522 1215 580 adiungeret:

407 593 485 636 Ille
516 598 644 636 tamen
675 592 975 645 (Philoctetes)
1007 595 1121 637 vivit
1153 595 1253 651 quia
1285 609 1369 638 non
1401 595 1627 638 comitavit
1658 593 1883 654 Ulyssem

407 663 563 708 Mallet
595 668 638 707 et
668 662 818 707 infelix
851 663 1102 708 Palamedes
1132 678 1224 708 esse
1255 663 1445 709 relictus.

285 736 497 789 Quantam
531 737 620 778 vim
650 738 941 792 quantamque
969 740 1239 779 venustatem
1267 736 1338 780 hic
1362 735 1440 779 illa
1465 736 1708 780 coniunctio
1732 735 1888 781 habeat

286 807 424 851 dicere
472 820 557 850 non
605 819 735 863 opus3
785 809 829 849 at
870 806 1003 864 friget
1043 806 1309 864 languetque
1349 808 1394 850 iu
1434 809 1520 850 ista
1560 805 1755 852 Caesaris
1782 811 1885 852 cum

286 877 541 934 Aesculapio
573 878 900 934 comparatione.

347 948 416 992 Sic
458 948 601 991 subito
640 962 664 990 a
703 949 885 1004 pristina
926 948 1045 991 urbis
1085 948 1264 992 historia
1304 948 1358 992 ad
1399 952 1667 1008 praesentem
1697 951 1883 994 aetatem

284 1034 367 1063 non
394 1033 575 1076 magno,
604 1017 767 1070 hercle,
793 1020 990 1075 pervenit
1015 1018 1173 1063 labore.
1202 1019 1344 1063 Habet
1370 1019 1482 1077 quod
1507 1020 1590 1063 sibi
1615 1018 1883 1078 gratuletur:

285 1089 544 1148 quantulum
579 1091 695 1132 enim
727 1093 789 1132 est
823 1090 939 1146 quod
971 1088 1131 1134 restet?

350 1160 589 1205 746-850
637 1160 700 1204 De
743 1159 921 1205 Caesare
962 1163 1006 1204 in
1050 1160 1218 1206 coelum
1251 1162 1491 1219 recipiendo
1522 1161 1760 1206 deliberant
1787 1161 1884 1215 dei,

286 1232 456 1276 tandem
489 1234 626 1275 vincit
656 1231 798 1274 Venus
829 1236 958 1288 atque

468 1302 659 1347 Caesaris
691 1304 851 1359 eripuit
881 1303 1089 1346 membris
1119 1318 1257 1360 neque
1287 1306 1331 1346 in
1365 1318 1461 1347 aera
1492 1303 1606 1348 solvi

467 1375 598 1417 Passa
629 1377 842 1416 recentem
875 1375 1064 1417 animam
1096 1374 1350 1418 caelestibus
1381 1375 1532 1419 intulit
1561 1377 1700 1419 astris.

284 1444 392 1487 Prae
433 1446 568 1487 nimia
610 1444 882 1487 festinatione
922 1458 974 1487 ne
1013 1445 1127 1487 hunc
1161 1445 1334 1501 quidem
1367 1445 1536 1497 locum,
1570 1459 1698 1502 quem
1730 1446 1885 1491 ceteris

285 1516 483 1559 omnibus
525 1519 739 1571 praestare
781 1516 1028 1571 oportebat,
1074 1521 1254 1559 venuste
1297 1530 1500 1560 exornare
1532 1517 1702 1560 studuit
1733 1520 1882 1575 poeta,

285 1585 358 1628 sed
400 1587 510 1628 tanti
552 1587 764 1628 momenti
805 1599 895 1628 rem
939 1586 1179 1630 describens
1211 1589 1400 1630 oratione
1431 1587 1597 1631 inculta
1626 1587 1882 1646 horridaque

283 1657 368 1699 fuit
399 1660 635 1700 contentus.

345 1728 381 1770 A
423 1726 602 1771 Caesare
635 1727 686 1770 ad
721 1728 972 1784 Augustum
1003 1727 1144 1771 multo
1176 1729 1345 1772 facilius
1377 1743 1507 1786 quam
1538 1730 1592 1774 ab
1623 1729 1880 1787 Aesculapio
1936 1785 1940 1788 μ
2001 1733 2022 1798 3¹

282 1797 335 1840 ad
367 1796 596 1841 Gaesarem
629 1799 849 1849 transitur,
882 1803 1010 1854 atque
1041 1798 1120 1842 hoc
1152 1800 1325 1855 quidem
1358 1802 1531 1857 negotio
1564 1802 1669 1844 satis
1698 1800 1882 1851 feliciter

281 1872 451 1923 poetam
494 1868 687 1910 functum
724 1882 814 1910 esse
846 1882 928 1910 non
960 1868 1135 1920 infitior,
1167 1869 1268 1912 licet
1299 1870 1368 1913 hic
1400 1885 1568 1927 quoque
1601 1870 1880 1926 (850—860)

281 1937 490 1994 quaedam
521 1937 722 1995 legantur
752 1940 932 1981 minime
963 1939 1200 1995 probanda,
1236 1945 1384 1997 utpote
1414 1955 1522 1997 quae
1547 1955 1724 1985 versum
1749 1955 1880 1987 suum

280 2008 480 2065 expleant
523 2011 663 2066 magis
694 2023 823 2065 quam
856 2013 1021 2052 ornent.
1055 2010 1173 2054 Haec
1205 2013 1320 2054 enim
1352 2012 1413 2054 ibi
1444 2011 1675 2069 leguntur:
1708 2011 1878 2066 Caesar,

278 2081 323 2121 in
350 2079 521 2122 stellam
550 2094 779 2123 conversus
807 2094 873 2123 res
898 2081 1130 2133 humanas,
1158 2082 1315 2138 quibus
1341 2084 1428 2125 iam
1454 2087 1620 2140 praeest
1636 2083 1879 2142 Augustus,

280 2149 608 2206 contemplatur,
643 2150 847 2208 illiusque
879 2165 945 2194 res
975 2158 1120 2209 gestas
1152 2155 1242 2196 suis
1274 2152 1402 2210 longe
1427 2153 1638 2211 long-eque
1663 2158 1879 2211 praestare

278 2221 460 2264 libenter
504 2223 710 2277 agnoscit.
753 2223 894 2279 Atque
937 2229 1176 2280 agnoscunt
1216 2223 1329 2266 illud
1372 2238 1519 2268 omnes
1551 2223 1778 2276 mortales,
1809 2237 1914 2268 ex-·

281 2296 402 2347 cepto
448 2293 647 2348 Augusto
695 2294 813 2348 ipso,
859 2295 956 2350 qui,
1000 2308 1084 2350 qua
1126 2298 1190 2337 est
1233 2295 1438 2338 adversus
1484 2299 1649 2351 patrem
1691 2296 1876 2352 pietate,

280 2363 394 2404 credi
436 2362 550 2404 illud
592 2367 722 2405 vetat.
770 2362 833 2414 „O
877 2364 938 2406 dii
977 2364 1270 2416 immortales,
1315 2370 1525 2423 quotquot
1556 2379 1747 2422 unquam
1775 2364 1876 2409 urbi

278 2434 542 2489 imperioque
583 2439 725 2476 nostro
769 2434 961 2486 favistis,
995 2435 1127 2478 talem
1159 2437 1280 2479 nobis
1314 2437 1467 2480 ducem
1498 2436 1762 2480 incolumem
1790 2449 1875 2498 ser-

280 2509 398 2555 vate;
434 2518 562 2558 quem
596 2506 631 2546 si
665 2509 807 2553 tamen
841 2505 1069 2562 aliquando
1100 2507 1202 2550 hinc
1234 2507 1349 2550 abire
1381 2506 1568 2550 crudelia
1598 2507 1687 2550 fata
1710 2506 1875 2558 iubent,

280 2574 392 2615 hunc
426 2588 592 2630 quoque
625 2576 667 2616 in
701 2589 934 2618 numerum
967 2582 1161 2620 vestrum
1195 2579 1396 2634 recipite,
1431 2582 1480 2620 ut
1511 2579 1568 2620 sit
1599 2591 1727 2635 quem
1758 2589 1877 2633 prae·

282 2645 421 2698 cipuis
470 2644 661 2687 colamus
708 2645 955 2701 precibus!’'
1007 2646 1199 2703 Denique
1247 2650 1483 2690 notissimis
1527 2646 1616 2690 illis
1658 2646 1874 2691 versibus:

284 2715 480 2769 „iamque
515 2729 621 2770 opus
654 2718 778 2772 exegi
811 2731 845 2759 e.
865 2717 987 2772 q.s.”
1021 2731 1191 2760 carmen
1224 2717 1452 2769 clauditur,
1486 2718 1641 2773 quibus
1673 2731 1757 2779 non
1782 2721 1875 2760 tam

282 2782 493 2838 gloriatur
535 2791 658 2840 poeta
703 2801 832 2842 quam
871 2788 1031 2844 gaudio
1073 2788 1239 2831 exultat
1281 2788 1394 2844 quod
1437 2787 1609 2830 tandem
1646 2787 1874 2843 aliquando

285 2855 413 2895 nimis
445 2869 623 2910 gravem
657 2859 865 2899 sarcinam
898 2859 1077 2901 abiicere
1108 2859 1300 2902 humeris
1330 2859 1412 2902 sibi
1445 2858 1585 2901 liceat.

344 2995 458 3052 Ergo
486 3002 527 3038 et
554 2997 827 3052 dispositione
854 3003 896 3042 et
923 2998 1159 3044 elocutione
1190 3005 1233 3043 et
1258 3025 1316 3031 —-
1342 2998 1455 3056 quod
1480 2999 1790 3057 gravissimum
1811 3023 1868 3031 -
