2034 3334
977 347 1062 388 218

230 470 412 519 fabulae,
454 481 557 511 nam
589 482 674 511 non
706 474 809 512 sunt
839 473 950 522 apud
982 473 1308 514 Menandrum.”
1341 474 1395 514 Et
1422 474 1621 525 fortasse,
1653 485 1709 515 ne
1738 474 1802 516 illi

230 546 362 585 nimis
394 547 683 596 inexspectati
714 548 758 587 in
789 558 967 588 scenam
999 549 1209 600 venirent,
1243 550 1287 589 in
1319 550 1459 600 priore
1484 552 1606 601 parte
1631 549 1802 592 fabulae

228 621 374 671 posuit
428 622 653 672 quaedam,
703 623 858 672 quibus
907 624 1043 664 animi
1088 627 1384 675 spectatorum
1429 627 1800 676 praepararentur.

228 697 287 737 Eo
317 698 514 747 spectare
545 698 717 739 videtur
742 699 937 740 scholion
963 701 1089 750 quale
1116 702 1183 741 est
1209 701 1291 741 hoc
1316 701 1370 741 ad
1397 701 1428 752 Ι,
1461 703 1498 752 1,
1527 702 1607 742 37:
1639 701 1801 753 „talem

229 783 325 813 esse
366 774 644 823 Pamphilum
687 776 864 816 adiuvat
900 778 1206 826 argumentum
1239 777 1421 827 fabulae,
1455 778 1588 818 simul
1620 779 1665 819 et
1694 777 1800 819 Cha·

227 850 416 890 rinum.''
458 850 651 900 Denique
691 852 874 902 fabulae,
919 853 1042 893 cuius
1083 853 1198 903 prior
1234 864 1334 903 pars
1365 854 1472 894 adeo
1504 855 1622 895 esset
1651 854 1801 905 ampli-

226 924 368 977 ficata,
402 927 587 967 alteram
619 928 664 967 in
695 928 869 968 brevius
901 929 1049 969 debuit
1079 930 1345 970 contrahere.
1380 930 1477 970 Sch.
1513 931 1567 970 ad
1598 930 1649 981 V,
1678 930 1721 981 2,
1749 930 1800 971 8:

232 1003 353 1052 „vult
393 1003 510 1042 enim
551 1004 641 1044 iam
682 1006 811 1054 poeta
852 1006 1157 1055 catastrophen
1198 1005 1435 1055 patefieri.’‘
1473 1006 1598 1047 Certe
1629 1006 1675 1047 in
1704 1006 1801 1047 ulti-

227 1078 314 1117 mis
359 1079 536 1119 scholiis
582 1080 777 1120 Donatus
822 1067 1069 1130 frequenter
1115 1082 1184 1122 his
1231 1082 1397 1122 verbis:
1445 1083 1569 1133 „post
1605 1091 1802 1132 compen-

227 1154 376 1194 dium”
434 1155 583 1195 utitur.
642 1156 763 1195 Idem
820 1157 865 1195 in
920 1156 1126 1197 Eunucho
1171 1158 1338 1197 factum
1384 1160 1464 1208 est,
1511 1169 1553 1198 v.
1600 1167 1696 1208 pag.
1745 1157 1802 1198 74

226 1231 356 1270 huius
386 1231 497 1271 libri.

289 1307 386 1347 Sch.
419 1308 473 1347 ad
503 1308 552 1358 V,
587 1310 628 1359 6,
661 1309 737 1348 13:
770 1310 897 1358 „quia
923 1309 1127 1349 audacter
1153 1310 1198 1349 et
1224 1308 1455 1349 artificiose
1480 1309 1606 1349 binos
1631 1318 1804 1350 amores

227 1385 411 1424 duorum
452 1385 793 1425 adolescentium
837 1387 881 1425 et
911 1385 1036 1425 binas
1067 1386 1242 1436 nuptias
1274 1386 1318 1425 in
1349 1396 1437 1425 una
1466 1385 1613 1426 fabula
1642 1385 1802 1426 machi-

227 1463 357 1501 natus
404 1463 484 1512 est,
533 1462 578 1501 et
618 1462 659 1501 id
702 1464 828 1502 extra
868 1463 1184 1512 praescriptum
1217 1462 1449 1512 Menandri,
1484 1462 1606 1502 cuius
1638 1471 1802 1502 comoe-

227 1539 346 1578 diam
387 1537 688 1588 transferebat,
732 1538 889 1578 idcirco
931 1538 1048 1577 aliud
1089 1539 1133 1578 in
1169 1538 1405 1588 proscenio,
1439 1538 1555 1578 aliud
1586 1538 1686 1588 post
1714 1547 1803 1578 sce-

229 1625 332 1654 nam
363 1614 525 1664 retulit,
558 1624 613 1654 ne
644 1614 714 1654 vel
746 1615 861 1654 iusto
893 1615 1061 1664 longior
1090 1613 1225 1665 fleret,
1254 1615 1323 1654 vel
1351 1615 1396 1654 in
1423 1614 1605 1654 eandem
1630 1614 1805 1664 propter

228 1702 374 1732 rerum
406 1691 740 1731 similitudinem
773 1692 1070 1740 cogerentur.”

288 1768 448 1808 Levius
491 1768 559 1807 est
598 1767 779 1806 tertium
811 1767 914 1806 hoc:
948 1767 1083 1816 Mysis
1115 1767 1340 1817 egrediens
1372 1767 1505 1807 simul
1537 1767 1804 1816 spectatores

229 1844 434 1884 certiores
475 1843 616 1883 reddit
657 1843 708 1882 de
749 1854 795 1882 re
832 1854 942 1892 quae
974 1845 1042 1882 est
1073 1844 1117 1883 in
1148 1844 1351 1883 manibus
1384 1845 1428 1883 et
1458 1842 1803 1883 facetiarum

229 1920 449 1969 aliquid
482 1918 640 1958 addit
671 1919 738 1964 (de
769 1919 925 1958 Lesbia
955 1919 1199 1969 obstetrice,
1234 1929 1367 1968 quam
1399 1919 1494 1959 ideo
1520 1917 1724 1968 Archylis
1749 1917 1804 1958 ad

227 1996 543 2046 parturientem
575 1994 823 2043 Glycerium
855 1996 1061 2044 arcessat,
1095 1995 1207 2044 quod
1239 1995 1376 2044 ipsius
1407 1995 1467 2034 sit
1498 1993 1802 2044 compotatrix.

227 2083 269 2112 v.
303 2072 473 2119 Schol.).

289 2225 603 2265 Eunuchus.
652 2224 703 2263 In
749 2223 971 2263 Menandri
1017 2223 1274 2262 Eunuchum
1318 2234 1373 2262 ex
1415 2223 1610 2262 eiusdem
1650 2221 1804 2264 Colace

229 2301 431 2341 translati
478 2303 581 2340 sunt
626 2301 754 2340 miles
791 2302 835 2339 et
865 2299 1105 2349 parasitus;
1140 2299 1184 2338 in
1217 2299 1369 2338 eadem
1400 2299 1547 2338 fabula
1578 2298 1690 2348 apud
1721 2298 1803 2339 Me-

229 2378 443 2417 nandrum
481 2376 672 2417 Chaerea
713 2375 1061 2416 adolescentulus
1093 2385 1116 2414 e
1148 2374 1325 2413 Thaidis
1357 2374 1535 2413 aedibus
1566 2373 1801 2424 egrediens,

228 2453 300 2493 ubi
342 2455 443 2493 voto
481 2464 559 2492 suo
592 2454 660 2492 est
690 2452 867 2501 potitus,
901 2452 953 2490 de
983 2450 1191 2490 felicitate
1222 2460 1303 2489 sua
1333 2450 1453 2489 solus
1485 2450 1713 2490 declamat.
1746 2449 1804 2489 At

229 2529 456 2568 Terentius
499 2539 659 2568 novam
700 2537 931 2576 personam
974 2526 1266 2575 Antiphonem
1299 2525 1477 2575 invenit,
1512 2525 1581 2565 cui
1613 2523 1804 2564 Chaerea

229 2615 322 2644 rem
364 2604 416 2644 ab
459 2604 582 2644 initio
625 2604 677 2643 ad
723 2602 855 2642 finem
896 2602 1055 2641 vividis
1096 2601 1345 2650 depingeret
1376 2601 1602 2640 coloribus.
1636 2599 1802 2640 Schol.:

233 2682 366 2731 „bene
412 2682 590 2720 inventa
636 2690 820 2730 persona
861 2680 929 2719 est
970 2679 1039 2718 cui
1079 2679 1226 2718 narret
1263 2677 1466 2727 Chaerea,
1500 2687 1555 2716 ne
1585 2686 1699 2716 unus
1729 2675 1803 2716 <flu

228 2759 429 2806 loquatur
471 2758 520 2796 ut
561 2757 673 2806 apud
715 2756 1041 2795 Menandrum.”
1083 2755 1178 2794 Non
1219 2756 1312 2793 tam
1354 2754 1464 2792 levis
1495 2754 1602 2793 haec
1633 2762 1703 2792 res
1733 2753 1803 2792 est

229 2845 360 2882 quam
393 2834 574 2872 videtur.
610 2833 863 2872 Conferatur
894 2832 1012 2871 enim
1044 2830 1233 2870 Simonis
1264 2830 1309 2869 in
1334 2829 1498 2869 Andria
1523 2829 1800 2877 soliloquium

231 2922 255 2949 a
302 2909 501 2947 Terentio
549 2909 592 2947 in
635 2908 896 2957 colloquium
938 2917 1208 2958 conversum,
1251 2906 1302 2946 ut
1341 2906 1547 2954 appareat
1586 2903 1800 2953 peculiare
