2034 3334
940 377 998 419 49

285 499 361 555 IV,
388 499 426 542 6.
460 499 670 543 Carminis
698 500 938 544 Saecularis
966 504 1030 544 est
1045 502 1330 557 prooemium:
1351 502 1555 557 ineptum,
1571 501 1723 556 hercle,

223 577 489 631 prooemium
537 578 738 619 carminis
785 578 919 620 ieiuni
962 577 1213 633 frigidique!
1258 577 1467 633 Bipartito
1510 577 1618 620 illud
1660 582 1725 620 est

225 652 436 695 divisum:
469 653 598 696 altera
630 657 749 710 parte
780 654 933 710 Apollo
967 655 1190 696 invocatur
1222 658 1270 696 ut
1301 655 1480 697 carmini
1505 654 1723 697 Saeculari

224 729 404 785 eiusque
434 733 582 785 poetae
607 729 750 773 favere
783 730 895 786 velit,
919 731 1051 774 altera
1076 732 1199 786 pueri
1225 731 1478 787 puellaeque
1494 734 1723 781 monentur

225 807 274 848 ut
303 806 350 847 in
381 806 595 861 Apollinis
622 805 876 862 Dianaeq
892 820 956 850 ue
983 808 1187 850 honorem
1213 807 1390 863 pulchre
1417 807 1607 850 canendo
1625 808 1726 850 dent

223 895 405 938 operam.
436 882 485 924 In
521 884 662 938 priore
691 887 811 939 parte
843 883 895 926 de
927 885 1059 926 unius
1090 883 1306 939 Apollinis
1338 883 1539 927 laudibus
1558 885 1723 927 multus

225 961 289 1001 est
318 961 453 1014 poeta,
483 957 647 1002 Dianae
676 960 722 1002 in
753 960 884 1003 altera
911 940 1086 1003 demum
1113 959 1162 1002 fit
1188 962 1369 1003 mentio:
1397 959 1549 1016 parum
1566 959 1726 1012 συμμέ-

223 1049 331 1087 τρως,
379 1038 428 1077 ut
473 1035 604 1078 vides.
651 1035 707 1078 Et
747 1037 793 1078 in
835 1036 920 1078 illis
964 1037 1071 1092 ipsis
1115 1049 1225 1092 quae
1269 1036 1320 1079 de
1351 1035 1490 1079 Diana
1521 1037 1724 1079 dicuntur

224 1111 333 1153 nihil
363 1115 428 1154 est
459 1125 514 1154 ex
546 1125 631 1168 quo
663 1116 862 1168 appareat
891 1114 939 1155 in
968 1112 1086 1156 illius
1118 1113 1252 1155 tutela
1277 1116 1352 1155 aut
1377 1113 1528 1155 urbem
1543 1112 1723 1155 Romam

224 1199 329 1243 esse,
360 1191 446 1242 aut,
477 1188 521 1230 id
553 1188 668 1244 quod
698 1201 798 1244 prae
830 1189 980 1231 ceteris
1013 1189 1392 1231 demonstrandum
1423 1192 1526 1245 erat,
1560 1189 1723 1245 puellas

223 1263 460 1307 Romanas:
493 1264 667 1321 frugum
701 1265 859 1307 dicitur
890 1265 980 1320 dea,
1010 1266 1262 1319 venationis,
1293 1265 1431 1308 lunae.
1464 1265 1547 1308 Sed
1579 1266 1723 1308 videa-

225 1354 323 1383 mus
355 1354 440 1397 quo
474 1341 779 1384 sententiarum
806 1354 923 1384 nexu
949 1354 1119 1384 carmen
1147 1342 1378 1384 cohaereat.
1406 1341 1562 1385 Paucis
1578 1341 1722 1384 verbis

225 1417 310 1459 dici
340 1420 488 1473 potest.
525 1416 586 1471 „O
619 1417 768 1473 pueri”
800 1421 924 1474 poeta
955 1419 1014 1460 ait
1049 1418 1339 1474 „puellaeque,
1371 1418 1549 1474 pulchre
1581 1420 1721 1461 canite

223 1493 268 1535 in
302 1493 595 1549 Apollinis
626 1492 956 1550 Dianaeque
981 1494 1198 1549 honorem,
1225 1498 1319 1537 tum
1345 1499 1548 1545 vestrum,
1575 1495 1723 1551 puel-

224 1570 330 1626 lae,
361 1570 437 1613 ubi
467 1574 625 1626 nuptae
655 1572 739 1613 iam
776 1572 908 1626 eritis,
939 1584 1226 1628 unaquaeque
1257 1572 1396 1614 dicere
1426 1573 1602 1627 poterit:
1642 1585 1719 1628 ego

223 1647 270 1689 in
317 1647 540 1689 deorum
597 1648 801 1690 honorem
847 1647 1015 1691 Horatii
1061 1661 1233 1691 carmen
1280 1648 1496 1691 saeculare
1544 1648 1720 1691 cecini.''

226 1721 340 1773 Quid
387 1736 517 1766 sensu
564 1736 733 1766 cassum
781 1729 844 1767 est
890 1725 974 1767 nisi
1019 1724 1099 1767 hoc
1141 1724 1237 1767 est?
1279 1724 1335 1767 Et
1366 1738 1573 1780 quorsum
1605 1725 1722 1768 istud

224 1799 429 1856 nupta?
475 1799 728 1843 Rectissime
773 1800 880 1843 illud
929 1801 998 1843 hic
1040 1801 1183 1844 sedem
1227 1814 1349 1844 suam
1391 1801 1576 1856 haberet,
1608 1803 1644 1845 si
1675 1803 1720 1844 in

224 1873 387 1918 Dianae
416 1875 618 1918 laudibus
649 1876 811 1932 aliquid
842 1876 1058 1933 legeretur
1088 1877 1228 1920 simile
1259 1876 1511 1920 Catulliani:

695 1978 759 2020 Tu
790 1977 952 2021 Lucina
984 1978 1224 2022 dolentibus

699 2054 810 2097 Iuno
843 2055 955 2098 dicta
983 2057 1206 2112 puerperis

224 2132 293 2175 vel
323 2131 575 2175 Horatiani:
1033 2131 1036 2134 ’

582 2222 700 2275 Quae
727 2223 968 2268 laborantes
1000 2227 1121 2267 utero
1153 2225 1319 2281 puellas

579 2299 658 2343 Ter
687 2303 836 2343 vocata
867 2301 989 2343 audis
1021 2301 1262 2358 adimisque
1294 2301 1392 2344 leto.

284 2410 343 2452 At
384 2411 567 2452 metrum
604 2409 813 2452 eiusmodi
846 2409 1008 2465 aliquid
1039 2410 1123 2452 iam
1155 2423 1243 2451 non
1275 2408 1531 2451 admittebat.
1567 2407 1720 2450 Obser-

224 2499 374 2529 vemus
419 2488 635 2541 praeterea
682 2484 942 2527 locutiones:
991 2485 1045 2526 27
1088 2483 1283 2527 Dauniae
1325 2485 1456 2528 decus
1499 2484 1720 2539 Camenae,

225 2563 279 2604 35
325 2561 527 2605 Lesbium
570 2560 730 2616 pedem,
776 2560 830 2602 36
874 2561 1040 2616 pollicis
1081 2562 1226 2616 ictum,
1260 2562 1315 2603 30
1351 2565 1483 2603 artem
1516 2561 1718 2603 carminis

223 2650 466 2693 nomenque
496 2640 654 2693 poetae,
685 2638 742 2678 44
775 2636 924 2678 docilis
952 2637 1198 2690 modorum,
1232 2637 1473 2679 videbimus
1507 2650 1715 2679 summam

223 2714 355 2757 huius
398 2727 570 2770 quoque
611 2713 815 2769 prooemii
856 2698 1026 2755 'laudem
1056 2714 1102 2755 in
1134 2726 1182 2755 eo
1215 2727 1371 2769 ponere
1402 2717 1567 2770 poetam
1603 2713 1718 2769 quod

225 2781 504 2833 difficilia
539 2790 613 2832 illa
646 2790 906 2831 Graecorum
949 2792 1083 2831 metra
1122 2788 1272 2832 Latine
1314 2791 1369 2832 sit
1399 2791 1601 2832 imitatus.
1634 2789 1717 2831 Sed

221 2867 445 2910 redeamus
489 2866 542 2909 ad
588 2879 739 2909 versus
792 2865 954 2920 1—28,
1003 2865 1160 2921 quibus
1206 2866 1419 2922 Apollinis
1464 2866 1718 2922 imploratur

1563 2939 1587 2973 4
