2034 3334
926 416 979 456 15

170 542 314 581 locuta
354 543 457 590 erat,
502 542 546 580 in
577 551 659 589 quo
691 541 834 580 nullae
866 543 1012 579 essent
1043 541 1222 579 Veneris
1253 542 1410 590 partes,
1446 542 1488 579 et
1520 542 1728 589 quantum

170 618 310 666 potuit
341 627 490 656 veram
522 617 641 655 verbi
669 617 1011 655 admittendi
1038 615 1398 665 significationem
1426 617 1729 655 dissimulavit.

230 693 342 731 Tum
374 694 511 732 denuo
543 694 753 732 Phaedria
786 695 862 739 (vs.
902 693 982 732 155
1016 695 1145 741 sqq.):

407 770 465 808 At
497 779 574 818 ego
606 769 826 808 nescibam
859 779 1064 816 quorsum
1096 770 1145 807 tu
1177 769 1284 807 ires:
1319 768 1498 817 parvula

406 845 518 884 Hinc
549 846 616 884 est
648 845 845 894 abrepta:
880 845 1029 883 eduxit
1060 846 1202 883 mater
1233 855 1309 893 pro
1342 855 1442 883 sua:

407 921 532 960 Soror
564 921 678 959 dicta
710 921 798 959 est:
834 921 956 969 cupio
988 920 1196 959 abducere
1227 921 1276 958 ut
1307 920 1483 958 reddam
1516 921 1619 959 suis.

170 995 285 1034 Nihil
316 1007 506 1045 unquam
535 997 685 1035 Latine
711 997 938 1035 venustius
964 996 1230 1044 facetiusque
1257 997 1467 1045 scriptum
1494 1007 1589 1035 esse
1616 997 1730 1036 dices

171 1071 208 1109 si
248 1072 419 1111 noveris
461 1082 544 1120 qua
584 1082 688 1110 voce
731 1073 773 1110 et
805 1082 886 1119 quo
928 1071 1051 1110 vultu
1087 1072 1193 1110 haec
1224 1072 1312 1111 sint
1342 1072 1605 1121 proferenda.
1639 1073 1731 1112 Hoc

170 1147 213 1185 te
254 1147 420 1186 docebit
462 1147 702 1186 Scholiasta
742 1147 912 1195 egregia
953 1148 1280 1198 3110016110116;Η
1295 1147 1392 1186 vide
1435 1146 1598 1200 stlstncw
1632 1159 1730 1187 cum

121 1230 125 1233 ’
170 1223 264 1261 odio
290 1223 510 1262 inductam
538 1224 580 1261 et
606 1224 885 1271 depravatam
911 1223 1269 1272 pronuntiatione,
1299 1223 1360 1262 ita
1385 1224 1434 1262 ut
1461 1220 1729 1275 effocote'huw

169 1307 254 1335 non
294 1298 535 1337 vitarentur
576 1299 626 1337 de
668 1299 920 1337 industria'’.
943 1294 970 1344 ¹)
1013 1298 1066 1337 Et
1106 1309 1208 1337 vera
1244 1309 1344 1337 eum
1376 1299 1525 1338 docere
1558 1310 1612 1338 ex
1644 1310 1730 1338 una

168 1374 378 1421 particula
396 1376 483 1434 ,ει-13.)
519 1385 626 1422 quae
657 1375 961 1424 praemittitur,
996 1376 1194 1424 apparet:
1228 1385 1462 1430 permagna
1494 1376 1610 1414 enim
1638 1376 1729 1430 eius

169 1449 236 1486 est
267 1449 490 1488 acerbitas.
1629 1463 1632 1466 ⁴

228 1524 471 1572 Sequuntur
502 1526 608 1564 haec
639 1526 872 1565 Phaedriae
904 1526 1035 1565 verba
1068 1529 1145 1572 (vs.
1185 1527 1266 1565 158
1300 1530 1429 1575 sqq.):

286 1600 448 1650 Nempe
481 1601 626 1640 omnia
656 1602 763 1640 haec
794 1612 907 1640 nunc
937 1602 1069 1641 verba
1099 1603 1183 1641 huc
1214 1603 1393 1642 redeunt
1425 1603 1627 1651 denique:

284 1677 508 1726 Excludor‚
543 1677 613 1716 ille
644 1677 858 1727 recipitur,
894 1689 989 1749 quar
1008 1678 1179 1727 gratia?

284 1752 376 1791 Nisi
408 1753 445 1791 si
476 1753 599 1791 illum
630 1753 726 1802 plus
758 1764 888 1802 quam
919 1746 991 1793 m‘e
1023 1765 1146 1793 amas
1179 1756 1222 1793 et
1253 1754 1385 1794 istam
1417 1766 1530 1794 nunc
1561 1756 1704 1805 times,

286 1827 400 1876 Quae
432 1829 611 1868 advecta
642 1831 709 1868 est
739 1841 793 1868 ne
824 1830 948 1869 illum
979 1831 1113 1869 talem
1145 1831 1376 1880 praeripiat
1407 1832 1497 1872 tibi.

168 1902 278 1941 Tum
327 1904 479 1942 Thais:
535 1905 646 1954 „Ego
693 1906 734 1944 id
775 1907 908 1946 timeo
920 1908 968 1945 ‘?’'
1012 1909 1055 1946 et
1095 1908 1327 1946 Phaedria:
1375 1909 1500 1957 „quid
1543 1910 1586 1947 te
1628 1919 1727 1957 ergo

169 1978 283 2016 aliud
314 1979 517 2018 sollicitat
527 1982 575 2018 ‘?”
609 1982 636 2020 S
649 1992 672 2020 0
683 1982 750 2020 lli
762 1993 784 2021 6
795 1983 810 2020 1
821 1984 840 2021 t
851 1993 908 2046 gr
920 1994 942 2022 e
975 1984 1086 2038 apud
1118 1983 1366 2023 Ciceronem
1398 1986 1465 2024 est
1479 1997 1486 2023 :
1514 1986 1651 2035 pretio
1686 1987 1728 2025 et
1766 1967 1900 2021 ἰίνηι
1914 1959 2034 2021 Zau

169 2055 393 2103 promissis
425 2056 477 2094 ad
507 2067 609 2095 suas
640 2059 783 2107 partes
814 2060 1060 2110 pertrahere
1091 2060 1331 2099 homines.'’
1359 2061 1441 2099 Hic
1467 2062 1727 2110 „sollicitum
1746 2035 2000 2130 Wff

168 2131 368 2170 reddere”
413 2132 456 2169 et
501 2132 721 2180 „animum
753 2133 933 2172 alicuius
964 2135 1239 2183 perturbare'’
1274 2136 1623 2184 interpretantur.
1659 2137 1728 2176 Sic
1847 2109 1890 2158 ἵ

170 2208 284 2245 certe
315 2207 476 2246 Andria
507 2218 570 2246 vs.
606 2209 714 2247 689:

258 2282 372 2321 Sicin
401 2294 472 2322 me
510 2284 637 2331 atque
668 2284 788 2323 illam
821 2295 948 2333 opera
979 2286 1055 2324 tua
1087 2295 1200 2325 nunc
1231 2286 1414 2326 miseros
1446 2288 1680 2328 sollicitari.

170 2355 250 2396 Sed
296 2359 441 2397 nostro
488 2358 580 2398 loco
628 2359 908 2398 dubitationis
955 2370 1109 2399 ansam
1156 2361 1271 2400 istud
1317 2362 1497 2401 verbum
1537 2364 1724 2412 praebet.

169 2430 290 2471 Unde
333 2433 449 2472 enim
489 2434 698 2473 Phaedria
739 2445 969 2484 agnoscere
1005 2436 1075 2474 vel
1108 2437 1315 2476 coniicere
1345 2440 1488 2486 potest
1520 2439 1726 2479 Thaidem

169 2508 357 2558 anxiam,
391 2509 623 2549 sollicitam
655 2511 782 2550 esse?
815 2511 974 2560 Quibus
1006 2500 1141 2560 signis
1173 2512 1247 2551 illa
1274 2523 1373 2552 eum
1401 2514 1534 2553 animi
1560 2516 1726 2554 statum

167 2582 404 2623 indicavit?
455 2585 508 2624 Et
555 2587 765 2633 quomodo
811 2597 924 2625 nunc
970 2587 1194 2635 sequentia
1240 2590 1557 2628 annectuntur?
1603 2589 1725 2629 Certe

169 2660 299 2699 cedo
341 2670 440 2699 cum
481 2662 758 2710 sequentibus
800 2663 1019 2711 cohaeret;
1062 2665 1129 2702 est
1171 2664 1308 2702 enim:
1356 2667 1588 2714 „responde
1617 2667 1725 2705 mihi

205 2870 226 2903 ¹)
253 2867 436 2904 Tamquam
465 2869 653 2906 exemplum
682 2869 821 2900 huiusce
852 2871 978 2907 figurae
997 2872 1162 2916 <sstffl'ffewc
1180 2880 1205 2903 5.
1227 2871 1406 2919 ἠθοποιίας)
1425 2874 1487 2905 hos
1506 2883 1624 2906 versus
1642 2877 1726 2908 citat

167 2920 391 2959 Quintilianus
410 2925 467 2961 IX,
486 2926 512 2954 2.
529 2925 590 2955 Ad.
606 2926 690 2955 alios
707 2926 850 2955 Terentii
867 2927 965 2962 10605,
981 2927 1037 2956 ubi
1055 2928 1195 2958 alicuius
1212 2930 1314 2958 verba
1330 2929 1378 2959 sic
1393 2931 1434 2959 ab
1450 2930 1515 2960 alio
1531 2933 1725 2966 repetuntur

167 2980 207 3009 ut
223 2983 494 3017 pronuntiatione
514 2983 745 3022 depraventur,
765 2985 953 3016 Scholiasta
972 2987 1124 3017 annotat:
1147 2987 1178 3016 ἐν
1200 2987 1358 3031 ὑποκρίσει
1377 2989 1412 3018 et
1429 2989 1461 3018 ἐν
1484 2987 1564 3033 ἤθει,
