2034 3334
940 370 1024 413 103

229 496 323 548 tur3
368 494 443 537 sed
475 496 678 550 quoniam
710 507 853 550 neque
885 494 1101 537 Hannibal
1132 506 1274 549 neque
1306 495 1538 549 quisquam
1569 492 1680 534 alius
1712 505 1736 534 e

228 568 651 625 Carthaginiensibus
683 570 746 611 illi
778 584 854 626 par
885 582 962 626 per
991 570 1257 625 triumphum
1285 570 1441 612 ductus
1469 571 1547 625 est,
1564 568 1733 610 nullum

226 644 437 701 Iugurtha
478 646 683 701 potiorem
730 644 943 688 habebant
983 648 1131 701 poe'tae
1160 644 1344 686 Romani
1376 657 1503 700 quem
1535 644 1734 686 huiusce-

176 750 178 752 -
227 720 343 762 modi
389 721 494 763 locis
540 722 824 763 nominarent.
864 721 935 762 An
979 721 1031 762 ab
1074 719 1253 762 Horatio
1285 719 1502 762 Romanae
1534 720 1735 762 historiae

228 797 438 839 elementa
482 796 753 852 Propertium
801 797 1000 839 didicisse
1040 797 1124 838 viri
1167 796 1280 838 docti
1327 796 1534 838 censent?
1582 795 1736 838 Confer

227 875 445 928 praeterea
474 871 551 927 IV,
583 873 623 927 4,
658 872 712 913 15
746 885 829 928 sq.:

406 971 557 1014 Victor
587 985 685 1014 cum
718 972 843 1014 victis
874 972 1032 1027 pariter
1064 970 1315 1014 miscebitur
1347 970 1535 1013 umbris:

466 1046 652 1090 Consule
683 1061 782 1090 cum
814 1047 962 1102 Mario,
997 1051 1117 1102 capte
1147 1047 1370 1102 Iugurtha,
1403 1047 1526 1089 sedes

229 1153 395 1197 videbis
427 1168 555 1210 quam
588 1156 671 1197 ista
701 1155 935 1210 Iugurthae
967 1156 1186 1197 mentione
1213 1155 1446 1197 delectetur
1472 1155 1736 1210 Propertius.

290 1230 343 1285 V,
385 1231 423 1285 6,
472 1231 538 1272 79.
590 1230 744 1285 „Nunc
790 1235 854 1273 est
900 1230 1163 1273 bibendum'’
1210 1231 1460 1286 Propertius
1511 1231 1735 1286 exclamat,

235 1307 375 1360 „victa
419 1307 504 1348 iam
546 1307 726 1350 terribili
766 1307 841 1349 illa
885 1306 1106 1362 Cleopatra
1137 1307 1292 1349 hilares
1327 1310 1429 1349 sunt
1460 1306 1737 1349 celebrandae

233 1382 394 1438 epulae.
441 1382 493 1424 In
530 1383 623 1434 ,illis
665 1383 777 1425 alius
820 1382 946 1425 aliam
990 1386 1131 1424 cantet
1162 1383 1215 1424 ab
1247 1383 1447 1438 Augusto
1478 1386 1735 1438 reportatam

233 1458 478 1500 victoriam:

411 1557 496 1600 Hic
526 1557 682 1600 referat
714 1571 807 1601 sero
839 1558 1080 1601 confessum
1115 1558 1281 1601 foedere
1311 1558 1541 1601 Parthum:

471 1634 636 1677 Reddat
667 1635 790 1690 signa
819 1633 956 1689 Remi,
988 1647 1090 1676 mox
1123 1634 1240 1677 dabit
1270 1635 1363 1690 ipse
1394 1634 1513 1677 sua.''

295 1744 542 1786 Admodum
575 1743 756 1786 obscura
785 1744 889 1786 haec
921 1747 1023 1786 sunt
1055 1746 1204 1799 poetae
1236 1743 1366 1786 verba
1398 1747 1439 1786 et
1470 1744 1615 1785 mendi
1642 1757 1738 1786 sus-

235 1824 366 1877 pecta.
413 1819 655 1876 Explicatio
703 1834 864 1875 eorum,
912 1821 948 1862 si
988 1833 1075 1862 non
1117 1820 1252 1875 plena,
1292 1823 1435 1861 tamen
1477 1819 1622 1874 aliqua
1653 1821 1740 1875 peti

235 1901 373 1953 potest
404 1896 456 1938 ab
488 1897 542 1939 iis
575 1909 685 1952 quae
718 1896 832 1951 apud
863 1895 1046 1938 Dionem
1074 1895 1271 1938 Cassium
1298 1896 1504 1951 leguntur
1531 1894 1656 1950 (LIV,
1684 1896 1738 1949 8).

235 1973 280 2015 Is
327 1974 440 2015 enim
489 1973 541 2014 de
581 1973 732 2027 legatis
774 1971 826 2013 ab
858 1972 1010 2013 ultimo
1049 1970 1222 2013 Oriente
1255 1971 1307 2012 ad
1339 1971 1589 2026 Augustum
1621 1970 1739 2012 Sami

238 2052 476 2090 morantem
507 2047 706 2103 profectis
741 2051 783 2089 et
814 2048 897 2089 alia
928 2051 1072 2089 narrat
1103 2050 1145 2089 et
1175 2047 1300 2089 haec:

297 2122 336 2164 ἐν
382 2121 504 2175 τούτῳ
550 2122 567 2164 ὂ
611 2120 810 2175 Φραάτης,
854 2120 1047 2175 Φοβηθεὶς
1089 2121 1147 2172 μὴ
1191 2119 1259 2163 καὶ
1290 2119 1570 2174 §marmandam
1606 2121 1649 2169 οἱ,
1683 2119 1739 2162 ὅτι

240 2196 404 2248 μηδέπω
436 2199 530 2239 τῶν
562 2197 926 2248 συγκειμένων
959 2198 1176 2246 ἐπεποιήκει
1206 2213 1257 2244 τι,
1290 2197 1343 2239 τά
1375 2213 1419 2238 τε
1450 2201 1602 2248 σημεῖα
1631 2198 1739 2249 αὐτῷ

241 2277 310 2316 καὶ
352 2273 440 2320 τοὺς
482 2273 783 2325 αἰχμαλώτους,
827 2273 931 2321 πλὴν
971 2273 1110 2324 ὀλίγων
1141 2298 1198 2304 -
1230 2272 1463 2325 ἀπέπεμψε.
1496 2271 1566 2314 καὶ
1598 2272 1740 2320 αὐτοὺς

240 2350 394 2398 ἐκεῖνος,
427 2350 476 2395 ὡς
507 2348 574 2391 καὶ
607 2348 767 2401 πολέμῳ
799 2348 873 2391 τινὶ
905 2349 969 2391 τὸν
1002 2348 1150 2402 Πάρθον
1183 2349 1394 2403 νενικηκὼς,
1426 2347 1552 2399 ἔλαβε
1583 2348 1663 2390 mg.

300 2425 374 2468 Sin
404 2429 650 2480 corruptum
681 2426 823 2467 locum
855 2429 1000 2467 censet
1031 2425 1199 2480 aliquis,
1228 2425 1379 2480 quidni
1413 2424 1620 2466 ambabus
1654 2438 1741 2467 ma-

242 2501 372 2543 nibus
403 2502 577 2556 arripiat
607 2501 864 2555 praeclaram
895 2499 1066 2542 Heinsii
1097 2501 1383 2542 coniecturam

420 2592 505 2635 Hic
535 2592 687 2634 referat
718 2591 854 2645 Seres,
885 2592 1129 2634 confessum
1163 2594 1204 2634 et
1233 2591 1403 2634 foedera
1432 2591 1651 2634 Parthum.

245 2694 320 2736 sed
351 2694 518 2736 etiamsi
558 2692 668 2734 illud
700 2691 1024 2734 confessum
1055 2691 1282 2733 foedere
1313 2690 1578 2733 Parthum
1613 2691 1743 2746 (quod

242 2769 374 2825 probe
403 2769 586 2823 intelligi
618 2769 780 2823 nequit)
815 2768 861 2809 in
891 2770 1015 2809 textu
1047 2770 1274 2821 remaneat,
1307 2767 1410 2809 haec
1426 2766 1594 2809 Horatii
1610 2766 1742 2809 verba

246 2843 338 2899 (HI,
370 2845 410 2899 8,
442 2844 535 2896 22):

1778 1889 1806 1939 ἑῆ-

1835 1887 1853 1927 >w
