2034 3334
1070 330 1126 370 34

341 456 423 500 sibi
469 456 628 499 laboris
671 457 873 499 conscius
920 459 1006 508 est3
1057 454 1132 498 sed
1179 467 1314 510 quum
1358 454 1629 510 cogitationis
1671 453 1856 496 alicuius

339 534 494 590 plenus
529 537 605 588 est,
637 533 747 575 hanc
780 532 915 575 solam
949 535 1084 587 curat,
1117 532 1194 574 hac
1227 531 1327 574 duci
1359 543 1406 574 se
1437 531 1610 588 patitur,
1643 529 1856 587 quidquid

340 609 394 652 ab
437 610 515 652 hac
561 609 750 652 alienum
784 612 851 651 est
881 622 906 651 a
938 621 984 651 se
1015 611 1216 651 removet.
1249 607 1319 650 Sic
1352 607 1427 650 ubi
1459 607 1575 664 quod
1607 607 1682 650 diu
1713 609 1858 650 mente

340 687 536 730 clausum
566 687 706 729 tenuit
737 686 909 729 tandem
940 685 1172 741 aliquando
1196 686 1363 741 promit,
1390 698 1477 727 non
1505 698 1614 741 opus
1640 688 1705 728 est
1732 697 1857 727 voca-

340 763 454 819 bula,
502 775 721 818 numeros,
754 775 907 806 versus
941 775 1168 818 quaerere:
1203 766 1354 818 sponte
1386 774 1436 805 ea
1467 763 1672 815 veniunt,
1706 764 1856 804 natum

339 841 425 883 iam
460 844 549 884 erat
582 853 753 883 carmen
787 841 1040 896 priusquam
1069 840 1239 882 chartae
1266 838 1568 882 mandaretur:
1595 839 1690 895 ipsa
1707 840 1860 895 poetae

339 916 505 960 indoles
554 916 684 960 simul
727 919 770 959 et
813 919 1117 972 argumentum
1150 916 1314 972 peperit
1348 919 1390 959 et
1422 914 1635 972 quidquid
1667 914 1720 958 ad
1748 913 1860 957 illud

339 993 636 1036 exornandum
670 994 912 1049 pertineret.
948 992 1228 1036 Versificator
1261 996 1566 1050 argumentum
1599 992 1860 1048 plerumque

341 1070 394 1113 ab
441 1070 544 1113 alio.
573 1074 809 1125 mutuatur,
852 1071 943 1126 ipse
976 1070 1012 1112 si
1046 1083 1159 1112 nova
1190 1070 1503 1113 sententiarum
1537 1068 1859 1124 verborumque

341 1147 533 1190 attulerit
579 1147 748 1190 lumina
793 1147 1003 1203 quaedam
1045 1147 1205 1203 gaudet
1237 1146 1409 1203 sibique
1441 1146 1675 1190 admodum
1708 1145 1858 1203 placet.

343 1222 506 1274 Quodsi
553 1237 699 1266 aurem
748 1224 921 1266 assidua
965 1223 1176 1266 bonorum
1209 1223 1507 1279 exemplorum
1540 1223 1722 1267 lectione
1754 1223 1859 1266 satis

342 1302 620 1344 exercitatam
677 1300 815 1356 habet,
876 1301 992 1343 haud
1038 1314 1134 1343 raro
1177 1300 1340 1356 ahquid
1383 1299 1531 1343 scribit
1578 1299 1695 1356 quod
1742 1299 1857 1343 lectu

342 1378 584 1434 audituque
630 1379 686 1420 sit
727 1378 1104 1420 iucundissimum.
1147 1377 1372 1421 Interdum
1415 1380 1558 1420 tamen
1600 1389 1669 1420 res
1712 1377 1858 1420 minus

342 1467 544 1510 prospere
578 1454 616 1496 ei
643 1454 764 1497 cedit.
797 1455 888 1497 Aut
916 1459 1064 1511 aptum
1093 1455 1296 1497 carminis
1322 1455 1548 1496 introitum
1576 1467 1665 1496 non
1693 1454 1861 1497 invenit

342 1535 418 1574 aut
461 1531 625 1587 aliquot
667 1531 891 1574 versiculis
925 1533 1030 1574 satis
1065 1535 1247 1574 venuste
1277 1532 1526 1587 compositis
1558 1531 1773 1587 quomodo
1806 1531 1862 1574 sit

345 1609 610 1666 pergendum
660 1611 820 1663 nescit,
864 1609 1025 1672 frustra
1068 1613 1215 1666 aptum
1249 1608 1302 1651 ab
1334 1609 1418 1651 alia
1452 1608 1505 1650 ad
1537 1608 1663 1651 aliam
1696 1611 1861 1665 partem

346 1687 574 1729 transitum
611 1688 790 1742 quaerit,
821 1700 908 1729 non
942 1687 1129 1742 denique
1161 1685 1303 1730 verbis
1330 1688 1551 1741 tamquam
1568 1685 1859 1728 instrumento

343 1763 492 1811 utitur,
540 1763 614 1806 sed
654 1764 746 1819 ipse
787 1763 872 1806 illis
907 1764 1050 1818 servit,
1083 1776 1168 1819 quo
1201 1763 1274 1805 illa
1304 1762 1482 1804 trahunt
1515 1763 1735 1818 sequitur3
1770 1774 1857 1804 non

344 1852 444 1895 ergo
477 1840 529 1882 ad
563 1840 750 1895 aliquem
779 1840 924 1895 finem,
953 1853 1084 1896 quem
1112 1841 1204 1897 ipse
1221 1839 1304 1883 sibi
1320 1842 1445 1882 antea
1462 1839 1744 1896 proposuerit,
1761 1852 1857 1895 per-

345 1917 492 1959 venire
533 1920 672 1972 potest
719 1917 793 1959 sed
840 1930 976 1973 vagus
1025 1920 1148 1960 errat.
1195 1915 1266 1959 Sic
1307 1917 1443 1958 invito
1475 1919 1601 1972 poeta
1632 1919 1675 1958 et
1707 1916 1856 1958 invitis

343 1992 482 2035 Musis
530 2006 683 2035 versus
726 1998 964 2036 nascuntur
1014 2007 1145 2037 sensu
1196 1994 1319 2035 vacui
1351 1993 1643 2049 languidique.
1677 1992 1855 2036 Sumam

344 2069 590 2124 exemplum
639 2069 691 2111 ab
733 2069 925 2124 Horatio,
957 2070 1031 2112 sed
1064 2071 1209 2112 nescio
1241 2083 1296 2111 an
1330 2069 1576 2125 exemplum
1613 2069 1728 2125 quod
1762 2082 1856 2113 meo

343 2146 559 2201 proposito
606 2146 675 2187 vel
717 2147 988 2201 aptissimum
1036 2148 1093 2189 sit
1137 2147 1221 2188 iam
1264 2146 1488 2202 attigerim.
1533 2146 1751 2189 Allocutio
1782 2146 1857 2189 illa

344 2222 397 2263 ad
426 2222 677 2276 Augustum
707 2223 743 2264 si
770 2222 1071 2265 huiuscemodi
1094 2222 1183 2265 fere
1211 2226 1344 2265 esset:
1377 2255 1397 2276 „
1412 2223 1623 2278 Auguste,
1642 2223 1680 2265 si
1694 2234 1856 2276 revera,

346 2298 461 2353 quod
509 2311 586 2353 ego
629 2300 837 2354 suspicor,
881 2299 986 2342 deus
1020 2312 1078 2353 es,
1108 2299 1274 2341 utinam
1307 2299 1381 2341 diu
1408 2300 1519 2341 inter
1549 2312 1629 2341 nos
1662 2299 1854 2353 moreris,

346 2374 510 2415 utinam
546 2386 600 2415 ne
633 2374 842 2416 scelerum
877 2379 1122 2417 nostrorum
1157 2375 1253 2417 odio
1287 2375 1435 2417 oeulos
1468 2388 1666 2417 amoveas
1684 2378 1852 2430 tequea

346 2449 469 2491 nobis
503 2450 710 2504 avertas'',
744 2464 893 2494 revera
920 2451 1147 2508 magnifica
1179 2455 1312 2494 esset:
1343 2451 1516 2494 haberet
1533 2451 1719 2506 enim,id
1737 2450 1854 2506 quod

344 2526 389 2566 in
432 2526 680 2567 huiusmodi
712 2527 817 2569 locis
851 2528 916 2569 ve]
951 2529 1130 2570 maximi
1163 2532 1227 2570 est
1258 2530 1476 2582 momenti,
1506 2527 1635 2570 finem
1667 2529 1854 2583 graviter

345 2606 567 2644 sonantem
618 2603 692 2657 qui
741 2616 866 2646 aures
898 2605 1104 2660 impleret.
1138 2603 1221 2647 Sed
1253 2604 1498 2647 abundabat
1529 2617 1617 2646 vox
1659 2603 1854 2658 tollat,

344 2690 454 2732 quae
502 2691 638 2732 quum
686 2679 804 2720 nulla
845 2681 1009 2723 ratione
1042 2681 1241 2736 strophae
1273 2681 1422 2736 plenae
1453 2681 1538 2722 iam
1573 2683 1614 2722 et
1646 2679 1854 2735 perfectae

344 2755 476 2796 inseri
523 2758 677 2809 posset,
726 2756 771 2796 in
818 2769 954 2798 novae
1003 2758 1201 2813 strophae
1248 2758 1371 2800 initio
1418 2761 1508 2800 erat
1550 2757 1770 2812 ponenda3
1804 2769 1854 2799 ea

347 2844 459 2887 ergo,
493 2844 754 2886 quamquam
789 2832 999 2875 exhausta
1031 2834 1119 2875 iam
1152 2837 1241 2876 erat
1272 2834 1480 2889 materies,
1511 2837 1735 2889 utcunque
1766 2837 1857 2876 erat
