2034 3334
939 366 992 408 57

212 493 464 550 aequalibus
510 493 643 536 fastos
687 493 932 536 consulares
974 492 1078 536 adeo
1121 493 1167 535 in
1207 495 1407 549 promptu
1447 492 1628 537 habebat
1658 496 1707 536 ut

211 571 354 613 statim
401 571 526 613 sciret
573 570 624 613 de
671 583 756 626 quo
803 569 973 613 Metello
1020 570 1091 611 hic
1132 572 1244 612 esset
1286 582 1435 612 sermo.
1467 569 1524 613 Et
1554 571 1591 613 si
1619 571 1705 613 iam

212 647 354 689 statim
410 647 568 689 scirent
624 659 784 701 omnes,
840 659 971 702 quam
1026 658 1179 701 parum
1226 646 1387 701 poetice
1435 646 1597 689 dictum
1643 650 1707 690 est

212 726 412 765 motum
460 735 526 766 ex
566 722 802 766 Metello
844 722 1091 765 consule.
1132 721 1252 765 Idem
1284 726 1348 765 est
1378 736 1428 765 ac
1458 723 1495 765 si
1527 723 1703 766 diceret:

211 812 323 842 anno
371 798 490 842 urbis
538 799 636 841 694.
686 798 728 841 N
730 812 777 842 ec
824 798 964 841 solum
1010 798 1248 854 pedestrem
1295 811 1535 842 sermonem
1580 799 1707 843 refert

212 879 413 932 caretque
445 889 494 918 ea
526 875 737 932 elegantia
769 889 899 932 quam
933 875 1075 931 quivis
1106 874 1269 931 flagitat
1299 888 1462 930 versus,
1489 876 1563 919 sed
1580 877 1706 919 etiam

211 953 404 1008 ineptum
436 956 510 995 est.
542 951 796 1008 Requiritur
827 951 990 1007 aliquid
1022 951 1232 995 eiusmodi
1260 952 1374 1007 quod
1402 953 1542 994 statim
1561 953 1708 996 lectori

212 1031 311 1072 ante
357 1029 504 1072 oculos
551 1031 681 1085 ponat
727 1028 828 1072 belli
870 1028 1007 1071 civilis
1049 1029 1234 1083 initium,
1265 1028 1427 1084 aliquid
1461 1029 1575 1084 quod
1607 1029 1708 1072 belli

216 1105 381 1148 dederit
408 1118 556 1148 ansam
582 1105 652 1148 vel
678 1106 865 1161 primum
893 1104 995 1148 belli
1011 1106 1183 1161 signum
1199 1104 1339 1160 fuerit,
1355 1105 1495 1148 velut:
1513 1105 1710 1148 Rubicon

212 1182 439 1235 traiectus,
481 1182 723 1238 principum
755 1182 947 1224 virorum
981 1180 1172 1224 Caesaris
1204 1184 1246 1224 et
1275 1181 1468 1238 Pompeii
1499 1182 1708 1238 alienatio,

212 1258 346 1300 nimia
377 1258 694 1300 alteriusutrius
726 1259 922 1313 potentia.
960 1256 1180 1313 Quidquid
1207 1270 1263 1300 ex
1288 1258 1368 1300 hoc
1393 1271 1549 1315 genere
1576 1259 1708 1302 dixis-

213 1338 277 1378 set
323 1337 446 1391 poeta
493 1335 646 1377 melius
697 1337 809 1378 esset
850 1348 978 1390 quam
1019 1334 1184 1391 puerile
1224 1335 1342 1378 istud
1383 1347 1449 1378 ex
1478 1334 1707 1378 Metello

213 1411 462 1454 consula

271 1488 438 1531 Vitia.
468 1488 655 1531 Versum
687 1488 830 1544 explet
859 1488 964 1531 haec
991 1501 1089 1543 vox,
1116 1501 1246 1531 sensu
1274 1492 1397 1532 caret.
1415 1488 1576 1532 Nullus
1594 1490 1708 1532 enim

213 1564 253 1607 ei
282 1564 403 1607 locus
436 1568 510 1616 est,
543 1564 620 1607 ubi
651 1564 702 1608 de
733 1564 843 1608 bello
876 1565 992 1607 civili
1023 1565 1173 1621 agitur.
1201 1565 1438 1621 Imperator
1454 1567 1530 1621 qui
1545 1565 1707 1608 bellum

212 1641 322 1696 gerit
354 1653 451 1683 cum
488 1640 679 1683 barbaris
711 1641 927 1684 interdum
959 1642 1114 1684 vitium
1146 1642 1320 1698 aliquod
1350 1643 1597 1685 committit:
1629 1644 1709 1685 im-

212 1717 444 1773 prudenter
474 1718 618 1760 hostes
647 1718 850 1773 adoritur,
880 1718 1032 1774 proelii
1063 1720 1276 1775 egregiam
1308 1720 1571 1762 occasionem
1590 1732 1709 1776 prae-

212 1794 422 1848 termittit,
463 1794 608 1837 hostes
639 1794 786 1850 pulsos
817 1795 901 1837 iam
935 1798 975 1837 et
1004 1795 1050 1837 in
1081 1795 1228 1852 fugam
1259 1808 1488 1839 conversos
1520 1809 1543 1839 e
1574 1798 1709 1839 mani·

213 1869 296 1912 bus
324 1869 434 1912 elabi
458 1870 635 1926 patitur,
653 1873 792 1914 cetera
807 1870 1126 1925 huiuscemodi;
1145 1883 1280 1927 eaque
1296 1872 1477 1927 scriptor
1491 1871 1709 1914 Romanus

215 1958 313 1988 cum
362 1946 505 1989 dolore
552 1946 738 2002 quodam
786 1950 1096 1990 commemorat.
1139 1946 1273 2004 Saepe
1316 1960 1488 2003 quoque
1530 1947 1710 1998 stultitia

213 2025 391 2078 peccant
436 2023 600 2066 hostes:
647 2022 864 2066 Hannibal
910 2037 1046 2079 quum
1092 2023 1243 2066 urbem
1285 2036 1434 2080 capere
1477 2027 1620 2080 posset
1661 2037 1709 2067 ea

213 2099 412 2142 facultate
454 2100 501 2141 in
538 2103 726 2156 tempore
756 2101 820 2143 uti
851 2101 1052 2156 neglexit,
1084 2101 1247 2143 otiosus
1279 2099 1495 2143 desidebat
1527 2099 1710 2157 Capuae,

213 2175 371 2218 milites
417 2188 518 2218 suos
564 2177 698 2219 nimio
746 2178 961 2233 corrumpi
1004 2177 1117 2220 luxu
1150 2176 1326 2220 sinebat.
1356 2176 1423 2220 Ne
1455 2190 1503 2219 ea
1536 2178 1709 2233 quidem

213 2251 370 2294 referre
401 2252 586 2308 negliget
616 2251 765 2295 Livius
798 2253 965 2309 aliquis.
997 2254 1056 2296 At
1082 2253 1242 2296 bellum
1275 2253 1400 2296 civile
1426 2256 1564 2296 totum
1590 2255 1710 2296 triste

214 2332 290 2384 est,
337 2329 592 2384 miserabile,
632 2330 916 2373 lacrimosum.
958 2330 1077 2373 Nihil
1114 2332 1160 2372 in
1203 2344 1252 2374 eo
1293 2331 1454 2373 laetum
1496 2333 1572 2385 est,
1603 2331 1710 2372 nihil

216 2405 332 2461 quod
373 2406 510 2461 magis
549 2418 679 2460 quam
710 2409 848 2449 cetera
879 2408 1020 2449 omnia
1052 2406 1264 2461 scribenti,
1296 2407 1464 2461 legenti,
1495 2408 1710 2462 reputanti

213 2485 384 2525 moveat
414 2481 611 2524 dolorem.
642 2480 708 2524 De
741 2481 932 2525 Caesaris
963 2486 1104 2526 autem
1137 2482 1365 2537 erroribus,
1396 2486 1444 2525 ut
1471 2483 1524 2525 ad
1549 2482 1710 2526 bellum

216 2558 340 2601 civile
385 2558 437 2601 de
484 2570 568 2613 quo
610 2558 679 2599 hic
722 2559 863 2614 agitur
893 2562 1119 2614 transeam,
1146 2560 1328 2601 otiosum
1364 2559 1421 2602 sit
1451 2559 1601 2614 dicere,
1635 2561 1711 2616 qui

217 2634 448 2676 adversarii
478 2634 620 2689 copias
651 2632 820 2689 fugarit,
847 2634 1103 2690 disperserit,
1130 2634 1376 2690 profligarit.
1403 2635 1464 2677 At
1489 2648 1567 2678 sua
1583 2636 1711 2692 culpa

217 2710 354 2753 effecit
399 2709 629 2765 Pompeius
671 2712 721 2751 ut
763 2708 917 2752 Caesar
946 2714 1032 2752 tam
1065 2711 1330 2766 splendidam
1359 2715 1591 2767 reportaret
1621 2713 1709 2754 vic-

216 2788 378 2829 toriam.
410 2786 634 2829 Faciamus
666 2799 842 2842 prorsus
872 2788 932 2829 ita
965 2799 1010 2830 se
1034 2800 1126 2830 rem
1151 2787 1326 2831 habere:
1356 2802 1410 2830 an
1427 2802 1527 2845 ergo
1544 2802 1708 2832 errores

217 2862 270 2905 ab
329 2875 377 2905 eo
423 2863 672 2905 commissos
724 2864 868 2906 vitia
912 2863 1122 2920 appellare
1166 2867 1304 2921 potest
1348 2865 1578 2909 historicus
1624 2865 1704 2909 sub
