2034 3334
1014 370 1098 413 176

262 499 524 560 transituros
549 498 679 548 ipsos,
708 497 776 537 vel
803 476 947 548 ipsum
973 498 1085 547 quod
1106 498 1271 538 factum
1289 498 1398 539 est.”
1415 497 1837 550 Westerhovluspro

263 574 310 614 si
345 575 474 615 scribi
512 574 641 614 iussit
677 574 811 624 nisi,
850 574 926 614 sed
952 574 1021 614 vel
1048 573 1112 614 sic
1138 575 1282 615 cetera
1307 584 1439 614 sensu
1471 585 1597 616 cassa
1621 574 1834 616 videntur.
1978 574 1989 627 [²

327 651 393 691 10.
442 650 549 701 Quid
595 650 678 690 sibi
723 650 819 690 vult
858 650 966 690 haec
1005 650 1272 690 observatio:
1319 660 1501 700 „parens
1542 650 1634 691 veri
1674 650 1837 706 amoris

256 734 422 766 nomen
453 727 522 766 est
553 728 597 766 et
628 726 797 775 aequali
827 725 921 765 loco
953 726 1146 766 continet
1176 725 1580 776 interpretationem
1591 727 1640 766 ?”

327 803 393 843 12.
431 802 502 851 „Si
534 801 698 842 deseris
729 802 837 842 nos''
870 801 979 841 Geta
1010 801 1073 841 ait
1107 802 1368 852 „perimus”
1402 799 1650 852 Respondet
1673 801 1835 853 Hegio:

1310 878 1424 918 Cave
1455 878 1632 919 dixeris,

441 955 588 1004 Neque
619 954 790 1004 faciam,
826 964 963 1004 neque
994 964 1066 994 me
1098 954 1207 994 satis
1237 954 1306 1004 pie
1338 964 1465 1004 posse
1496 954 1691 996 arbitror.

323 1032 388 1071 Ad
431 1041 608 1080 neque
640 1052 693 1059 —
728 1031 979 1071 arbitror
1016 1031 1270 1070 annotatur:
1309 1030 1519 1080 „honesta
1547 1030 1719 1082 locutio,
1752 1039 1839 1080 qua

263 1106 491 1158 significat,
519 1106 724 1156 quidquid
750 1103 900 1146 fecerit
926 1117 1002 1156 pro
1028 1106 1204 1156 pietatis
1231 1106 1373 1146 debito
1401 1106 1487 1146 illis
1508 1107 1666 1147 merito
1681 1115 1837 1157 parum

263 1184 403 1224 esse.”
461 1183 670 1233 Corrupta
714 1182 916 1222 videntur
962 1182 1133 1232 lenique
1179 1183 1481 1223 emendatione
1528 1182 1572 1222 in
1618 1182 1835 1233 integrum

263 1260 542 1300 restituenda.
576 1259 658 1299 Pro
689 1269 884 1309 parum
915 1259 1032 1300 enim
1063 1259 1279 1300 factum
1309 1259 1511 1299 rescribo.

327 1338 394 1376 17.
1035 1353 1039 1356 ²
1246 1335 1393 1385 Neque
1423 1335 1525 1376 boni

559 1412 707 1461 Neque
738 1411 928 1451 liberalis
958 1411 1134 1452 functus
1170 1413 1239 1452 est
1270 1411 1459 1452 officium
1490 1412 1586 1452 viri.

263 1490 301 1529 N
313 1500 336 1529 e
348 1500 374 1538 q
386 1500 414 1528 u
427 1500 449 1528 e
476 1489 502 1528 b
515 1499 539 1528 o
550 1489 620 1536 ni]
653 1489 802 1539 „quasi
826 1488 868 1528 id
885 1488 996 1537 quod
1014 1490 1093 1540 est,
1111 1487 1219 1529 velit
1235 1488 1347 1538 quod
1363 1498 1460 1528 esse
1477 1488 1645 1528 debet.”
1663 1487 1836 1539 Optime

263 1565 616 1605 Westerhovius:
649 1565 781 1613 quia
812 1565 860 1603 is
891 1565 1126 1614 prodest
1155 1565 1244 1604 vel
1275 1565 1547 1614 prodesse
1578 1563 1754 1604 debet.

325 1641 394 1681 25.
442 1641 647 1681 Aeschini
688 1642 914 1690 peccatum
956 1641 1020 1680 sic
1050 1641 1187 1690 Hegio
1220 1641 1424 1681 describit
1454 1640 1832 1690 reprehenditque:

267 1717 449 1766 „Simuli
481 1717 611 1756 amici
642 1717 780 1756 nostri
810 1715 948 1756 filiam
980 1716 1176 1756 vitiavit:

705 1794 777 1833 ubi
809 1793 893 1833 scit
923 1794 1101 1844 factum,
1136 1794 1189 1833 ad
1221 1795 1410 1834 matrem
1441 1794 1623 1844 virginis

457 1869 586 1909 Venit
617 1870 737 1920 ipsus
767 1870 880 1909 ultro
913 1870 1174 1920 lacrumans,
1209 1880 1350 1920 orans,
1386 1871 1629 1920 obsecrans,

457 1946 607 1986 Fidem
639 1946 759 1996 dans,
793 1946 941 1985 iurans
972 1956 1020 1985 se
1053 1946 1174 1986 illam
1205 1946 1436 1986 ducturum
1468 1946 1658 1986 domum.

457 2022 731 2072 Ignotum’st,
765 2022 1020 2072 tacitum’st,
1056 2022 1338 2072 creditum’st,
1371 2022 1492 2071 virgo
1525 2032 1579 2061 ex
1611 2032 1662 2062 eo

456 2098 715 2148 Compressu
747 2098 926 2147 gravida
955 2097 1151 2138 facta’st:
1184 2098 1351 2138 mensis
1381 2098 1452 2137 hic
1482 2097 1677 2138 decimus
1707 2099 1788 2138 est.

456 2174 534 2214 Ille
564 2174 703 2214 bonus
734 2174 801 2213 vir
831 2173 955 2213 nobis
986 2174 1225 2224 psaltriam,
1259 2174 1298 2213 si
1329 2174 1395 2213 dis
1426 2173 1565 2223 placet

456 2250 633 2290 Paravit
663 2250 838 2299 quicum
868 2250 1012 2298 vivat3
1047 2250 1167 2289 illam
1200 2250 1371 2290 deserit.

263 2327 538 2366 Annotantur
585 2328 629 2365 et
675 2326 761 2365 alia
807 2326 852 2365 et
896 2325 1025 2366 haec:
1074 2325 1166 2364 ubi
1213 2326 1326 2364 scit
1370 2326 1609 2372 factum]
1655 2325 1724 2375 „id
1765 2326 1834 2365 est

263 2402 465 2451 intelligit
506 2404 549 2442 et
589 2403 735 2452 sentit,
779 2402 879 2451 quia
920 2411 1051 2451 supra
1085 2401 1256 2441 futurae
1287 2401 1572 2450 peccaverit.''
1604 2400 1834 2450 Eleganter

262 2478 541 2528 Wielingius:
588 2479 656 2528 „id
698 2479 765 2518 est
807 2477 1009 2526 intelligit
1050 2478 1093 2516 et
1133 2477 1279 2527 sentit,
1314 2477 1414 2525 quid
1445 2487 1525 2516 sua
1555 2476 1833 2526 persuasione

262 2554 546 2603 peccaverit.”
923 2545 937 2557 ‘

323 2631 392 2669 35.
444 2630 717 2679 „Proferendi
764 2630 897 2669 Getae
943 2629 1050 2669 haec
1095 2629 1293 2668 maxima
1338 2639 1470 2668 causa
1516 2630 1583 2668 est
1623 2639 1659 2668 e.
1692 2612 1732 2677 q'.
1764 2628 1830 2668 s.”

264 2706 351 2744 Aut
378 2708 577 2755 corrupta
603 2706 709 2746 haec
730 2707 833 2745 sunt
849 2707 925 2745 aut
950 2705 1206 2754 proferre
1231 2705 1323 2743 vim
1340 2704 1470 2743 habet
1495 2703 1829 2743 extollendi.
1937 2732 1942 2740 .

323 2783 392 2821 61.
455 2782 673 2831 „Sollicita
728 2781 958 2830 obsequela
1013 2781 1232 2831 Hegionis,
1286 2780 1441 2820 ultima
1488 2780 1531 2818 in
1576 2779 1829 2828 loquendo.”

264 2857 404 2896 Immo
446 2858 652 2897 ultimi.
691 2858 832 2896 Anxie
865 2859 907 2896 et
939 2857 1121 2896 sollicite
1154 2858 1279 2895 cavet
1309 2855 1446 2904 Hegio
1478 2866 1532 2894 ne
1563 2854 1831 2903 arrogantior

265 2935 480 2973 videatur:
517 2946 616 2983 crgo
649 2945 820 2982 semper
850 2934 1039 2981 loquitur
1069 2933 1263 2972 ultimus.
