2034 3334
996 258 1082 304 116

483 380 548 424 Ex
579 380 819 425 Acheronte
848 394 927 425 suo
948 380 1098 437 furvis
1126 381 1341 439 peperisse
1372 381 1453 426 sub
1482 381 1626 425 antris.

238 452 309 496 Sic
358 451 630 504 „deteriores'
619 451 645 470 '’
693 452 851 496 habent
898 451 1087 506 codices,
1136 451 1210 496 sed
1251 451 1450 498 meliores
1490 452 1693 497 silvie—
1716 450 1835 498 ahia.

239 524 359 568 Utris
389 523 611 568 credamus
641 537 723 567 non
757 526 822 567 est
853 522 1025 568 difficile
1057 522 1189 568 dictu.

301 668 389 715 570
405 684 467 728 sq.
502 669 632 714 Laeta
663 669 765 714 deae
797 670 913 714 frons
945 673 1032 723 est,
1064 673 1116 715 ut
1146 670 1232 724 sol,
1266 672 1342 729 qui
1372 673 1513 716 tectus
1543 671 1714 729 aquods

495 741 694 786 Nubibus
724 746 823 786 ante
854 741 964 794 fuit,
997 743 1125 786 victis
1156 757 1180 786 e
1210 742 1398 787 nubibus
1428 743 1531 787 exit.

238 811 308 856 Sic
343 812 614 865 „meliores”,
646 813 751 857 dure
782 817 826 857 et
858 827 1009 859 vereor
1038 828 1092 858 ne
1121 813 1309 868 soloece3
1341 814 1472 859 codex
1503 824 1530 858 λ
1558 828 1635 872 pro
1661 829 1684 857 e
1705 813 1837 859 habet

238 884 319 936 ubi,
363 884 477 941 quod
517 888 747 928 venustam
788 885 911 929 nobis
951 888 1216 931 structuram
1255 885 1410 930 reddit.
1452 885 1651 930 Fortasse
1691 888 1838 930 tamen

238 959 427 1013 praestat
457 970 542 998 cum
573 955 731 1013 legere,
762 970 870 1013 quae
901 958 1146 1002 coniunctio
1179 956 1304 1002 facile
1333 958 1479 1015 potuit
1508 956 1715 1002 excidere.
1748 966 1751 970 ’

919 1242 1056 1286 Lmen
1087 1241 1158 1286 VI.

301 1389 360 1434 26
377 1404 438 1447 sq.
470 1389 615 1434 Pallas
645 1403 777 1433 anum
810 1388 1012 1433 simulat:
1046 1388 1237 1446 falsoque
1266 1389 1311 1432 in
1343 1392 1538 1446 tempora
1567 1401 1694 1433 canos

468 1460 602 1504 Addit
631 1466 675 1504 et
703 1460 895 1504 infirmos
928 1460 1080 1504 baculo
1111 1474 1278 1518 quoque
1308 1461 1492 1503 sustinet
1522 1463 1654 1504 artus.

246 1531 318 1576 Sic
359 1531 614 1585 Ehwaldus;
668 1531 741 1575 sed
782 1546 919 1588 neque
960 1532 1063 1589 quid
1102 1531 1214 1575 illud
1242 1531 1368 1589 falco
1411 1532 1505 1585 (ubi
1546 1544 1694 1575 omnes
1733 1530 1837 1575 dant

234 1602 394 1659 salros)
426 1603 507 1646 sibi
538 1602 645 1647 velit
677 1602 802 1646 video
832 1606 876 1646 et
906 1617 1058 1659 quoque
1088 1617 1171 1646 non
1203 1617 1280 1646 suo
1312 1604 1502 1660 positum
1531 1601 1625 1646 loco
1650 1601 1835 1647 videtur.

241 1672 455 1729 Equidem
500 1674 613 1716 inter
658 1687 722 1717 vs.
756 1672 814 1716 26
861 1677 905 1716 et
950 1677 1199 1729 sequentem
1244 1673 1439 1716 excidisse
1482 1687 1620 1716 unum
1660 1686 1838 1717 versum

241 1757 445 1800 suspicor.

305 1879 361 1923 45
380 1894 469 1937 sqq.
957 1879 1059 1924 Sola
1090 1883 1155 1924 est
1185 1895 1268 1924 non
1301 1882 1451 1924 territa
1482 1883 1622 1940 virgo.

427 1999 435 2004 ,
483 1950 567 1995 Sed
599 1955 743 1994 tamen
776 1950 935 1993 erubuit
965 1951 1221 2008 subitusque
1252 1953 1391 1996 invita
1422 1953 1591 1997 notavit

486 2021 569 2065 Ora
599 2023 730 2065 rubor.

241 2092 452 2136 Haeccine
482 2094 527 2135 in
559 2093 670 2136 bono
698 2097 823 2149 poeta
849 2091 1064 2136 feramus?
1098 2093 1238 2137 Merk.
1268 2095 1448 2138 coniecit
1474 2094 1634 2147 exibuit,
1659 2094 1839 2139 fortasse

242 2168 369 2216 recte,
417 2164 543 2208 modo
590 2166 647 2207 sit
693 2165 824 2208 huius
874 2165 996 2208 verbi
1041 2165 1284 2208 subiectum
1324 2166 1457 2209 rubor.
1511 2166 1626 2210 Nam
1666 2166 1704 2209 si
1743 2167 1838 2223 ipsa

244 2236 369 2293 virgo
401 2235 600 2288 exsiluit,
634 2237 783 2279 territa
813 2239 892 2280 est.

308 2380 365 2425 70
382 2396 443 2438 sq.
484 2380 687 2438 Cecropia
719 2381 862 2425 Pallas
893 2381 1117 2439 scopulum
1148 2383 1360 2427 Mavortis
1389 2385 1435 2427 in
1465 2397 1559 2428 arce

487 2454 651 2510 Pingit.

246 2522 593 2567 Commemorare
635 2524 704 2566 hic
737 2523 833 2567 volo
865 2523 1092 2568 lectionem
1123 2527 1311 2578 variam,
1344 2540 1429 2569 non
1460 2524 1573 2583 quod
1603 2525 1673 2568 hic
1704 2523 1839 2568 ullius

245 2595 301 2635 sit
349 2596 574 2645 momenti,
623 2594 696 2637 sed
743 2596 844 2650 quia
889 2597 1063 2653 egregie
1108 2595 1297 2639 illustrat
1344 2596 1706 2647 emendationem,
1754 2609 1840 2652 qua

245 2663 411 2706 nullam
439 2665 637 2720 equidem
655 2665 745 2708 vidi
763 2668 1129 2721 praestantiorem.
1157 2667 1285 2723 Apud
1301 2666 1551 2710 Lucretium
1566 2665 1622 2719 II,
1642 2664 1839 2723 1173sq.

245 2735 348 2777 haec
378 2736 580 2791 praebent
611 2736 795 2779 codices:

490 2805 575 2848 Nec
609 2809 725 2849 tenet
757 2808 901 2850 omnia
931 2806 1143 2863 paulatim
1174 2808 1387 2852 tabescere
1419 2812 1463 2851 et
1492 2809 1556 2851 ire

490 2877 556 2917 Ad
584 2877 799 2930 scopulum,
833 2879 971 2933 spatio
1003 2880 1156 2921 aetatis
1186 2878 1348 2922 defessa
1379 2881 1563 2922 vetusto.

247 2945 506 2989 Emendavit
546 2948 602 2987 ad
639 2948 822 3000 capulum
854 2951 924 3000 (=
955 2947 1008 2990 ad
1038 2948 1267 3000 feretrum,
1300 2948 1354 2992 ad
1382 2947 1647 3004 sepulcrum)
1677 2947 1839 2992 Havet-

247 3018 451 3072 campius.
482 3017 676 3068 Poterat,
706 3022 755 3059 ut
780 3019 942 3073 opinor,
970 3033 1057 3061 una
1083 3019 1184 3062 haec
1214 3018 1454 3062 emendatio
1471 3018 1838 3076 Havercampium
