2034 3334
1041 349 1097 391 26

317 478 375 535 II,
408 479 446 521 7.
731 476 954 520 Oblivioso
988 476 1101 520 levia
1131 475 1316 520 Massico

738 553 908 597 Ciboria
939 553 1077 610 exple.

378 680 528 724 Multis
575 680 825 723 nominibus
867 681 1018 722 vinum
1061 678 1228 722 laudari
1258 682 1419 736 potest:
1451 679 1659 736 gaudium
1693 678 1828 735 affert,

317 771 624 802 aerumnarum
657 757 930 812 oblivionem,
962 770 1160 800 somnum
1195 757 1323 800 etiam
1357 756 1394 800 si
1423 769 1474 799 eo
1506 769 1615 813 opus
1641 759 1716 799 est.
1743 755 1828 799 Sed

318 847 405 878 non
453 835 592 891 potuit
632 833 749 877 aliud
792 834 1008 890 epitheton
1051 834 1295 890 excogitare
1335 821 1544 876 Horatius
1577 832 1693 889 quod
1724 832 1828 875 huic

318 911 498 954 carmini
530 911 675 954 minus
708 914 853 966 aptum
887 913 999 953 esset
1027 923 1156 965 quam
1185 909 1293 952 illud
1319 908 1681 952 obliviosum.
1705 908 1828 952 Ami-

319 1001 419 1032 cum
465 989 581 1031 enim
622 992 719 1044 post
761 988 933 1044 longam
966 986 1205 1030 absentiam
1237 987 1282 1029 in
1316 987 1497 1042 patriam
1530 985 1733 1029 reducem
1765 985 1828 1028 sic

316 1064 405 1108 fere
435 1064 692 1120 alloquitur:
726 1063 890 1118 „Quam
924 1076 1049 1119 saepe
1083 1077 1168 1106 una
1199 1062 1391 1106 hilariter
1417 1063 1616 1105 convivia
1642 1060 1828 1105 celebra-

318 1143 476 1196 vimus,
508 1145 613 1198 quot
644 1146 686 1184 et
718 1145 879 1197 quanta
911 1139 1102 1196 pericula
1132 1139 1262 1182 simul
1292 1139 1502 1182 adiimus!
1531 1139 1626 1196 Age
1651 1137 1746 1182 Iovi
1773 1137 1828 1180 ob

320 1217 505 1261 reditum
550 1222 677 1260 tuum
723 1230 812 1260 rem
862 1217 1052 1259 divinam
1094 1216 1315 1269 faciamus,
1356 1216 1479 1259 laetis
1518 1216 1631 1258 inter
1673 1214 1829 1272 pocula

322 1294 595 1338 sermonibus
643 1294 755 1337 diem
797 1294 1096 1348 transigamus.
1140 1291 1253 1344 Quid
1287 1293 1401 1335 enim
1433 1291 1670 1337 iucundius
1703 1290 1829 1334 nobis

321 1384 415 1414 esse
446 1375 585 1427 potest
614 1385 743 1427 quam
772 1372 834 1413 sic
861 1371 1109 1413 memoriam
1137 1382 1343 1412 renovare
1369 1369 1608 1412 dulcissimi
1624 1368 1828 1425 temporis

321 1460 408 1503 quo
446 1460 614 1504 semper
646 1461 734 1490 una
765 1460 936 1489 eramus
949 1446 998 1488 ?’'
1031 1445 1158 1489 Absit
1189 1459 1289 1502 ergo
1323 1446 1537 1502 quidquid
1569 1445 1827 1488 obliviosum

320 1527 385 1568 est
414 1524 485 1567 vel
516 1523 747 1567 obliviosos
778 1523 928 1566 reddit.

381 1600 462 1657 III,
496 1602 535 1643 8.
566 1600 856 1643 Maecenatem
889 1601 1030 1642 virum
1060 1600 1292 1655 sapientem
1320 1604 1362 1642 et
1389 1598 1580 1642 sobrium
1609 1598 1663 1642 ad
1680 1598 1830 1655 epulas

321 1678 476 1720 invitat
506 1678 713 1720 modici
746 1678 835 1719 vini
867 1677 1069 1720 assiduus
1096 1677 1291 1719 laudator
1319 1675 1537 1719 Horatius.
1571 1674 1711 1727 Quam
1727 1688 1829 1732 ergo

322 1755 392 1797 sui
438 1754 508 1797 hic
553 1755 778 1798 immemor
823 1758 887 1797 est
935 1755 1010 1810 qui
1058 1754 1271 1797 eiusmodi
1314 1753 1523 1809 hospitem
1566 1756 1739 1796 moneat
1780 1757 1831 1796 ut

323 1834 549 1874 eentum
593 1831 770 1885 cyathos
812 1834 966 1873 sumat.
1000 1829 1137 1881 Quam
1171 1844 1325 1886 parum
1360 1829 1575 1872 urbanum
1607 1833 1672 1872 est
1702 1829 1748 1871 in
1779 1842 1830 1872 ea

323 1907 577 1950 invitatione
623 1907 822 1950 clamoris
868 1911 910 1950 et
950 1908 1038 1950 irae
1079 1908 1341 1950 mentionem
1385 1906 1536 1961 facere,
1567 1919 1704 1963 quum
1738 1906 1831 1963 ipse

326 1983 409 2026 alio
441 1982 534 2026 loco
570 1983 754 2026 dixeris:

681 2080 804 2152 Natis
830 2109 881 2178 lin
915 2082 1043 2172 ussum
1076 2108 1261 2151 laetitiae
1297 2107 1472 2164 scyphis

684 2183 885 2240 Pugnare
914 2183 1180 2228 Thracumst.

386 2318 469 2362 Sed
515 2332 601 2360 non
649 2320 752 2362 satis
795 2332 950 2362 causae
993 2323 1058 2363 est
1101 2332 1179 2362 cur
1220 2333 1319 2362 cum
1367 2319 1660 2375 Peerlkampio
1694 2321 1831 2371 totum

328 2408 501 2437 carmen
540 2394 718 2438 Horatio
761 2395 1066 2439 abiudicemus.
1110 2395 1437 2439 Eiusdemmodi
1468 2397 1583 2439 enim
1616 2394 1832 2452 negligen-

328 2471 411 2513 tiae
444 2474 486 2513 et
516 2471 631 2513 aliud
663 2471 777 2527 apud
810 2471 1037 2514 Horatium
1072 2476 1215 2515 exstat
1246 2473 1491 2528 exemplum
1519 2471 1598 2527 HI,
1625 2471 1693 2513 21.
1722 2469 1831 2513 Cum

330 2546 528 2589 Messalla
584 2546 767 2590 Corvino
825 2547 1077 2604 epulaturus
1124 2551 1248 2605 poeta
1297 2548 1503 2603 „testam”
1551 2548 1654 2601 vini,
1700 2559 1831 2602 quam

327 2622 588 2665 reconditam
620 2628 745 2666 antea
775 2623 829 2665 ad
859 2624 968 2666 hanc
996 2624 1261 2668 occasionem
1288 2627 1566 2681 protraxerat,
1583 2623 1837 2679 alloquitur,

329 2698 469 2755 lepide
500 2698 672 2754 quidem
706 2700 781 2742 sed
811 2701 871 2742 ita
903 2703 950 2742 ut
981 2701 1199 2744 interdum
1227 2714 1273 2744 se
1298 2702 1441 2758 ipsum
1467 2699 1640 2756 prodat:
1659 2703 1833 2755 apparet

330 2776 445 2817 enim
487 2776 678 2818 numeris
720 2777 856 2831 magis
888 2776 1063 2819 affixam
1095 2777 1251 2821 habere
1282 2781 1469 2820 mentem
1500 2778 1666 2832 poetam
1700 2789 1832 2831 quam

330 2850 531 2893 carminis
581 2855 844 2906 argumento.
887 2852 957 2893 An
1000 2852 1216 2896 nesciebat
1256 2852 1464 2896 Horatius
1506 2852 1657 2894 vinum
1691 2864 1715 2894 e
1746 2865 1832 2907 quo
