2034 3334
0 2958 26 3334 τ--ᾳηῆαεῑψῆπῆψεᾳε

953 413 1008 453 39

200 541 461 580 Scholiasta:
494 540 650 590 „aliam
678 549 855 579 causam
881 539 1150 578 subtiliorem
1177 538 1371 587 assignat
1397 538 1612 587 parasitus
1629 550 1760 587 quarn

198 617 368 656 dixerat
413 616 582 655 miles.'’
632 615 913 654 Rectissime:
961 614 1088 653 miles
1135 615 1251 653 enim
1297 625 1344 653 se
1390 614 1580 653 invisum
1622 615 1761 654 reddit

198 693 416 742 gloriando
472 703 519 731 se
566 692 728 731 divitiis
775 692 866 730 suis
911 691 1083 730 facilem
1129 691 1211 729 sibi
1257 691 1309 730 ad
1355 690 1563 730 Thaidem
1610 701 1759 740 parare

198 769 376 808 aditum.
410 768 533 807 Hanc
565 767 772 807 invidiam
805 767 955 806 callide
987 767 1039 805 ab
1071 777 1120 806 eo
1151 767 1347 806 removet
1378 766 1560 806 Gnatho.

256 845 463 884 Restante
510 844 643 883 etiam
690 843 849 882 Thaide
895 844 944 881 ut
990 842 1101 881 dona
1146 842 1380 881 Phaedriae
1427 843 1671 882 introducat
1716 845 1760 882 et

199 920 365 960 ancillis
397 919 488 958 suis
520 919 703 968 imperet
733 919 957 968 quaedam,
991 918 1154 957 Thraso
1187 920 1263 963 (vs.
1298 918 1422 964 494):

551 995 638 1044 Ego
670 995 770 1034 hinc
801 995 917 1044 abeo,
951 995 998 1034 tu
1030 995 1170 1034 istanc
1201 995 1404 1044 opperire.

198 1072 316 1112 Haec
372 1071 644 1111 Gnathonem
699 1071 826 1110 miles
872 1055 1001 1120 iube-t,
1050 1071 1275 1119 tamquam
1321 1071 1394 1118 qui
1439 1081 1592 1120 parurn
1640 1073 1760 1111 curet

198 1147 417 1196 Thaidem,
457 1148 682 1194 certusque
714 1147 772 1185 sit
803 1157 900 1185 eam
932 1146 1022 1184 suis
1054 1146 1176 1186 donis
1208 1147 1346 1185 teneri
1377 1147 1642 1186 obstrictam.
1678 1148 1759 1187 Sed

199 1233 303 1262 mox
359 1224 544 1262 exeunte
600 1222 759 1261 Thaide
818 1222 1046 1261 consilium
1102 1223 1244 1261 mutat
1295 1222 1652 1271 Gnathonemque
1697 1224 1760 1263 sic

198 1298 429 1346 alloquitur
460 1299 597 1344 (499):

695 1373 777 1413 Abi
809 1384 922 1423 prae,
957 1383 1059 1412 cura
1089 1374 1138 1412 ut
1168 1373 1257 1412 sint
1287 1374 1404 1413 domi

550 1432 718 1488 Parata.

256 1526 417 1566 Abiens
449 1526 580 1565 Thais
611 1527 719 1565 haec
750 1526 950 1574 Pythiadi
982 1526 1162 1565 ancillae
1193 1526 1372 1565 mandat
1404 1528 1501 1573 (501
1536 1529 1666 1575 sqq.):

315 1603 401 1641 Fac
432 1612 566 1651 cures,
600 1602 637 1640 si
670 1601 875 1641 Chremes
906 1601 987 1640 hoc
1017 1602 1126 1640 forte
1159 1602 1392 1652 advenerit,

315 1678 375 1716 Ut
402 1688 509 1727 ores,
543 1678 733 1726 primum
765 1678 813 1716 ut
845 1677 1013 1715 redeat:
1047 1677 1085 1715 si
1117 1677 1158 1716 id
1190 1688 1275 1716 non
1308 1679 1639 1728 commodumst,

316 1754 376 1792 Ut
407 1754 605 1792 maneat:
638 1753 677 1791 si
709 1753 750 1792 id
782 1763 867 1792 non
898 1747 1069 1802 poterit
1088 1753 1141 1792 ad
1173 1764 1244 1792 me
1276 1754 1487 1794 adducito.

198 1830 330 1869 Recte
356 1839 469 1868 nunc
495 1829 595 1868 hoc
620 1829 770 1867 forte
797 1828 954 1876 legitur
980 1839 1055 1877 pro
1082 1829 1186 1868 huc
1211 1829 1381 1879 forte,
1411 1831 1522 1878 quod
1550 1841 1575 1869 a
1601 1831 1760 1870 Thaide

188 1905 281 1943 dici
321 1915 407 1943 non
447 1906 600 1954 potest,
644 1905 847 1952 quoniam
890 1905 1005 1944 certo
1048 1904 1322 1944 Chremetem
1355 1908 1590 1956 exspectat,
1624 1917 1761 1954 neque

199 1990 383 2027 usquam
425 1979 525 2018 alibi
565 1990 695 2027 quam
732 1981 849 2019 domi
880 1990 996 2019 suae.
1029 1980 1106 2019 Est
1138 1982 1285 2019 autern
1317 1982 1417 2021 hoc
1447 1983 1467 2021 f
1475 1983 1618 2021 orte:
1655 1983 1761 2032 „hoc

201 2055 407 2103 temporis
439 2055 676 2104 intervallo,
711 2055 814 2094 dum
845 2066 923 2103 ego
954 2055 1063 2094 forte
1096 2056 1292 2095 absum.”

260 2129 450 2169 Tandem
482 2129 581 2175 (504
614 2132 715 2177 sq.):

714 2205 835 2252 quid!
869 2206 969 2253 quid
1001 2206 1116 2244 aliud
1147 2206 1263 2245 volui
1295 2207 1465 2246 dicere?

496 2281 655 2319 Ehem:
691 2282 836 2319 curate
868 2281 999 2319 istam
1032 2281 1256 2330 diligenter
1287 2282 1512 2330 virginem.

201 2357 263 2395 Ne
289 2356 385 2404 quis
411 2356 578 2404 ignoret
604 2356 703 2404 quid
730 2357 836 2394 haec
861 2356 942 2395 sibi
968 2356 1115 2406 velint,
1144 2357 1350 2397 lectorem
1376 2369 1530 2398 moneo
1557 2359 1761 2398 festinare

202 2431 432 2470 Thaidem:
466 2431 668 2480 intelligit
699 2432 814 2470 enim
846 2431 1032 2470 militem
1063 2432 1190 2471 irasci
1221 2443 1305 2472 non
1338 2443 1433 2472 esse
1465 2445 1487 2472 e
1518 2444 1563 2473 re
1595 2444 1686 2473 sua.

234 2507 378 2564 ¹„Haec
420 2507 491 2545 ubi
534 2507 658 2556 dicta,
703 2507 755 2546 ad
797 2507 982 2546 militem
1025 2509 1253 2547 coenatum
1295 2508 1453 2547 abeunt
1493 2509 1619 2548 miles
1656 2510 1758 2559 ipse,

201 2583 343 2632 Thais,
378 2582 558 2621 Gnatho.
