2034 3334
900 355 982 396 199

197 480 293 522 ratii
323 479 584 522 carminibus
617 479 765 534 differt,
796 482 909 522 certo
940 482 1082 522 tamen
1114 482 1364 535 argumento
1395 478 1558 521 fraudis
1585 491 1684 520 con-

197 555 392 598 vincitur.
424 555 583 598 Ultima
615 557 730 598 enim
762 556 855 599 eius
886 556 1058 611 stropha
1091 555 1195 598 haec
1227 559 1312 598 est:

489 679 555 721 En
588 693 672 735 quo
703 680 892 723 furentes
922 680 1210 723 Eumenidum
1237 680 1387 723 choros

488 755 665 798 Disiecit
695 756 806 798 almo
831 756 1010 799 fulmine
1040 755 1251 812 Iuppiter!

547 831 663 873 Huic
695 845 766 873 ara
797 831 945 874 stabit:
976 831 1088 874 fama
1120 835 1247 874 cantu

611 907 816 963 Perpetuo
849 907 1100 950 celebranda
1129 910 1298 973 crescet.

254 1050 449 1092 Audisne
491 1050 593 1105 quid
635 1051 746 1092 inter
777 1064 925 1093 verum
957 1049 1182 1093 Horatium
1214 1054 1255 1093 et
1286 1051 1530 1106 imperitum
1562 1050 1686 1092 falsa-

195 1127 308 1168 rium
353 1126 551 1168 intersit?
591 1126 758 1168 Tertius
795 1127 991 1182 strophae
1023 1127 1220 1169 Alcaicae
1251 1139 1401 1170 versus
1433 1127 1686 1182 plerumque

196 1203 306 1258 apud
338 1203 563 1244 Horat-ium
595 1215 618 1245 e
648 1202 785 1245 tribus
817 1207 982 1246 constat
1012 1203 1243 1258 vocabulis,
1276 1204 1350 1246 sed
1382 1217 1607 1259 nunquam
1625 1204 1686 1245 sic

195 1281 241 1320 in
272 1282 411 1334 partes
443 1279 640 1334 aequales
672 1282 735 1321 est
766 1279 931 1322 divisus
963 1283 1011 1322 ut
1040 1279 1110 1321 hic

548 1403 650 1445 huic
677 1402 683 1457 Ι
711 1417 783 1445 ara
810 1403 815 1458 Ι
844 1403 971 1446 stabit
998 1403 1003 1459 Ι
1029 1403 1142 1446 fama
1168 1404 1174 1459 Ι
1202 1406 1343 1459 cantu,

198 1551 416 1593 nunquam
451 1538 544 1580 eius
581 1538 653 1580 ille
685 1541 749 1581 est
780 1539 1007 1592 rhythmus
1039 1551 1168 1593 quem
1199 1538 1352 1580 musici
1384 1538 1533 1580 Italico
1567 1551 1686 1580 voca-

196 1613 297 1656 bulo
333 1613 570 1667 „staccato”
603 1614 826 1670 appellant.
860 1614 943 1657 Sed
973 1615 1075 1657 talia
1106 1615 1342 1657 audiuntur
1372 1618 1413 1657 et
1441 1615 1689 1657 sentiuntur

197 1690 350 1732 melius
382 1704 509 1745 quam
543 1690 898 1732 demonstrantur.

256 1765 458 1809 Dicebam
492 1767 616 1809 modo
646 1770 737 1809 tum
765 1767 936 1809 demum
963 1770 1126 1823 poe‘tam
1145 1766 1373 1809 Horatium
1389 1766 1524 1809 fuisse
1542 1767 1689 1822 negari

198 1856 322 1899 posse
363 1845 399 1886 si
441 1858 465 1886 a
495 1847 616 1900 poeta
646 1857 747 1900 prae
779 1844 929 1886 ceteris
965 1843 1156 1885 ardorem
1187 1843 1482 1898 fervoremque
1515 1855 1689 1898 exspec-

198 1923 308 1963 tares
348 1921 682 1976 postularesque.
724 1920 865 1962 Aliam
909 1923 1050 1962 tamen
1092 1919 1144 1961 ob
1179 1920 1376 1962 virtutem
1410 1919 1689 1975 dignissimus

198 2000 263 2038 est
309 1995 514 2038 Horatius
555 2009 681 2052 quem
723 1999 888 2051 poetam
934 2009 1157 2038 vocemus:
1202 1996 1369 2050 egregie
1401 1996 1512 2037 enim
1549 1994 1690 2037 obser-

198 2085 298 2114 vare
338 2076 501 2127 poterat
541 2077 582 2114 et
623 2072 818 2114 lubenter
857 2075 985 2126 atque
1017 2085 1116 2113 cum
1148 2071 1368 2126 voluptate
1400 2071 1583 2125 quadam
1617 2070 1689 2112 ob-

198 2146 404 2202 servabat,
446 2149 581 2204 quid?
619 2148 828 2190 Homines
860 2148 1119 2202 illorumque
1152 2148 1296 2200 vitam,
1329 2147 1481 2200 studia,
1514 2159 1688 2189 errores.

200 2223 343 2274 Quum
384 2226 498 2267 enim
539 2228 650 2267 esset
691 2225 756 2265 vir
784 2224 1009 2266 cultissimi
1039 2224 1212 2278 ingenii,
1243 2237 1345 2265 mox
1379 2223 1542 2265 nobiles
1576 2224 1690 2266 viros

199 2302 356 2342 amicos
402 2304 552 2342 nactus
594 2304 671 2355 est,
716 2301 790 2354 qui
820 2303 861 2342 et
891 2300 972 2354 ipsi
1004 2299 1147 2341 literas
1180 2299 1513 2354 disciplinasque
1547 2301 1690 2355 magni

199 2375 394 2417 facerent.
427 2376 578 2417 Annos
596 2375 924 2438 duodetriginta
955 2378 1083 2416 natus
1109 2375 1192 2416 iam
1222 2374 1455 2416 Maecenati
1471 2374 1690 2417 familiaris
1727 2360 1740 2378 ⁴¹

201 2454 311 2503 erat3
347 2452 539 2506 quinque
571 2434 694 2492 annis
724 2454 819 2505 post
845 2449 896 2491 ab
924 2450 1070 2492 eodem
1098 2450 1316 2505 praedium
1344 2449 1551 2492 Sabinum
1580 2451 1690 2492 dono

202 2529 373 2583 accepit,
404 2522 494 2569 “ubi
539 2540 716 2569 securus
764 2531 890 2582 atque
936 2528 1107 2582 quietus
1154 2526 1234 2569 sibi
1282 2527 1503 2582 literisque
1548 2528 1691 2569 vivere

202 2607 355 2659 posset.
402 2603 498 2645 Non
546 2616 645 2658 ergo
689 2603 762 2644 diu
804 2604 842 2644 ei
874 2603 1049 2645 adversa
1080 2603 1160 2644 fuit
1191 2602 1393 2657 Fortuna,
1424 2616 1510 2644 non
1542 2603 1691 2645 habuit

204 2680 319 2735 quod
349 2680 462 2721 vitae
494 2692 596 2721 suae
628 2679 828 2720 duritiam
855 2682 1073 2721 accusaret
1098 2678 1313 2721 Horatius.
1340 2678 1454 2721 Hinc
1481 2680 1526 2720 in
1542 2679 1690 2734 pleris-

205 2769 289 2811 que
330 2756 468 2797 satiris
500 2758 585 2796 tam
615 2755 724 2797 lenis
756 2758 840 2807 est3
875 2755 1126 2810 plerumque
1157 2756 1268 2797 enim
1301 2755 1479 2798 lectores
1512 2757 1573 2798 sic
1602 2756 1689 2798 fere

204 2831 456 2887 alloquitur:
508 2843 601 2884 „me
648 2831 797 2885 videte,
839 2843 906 2873 me
946 2831 1193 2884 imitamini3
1227 2831 1330 2886 quid
1362 2832 1526 2887 trepidi,
1558 2833 1689 2886 anxii,
