2034 3334
985 366 1068 408 188

332 490 503 547 Ergone
550 489 603 533 ab
644 490 823 534 Horatio
865 491 1157 547 Antiquitates
1188 486 1402 535 Romanas
1434 505 1543 550 quas
1574 505 1778 536 vocamus

272 567 421 610 didicit
454 566 669 611 Ovidius?
701 567 811 611 Nam
846 568 961 624 quod
994 567 1049 611 ad
1080 581 1242 625 equum
1269 570 1464 625 pertinet,
1490 583 1628 626 purus
1644 572 1778 626 putus

274 643 514 687 Ovidianus
545 644 617 687 ille
648 657 800 688 versus
833 648 909 688 est.
943 643 1002 687 cf.
1034 648 1258 688 nostrum:

450 753 517 797 Ne
548 754 672 797 cadat
704 758 745 798 et
777 755 937 798 multas
968 754 1132 811 palmas
1163 755 1408 799 inhonestet
1438 755 1619 813 adeptus

511 829 764 888 Languidus
796 833 843 874 in
875 833 1008 888 pratis
1038 832 1235 888 gramina
1267 833 1403 889 carpit
1432 845 1582 890 equus.

274 939 381 983 Cum
414 939 584 983 Metam.
615 940 714 996 VII,
748 942 858 984 542:

391 1050 506 1094 Acer
536 1063 675 1107 equus
709 1051 925 1108 quondam
959 1064 1227 1108 magnaeque
1257 1052 1303 1094 in
1335 1052 1513 1108 pulvere
1543 1051 1681 1095 famae

392 1127 634 1185 Degenerat
665 1129 842 1185 palmas.

274 1237 329 1280 Se
358 1238 503 1294 ipsum
534 1239 692 1281 imitari
724 1238 833 1282 solet
864 1237 1059 1294 Ovidius,
1092 1252 1178 1282 non
1210 1238 1328 1282 alios.
1361 1237 1427 1293 (cf.
1454 1240 1597 1281 tamen
1627 1235 1782 1280 Oic.de

275 1313 373 1357 Sen.
407 1314 432 1369 ξ
467 1315 549 1368 14).

334 1422 478 1467 Redeo
509 1437 627 1467 nunc
659 1424 712 1467 ad
744 1437 916 1467 carmen
948 1424 1116 1467 Horatii
1148 1424 1228 1479 III,
1262 1425 1329 1479 11,
1362 1423 1479 1481 quod
1511 1422 1666 1466 Ovidio
1681 1435 1780 1466 oum

274 1499 351 1555 IV,
398 1501 424 1542 3
472 1513 574 1556 prae
623 1501 774 1544 ceteris
821 1501 867 1543 in
915 1501 1078 1544 deliciis
1122 1501 1257 1544 fuisse
1302 1500 1474 1543 coniicit
1520 1499 1782 1556 Zingerleus.

277 1575 414 1627 Quam
447 1590 597 1632 parum
631 1577 863 1620 verisimile
893 1581 1005 1620 esset
1036 1577 1122 1620 dua
1151 1578 1402 1633 praesertim
1427 1576 1618 1619 carmina
1642 1574 1782 1619 Hora-

275 1655 391 1696 tiana
431 1653 688 1696 admiratum
720 1667 815 1698 esse
849 1653 1066 1708 Ovidium,
1099 1667 1283 1710 quorum
1317 1653 1499 1696 alterum
1533 1655 1646 1696 esset
1677 1652 1782 1696 satis

275 1729 501 1784 laudabile,
544 1730 726 1773 alterum
768 1731 965 1773 omnium
1006 1729 1094 1773 fere
1124 1730 1373 1786 pessimum,
1404 1742 1535 1785 supra
1566 1728 1781 1782 vidimu83

277 1809 319 1849 et
349 1806 615 1862 ineptissime
644 1806 752 1849 illud
783 1819 817 1849 c.
851 1806 930 1861 ΠΙ,
964 1807 1016 1848 11
1052 1819 1075 1849 e
1102 1807 1232 1849 variis
1260 1818 1354 1849 esse
1379 1809 1608 1848 consutum
1626 1804 1782 1862 pannis

277 1895 417 1938 nemo,
448 1885 498 1925 ut
524 1883 687 1939 opinor,
715 1886 853 1939 negat.
881 1881 946 1926 De
971 1882 1336 1939 Hypermnestrae
1353 1885 1495 1925 autem
1514 1881 1782 1936 allocutione,

280 1973 390 2016 quae
421 1960 557 2002 maior
587 1961 790 2002 carminis
821 1973 919 2016 pars
953 1963 1029 2014 est,
1061 1959 1164 2002 haec
1196 1959 1299 2002 dicit
1330 1958 1601 2015 Zingerleus:

463 2069 558 2124 „sie
605 2070 679 2112 hat
726 2070 838 2113 wohl
878 2069 1107 2113 zweifellos
1149 2069 1227 2112 auf
1255 2068 1364 2112 Ovid
1397 2068 1465 2111 bei
1497 2067 1783 2124 Behandlung

400 2147 474 2190 des
506 2147 747 2189 niimlichen
778 2146 929 2190 Stoffes
961 2148 1007 2189 in
1040 2146 1142 2189 Her.
1174 2146 1295 2201 XIV,
1330 2147 1350 2188 1
1381 2159 1474 2202 sqq.
1502 2142 1783 2202 eingewirkt’‘

280 2261 322 2299 et
355 2257 406 2300 de
438 2260 525 2299 toto
558 2257 768 2299 carmine:

459 2365 655 2409 Dieselbe
702 2365 793 2409 Ode
839 2367 1004 2410 scheint
1053 2366 1166 2408 daun
1208 2366 1320 2408 noch
1361 2379 1415 2407 an
1447 2365 1566 2407 einer
1595 2363 1782 2406 anderen

399 2442 635 2498 gleichfalls
681 2442 1051 2499 Mythologischen
1094 2443 1222 2486 Stelle
1266 2455 1440 2485 unserm
1484 2440 1594 2483 Ovid
1635 2452 1783 2497 vorge-

401 2519 590 2562 schwebt
621 2533 676 2562 zu
710 2519 862 2562 haben.

340 2629 417 2670 Est
464 2633 606 2671 autem
639 2630 744 2672 alter
778 2629 850 2672 ille
883 2629 1003 2672 locus
1036 2629 1251 2685 praeclara
1282 2629 1357 2670 illa
1388 2629 1440 2671 de
1468 2627 1636 2684 Orpheo
1667 2627 1784 2683 apud

281 2705 438 2747 inferos
472 2709 667 2748 cantante
699 2707 897 2748 narratio.
929 2705 1013 2748 Hic
1039 2706 1210 2748 tandem
1239 2705 1472 2761 Zingerleo,
1499 2704 1667 2760 egregio
1684 2703 1782 2746 doo-

282 2782 533 2836 tissimoque
560 2784 664 2836 viro,
691 2786 832 2838 aperte
860 2782 1035 2838 obloqui
1064 2782 1211 2825 audeo.
1229 2782 1350 2838 Nego
1367 2782 1493 2836 enim,
1509 2781 1783 2837 pertinaciter

285 2869 405 2912 nego,
437 2856 639 2899 Ovidium
673 2873 807 2914 quum
840 2858 1080 2900 immortale
1108 2858 1217 2900 illud
