2034 3334
978 436 1030 474 27

227 565 425 603 viderunt
467 565 510 602 et
555 563 681 612 „cur”
725 562 923 609 inquiunt
968 561 1054 609 „ita
1095 560 1162 598 est
1202 560 1251 598 ut
1292 560 1339 597 tu
1380 558 1440 596 sis
1483 567 1612 605 quam
1649 566 1783 604 equus

226 640 410 680 curatior
421 640 469 678 ‘?’'

285 716 366 755 Sed
394 715 493 763 quid
510 716 593 754 isto
622 715 813 762 itaque
841 723 969 762 ergo
997 713 1255 751 amantur
1271 711 1428 750 faciam
1446 710 1598 748 dubius
1615 709 1782 748 haereo.

227 792 316 842 Quo
344 792 459 830 enim
486 801 616 830 sensu
643 790 756 828 dicta
783 800 832 828 ea
850 790 952 828 sunt
969 789 1012 827 et
1028 788 1238 837 quomodo
1255 786 1599 836 pronuntianda?
1616 784 1785 823 Dixeris

227 878 327 907 cum
370 867 522 906 acerba
562 866 778 905 irrisione·
821 846 908 904 hoc
942 864 1058 903 enim
1098 863 1208 902 velle
1246 862 1504 902 Chaeream:
1541 861 1628 910 „ita
1658 859 1707 899 fit
1737 861 1786 899 ut

365 896 781 924 ......—..—..--.z

226 953 353 982 nemo
386 953 460 981 eas
493 952 638 981 amare
670 941 849 990 possit.’'
882 939 1005 980 Certe
1037 940 1142 978 haec
1174 939 1389 977 sententia
1416 938 1576 986 optime
1603 937 1647 974 in
1673 936 1786 974 hunc

163 1007 165 1009 ¹
226 1018 368 1057 locum
409 1018 600 1066 quadrat,
645 1017 719 1055 sed
762 1018 908 1054 eratne
949 1016 1125 1054 vocibus
1163 1015 1354 1062 itaque
1402 1023 1530 1061 ergo
1573 1012 1786 1060 iungenda

227 1104 326 1133 cum
357 1094 409 1132 iis
442 1103 548 1141 quae
579 1092 867 1141 praecedunt?

285 1169 444 1207 Deinde
470 1168 649 1217 virginis
675 1168 756 1206 sibi
784 1168 1035 1215 conspectae
1063 1165 1255 1214 singulas
1277 1166 1503 1203 enumerat
1519 1165 1783 1213 venustates,

227 1246 302 1285 sed
328 1246 439 1284 unde
467 1245 540 1283 illa
567 1245 625 1283 sit
652 1245 800 1283 cuiave
829 1246 956 1292 atque
973 1244 1044 1282 ubi
1061 1243 1226 1281 habitet
1243 1242 1410 1290 roganti
1427 1240 1685 1280 Parmenoni
1702 1250 1787 1278 non

227 1321 355 1374 habet
397 1321 506 1368 quod
547 1320 813 1368 respondeat.
857 1319 1047 1357 Tandem
1089 1318 1299 1357 Parmeno
1346 1327 1455 1366 „qua
1486 1317 1650 1355 ratione
1683 1316 1785 1354 ami-

226 1397 382 1436 sisti?”
415 1398 549 1446 rogat,
583 1397 711 1444 atque
743 1395 953 1434 Chaerea:

405 1473 451 1511 Id
483 1472 681 1520 equidem
713 1471 945 1510 adveniens
977 1480 1150 1509 mecum
1181 1469 1485 1508 stomachabar
1515 1468 1656 1507 modo.

229 1548 386 1588 Graece
428 1549 534 1587 haec
575 1548 718 1586 verte:
761 1551 880 1585 ταῦτα
922 1543 996 1597 γὰρ
1038 1543 1104 1584 καὶ
1145 1542 1399 1596 ἐχαλέπαινον
1442 1544 1558 1595 δεῦρο
1603 1541 1788 1594 βαδίζων,

227 1624 366 1672 ipsam
409 1622 621 1662 Chaereae
658 1632 810 1661 vocem
842 1622 1015 1671 plenam
1047 1620 1291 1660 iracundiae
1323 1619 1610 1667 tristitiaeque
1642 1618 1787 1657 audire

227 1699 304 1738 tibi
345 1698 568 1737 videberis.
602 1698 748 1746 Neque
779 1698 946 1747 poterat
980 1697 1121 1745 aptius
1155 1696 1226 1734 ille
1257 1696 1437 1734 verbum
1470 1695 1625 1743 eligere
1657 1704 1787 1742 quam

228 1775 307 1813 hoc
348 1774 744 1813 stomachandi
786 1774 874 1820 est;
918 1773 1158 1812 rectissime
1187 1771 1302 1810 enim
1345 1771 1448 1810 illud
1481 1771 1705 1810 adhibetur
1737 1770 1788 1808 de

229 1860 277 1888 eo
318 1850 389 1897 qui
429 1850 639 1907 1105011111Ζ
683 1850 758 1888 sed
799 1850 859 1888 nil
899 1849 1038 1887 facere
1080 1849 1235 1901 potest.
1280 1847 1531 1886 Conferatur
1573 1845 1787 1885 Ciceronis

230 1924 355 1962 illud:
393 1925 776 1973 „Stomachabatur
808 1924 977 1974 Canius²
1012 1925 1087 1963 sed
1119 1924 1218 1973 quid
1250 1924 1468 1962 faceret?’?

291 1999 426 2048 Quam
468 2000 625 2038 infelici
667 2011 770 2039 casu
800 2001 964 2039 factum
996 2000 1054 2038 sit
1084 2001 1134 2038 ut
1164 1999 1378 2048 virginem
1411 2010 1466 2037 ex
1497 1999 1631 2038 oculis
1665 1998 1786 2037 amit-

231 2076 352 2123 teret,
399 2075 663 2123 lepidissima
710 2076 790 2114 hac
830 2075 1029 2123 vitaeque
1070 2075 1196 2123 plena
1237 2075 1513 2113 altercatione
1555 2075 1699 2123 palam
1740 2073 1789 2112 fit

233 2153 309 2196 (vs.
345 2151 427 2189 327
462 2153 591 2198 sqq.):

322 2225 389 2265 Ch.
423 2226 564 2265 Patris
597 2227 826 2274 cognatum
859 2227 986 2273 atque
1019 2225 1241 2273 aequalem
1273 2225 1621 2264 Archidemidem

321 2302 549 2341 Novistin‘?
575 2301 650 2340 Pa.
679 2301 784 2350 Quid
802 2301 876 2339 ni?
897 2298 965 2340 Ch.
984 2301 1026 2339 Is
1044 2301 1146 2339 dum
1163 2301 1274 2339 hanc
1290 2311 1444 2348 sequor
1459 2299 1509 2338 fit
1524 2300 1586 2338 mi
1602 2300 1787 2339 obviam.

233 2378 348 2426 Quod
390 2377 573 2415 simulac
614 2377 778 2415 audivit
819 2376 1028 2414 Parmeno
1075 2376 1370 2424 „incommode
1411 2375 1581 2413 hercle’'
1615 2375 1687 2414 ait.
1720 2375 1808 2413 Nil.

231 2455 398 2502 poterat
434 2453 615 2491 facetius
648 2452 882 2500 excogitari
914 2461 1043 2499 quam
1076 2452 1155 2490 hoc
1186 2451 1468 2490 Parmenonis
1500 2451 1674 2499 dictum,
1708 2461 1789 2498 quo

233 2530 275 2567 et
311 2528 658 2567 Archidemidem
691 2528 814 2566 illum
845 2527 972 2576 probe
1005 2537 1051 2565 se
1083 2537 1210 2566 nosse
1242 2525 1456 2575 significat
1487 2527 1530 2564 et
1562 2527 1789 2574 expertum
1817 2546 1822 2551 -

232 2605 340 2644 scire
384 2604 483 2652 quid
524 2603 581 2642 sit
622 2603 684 2642 illi
725 2603 896 2642 obviam
939 2603 1096 2641 venire.
1138 2602 1330 2651 Vultum,
1370 2601 1523 2651 hercle,
1558 2601 1627 2640 hic
1659 2602 1790 2640 iocosi

233 2680 348 2718 servi
380 2679 679 2728 conspicimus.

293 2755 440 2804 Quivis
497 2754 606 2793 alius
663 2754 731 2792 hic
786 2754 939 2792 leniter
995 2754 1163 2792 rideret.
1213 2754 1408 2792 Graviter
1455 2764 1554 2792 vero
1603 2752 1791 2792 Chaerea

235 2833 311 2876 (vs.
346 2830 430 2868 329
463 2831 564 2877 sq.):

823 2905 963 2943 Immo
996 2905 1110 2943 enim
1143 2914 1243 2943 vero
1276 2905 1522 2944 infeliciter:
1565 2930 1569 2935 -

442 2980 554 3019 Nam
586 2980 857 3019 incommoda
889 2980 973 3019 alia
1004 2981 1106 3019 sunt
1137 2980 1324 3030 dicenda,
1359 2981 1581 3019 Parmeno.
