2034 3334
953 370 1039 411 236

205 495 360 534 nactus
402 496 470 534 est
511 505 609 535 eam
651 505 782 545 quam
824 496 1028 547 cupierat,
1072 496 1220 536 omnia
1250 507 1336 536 non
1362 497 1478 537 recte
1509 495 1652 537 solum
1683 478 1794 546 pro-⁶

207 570 364 610 cedunt
394 571 470 610 sed
502 571 812 612 iucundissime
844 572 977 612 etiam
1009 572 1372 622 lepidissimeque.

268 646 386 696 Quod
418 647 566 687 autem
599 647 842 688 Scholiasta
872 648 976 688 dicit
1006 648 1198 688 fabulam
1231 659 1256 688 a
1287 658 1372 698 qua
1397 647 1610 688 Charinus
1635 647 1776 698 Byrri-

206 733 315 772 aque
372 723 517 763 absint
572 723 855 776 τραγικώτερόν
913 739 947 762 τι
994 724 1164 774 habere,
1213 724 1373 764 rectius
1420 723 1555 764 etiam
1600 721 1776 777 ἀγροικό·

205 797 317 850 τερόν
347 813 382 837 τι
409 798 606 839 dixisset.
634 799 746 839 Nam
772 796 974 852 ἀγροικίας
1001 800 1108 839 vitio
1134 799 1357 840 laborabat
1382 800 1603 840 Menandri
1617 798 1776 851 fabula,

204 875 316 924 quod
348 874 575 915 Terentius
606 875 858 915 felicissimo
889 886 968 916 suo
1000 876 1177 916 invento
1209 876 1375 916 exemit
1400 875 1676 926 sustulitque.

264 951 426 991 Deinde
457 951 569 1001 quod
601 952 653 991 de
683 952 823 1001 primo
849 953 1024 991 nostrae
1050 951 1219 992 fabulae
1246 954 1347 992 actu
1373 962 1451 1002 ego
1477 951 1775 1004 observabam,

205 1027 320 1067 idem
352 1028 404 1067 de
431 1027 727 1068 enuntiatione
754 1038 905 1068 earum
931 1038 1174 1078 scenarum,
1203 1028 1273 1068 ubi
1302 1027 1514 1068 Charinus
1540 1027 1777 1078 Byrriaque

204 1105 449 1155 loquuntur,
483 1105 567 1144 dici
596 1106 762 1154 potest:
796 1105 870 1145 illa
901 1115 1068 1155 quoque
1099 1105 1239 1145 laxior
1265 1106 1333 1144 est
1359 1106 1404 1144 et
1427 1104 1596 1154 legibus
1620 1104 1776 1146 soluta.

206 1180 322 1230 Quae
363 1190 433 1236 res
475 1180 546 1220 hic
582 1191 749 1230 quoque
786 1181 916 1221 efficit
946 1183 996 1221 ut
1026 1181 1154 1221 rebus
1184 1181 1395 1230 factisque
1428 1181 1679 1222 Terentium
1709 1181 1776 1222 de-

204 1256 523 1306 prehendamus
554 1267 633 1297 suo
664 1257 806 1297 solum
838 1259 1034 1298 utentem
1066 1258 1251 1307 ingenio.

264 1333 490 1373 Postremo
522 1343 654 1382 quam
679 1334 818 1383 lepide
844 1334 944 1374 illae
971 1334 1060 1373 sint
1085 1344 1112 1373 a
1137 1333 1337 1374 Terentio
1364 1334 1608 1375 elaboratae
1623 1343 1779 1375 scenae

205 1410 378 1460 egregie
409 1410 534 1450 docet
566 1410 809 1450 Scholiasta
840 1410 909 1449 his
941 1410 1316 1451 annotationibus:

264 1486 319 1536 H,
367 1486 403 1536 1,
452 1486 518 1525 18.
553 1485 858 1526 Charinum
890 1487 1069 1534 video]
1106 1487 1186 1537 „ad
1218 1487 1299 1527 hoc
1329 1487 1444 1537 prior
1474 1486 1625 1537 incipit
1654 1486 1778 1526 Pam·

203 1562 361 1613 philus,
405 1563 454 1602 ut
491 1562 545 1602 ad
577 1562 894 1602 confessionem
926 1562 1101 1603 Charini
1131 1563 1278 1602 minus
1310 1563 1458 1602 clausa
1486 1572 1589 1612 prae
1618 1562 1780 1613 pudore

205 1639 265 1678 sit
295 1638 410 1678 via.”

265 1714 319 1764 ΙΙ,
357 1715 393 1764 1,
429 1714 498 1754 25.
997 1714 1073 1754 Pa.
1106 1714 1302 1754 Ehodum
1334 1714 1403 1754 dic
1432 1714 1554 1764 mihi,

383 1790 498 1830 Num
529 1790 629 1839 quid
662 1800 765 1830 nam
798 1791 985 1840 amplius
1015 1790 1094 1830 tibi
1127 1800 1227 1830 cum
1257 1790 1332 1830 illa
1356 1790 1438 1830 fuit
1464 1789 1680 1847 Charine?
1708 1787 1778 1831 012.
1854 1831 1857 1834 .

1351 1866 1447 1917 [Ah‚
1479 1865 1719 1916 Pamphile.

209 1941 480 1993 „Artificiose
505 1952 737 1992 personam
764 1942 981 1992 expressit
1006 1941 1233 1982 Terentius
1254 1942 1428 1992 nuptias
1444 1942 1720 1982 recusantem
1735 1942 1782 1982 et

205 2019 337 2058 simul
368 2017 411 2057 τὸ
441 2016 594 2071 πρέπον
624 2018 782 2068 virgini
813 2018 1049 2058 servavit.”

265 2095 320 2144 ΙΙ,
359 2096 395 2144 1,
431 2095 500 2134 27.
533 2094 720 2144 Roganti
753 2094 937 2135 Charino
973 2094 1175 2144 „obsecro
1207 2104 1261 2133 ne
1288 2094 1420 2134 ducas
1445 2093 1779 2134 Philumenam”

207 2171 437 2219 respondet
488 2170 764 2219 Pamphilus:
816 2170 950 2220 „dabo
997 2171 1196 2220 equidem
1243 2171 1463 2220 operam.”
1509 2170 1778 2210 Annotatur:

210 2256 336 2296 „cum
382 2246 732 2295 pronuntiatione
778 2246 1008 2295 legendum
1055 2247 1135 2285 est.
1183 2245 1286 2285 Plus
1332 2246 1450 2285 enim
1490 2245 1603 2285 dixit
1641 2244 1779 2286 dabo

206 2332 431 2372 operam
463 2332 594 2370 quam
626 2322 664 2362 si
696 2322 857 2362 diceret
887 2332 993 2362 non
1034 2322 1272 2361 ducam.”

267 2399 319 2450 II,
359 2400 395 2449 1,
432 2399 500 2438 29.
534 2399 676 2438 Audi
708 2409 851 2438 nunc
883 2399 1004 2438 iam.
1037 2398 1252 2447 Pamphili
1283 2399 1390 2438 haec
1421 2398 1553 2438 verba
1582 2398 1697 2448 sunt,
1725 2396 1780 2437 ad

207 2486 317 2525 quae
375 2477 629 2514 annotatur:
692 2475 929 2525 „correptio
986 2474 1267 2524 impatientis,
1315 2475 1387 2523 qui
1432 2484 1518 2514 non
1564 2473 1781 2514 sustineat

207 2551 396 2590 audire.'’
420 2546 446 2597 ¹)

267 2627 320 2677 II,
359 2628 394 2677 1,
429 2627 498 2666 32.
1284 2670 1289 2673 ,

326 2703 400 2743 Ρα.
435 2703 617 2752 Nuptias
650 2702 838 2752 effugere
870 2713 948 2752 ego
979 2703 1088 2742 istas
1119 2701 1236 2741 malo
1267 2711 1399 2750 quam
1429 2703 1478 2741 tu
1509 2700 1748 2751 adipiscier.

208 2779 303 2819 Sch.
342 2779 623 2828 „interposita
654 2779 930 2818 distinctione
961 2778 1158 2818 voltuose
1188 2777 1270 2816 hoc
1300 2777 1446 2816 dicit.”

245 2900 266 2932 1)
297 2898 406 2927 Verba
436 2898 475 2926 de
505 2897 672 2934 exsilio,
700 2904 785 2932 quae
808 2897 983 2934 adduntur,
1001 2904 1019 2926 e
1037 2895 1246 2932 praecedenti
1264 2894 1391 2924 scholio
1409 2893 1619 2930 ineptissime
1636 2892 1780 2929 repetita
1840 2921 1845 2927 x
1895 2923 1898 2924 ⁷
1976 2907 1977 2910 =

207 2951 371 2980 videntur.
