2034 3334
934 347 1016 387 129

189 474 331 523 potest
367 473 484 513 iusta
514 473 798 513 adolescentis
830 473 1012 513 honesto
1042 473 1134 512 loco
1166 474 1258 513 nati
1288 483 1410 523 uxor,
1444 474 1492 512 si
1524 473 1606 512 sic
1637 483 1755 512 eam

191 550 420 589 constat
474 551 604 589 ante
655 550 887 598 nuptias
929 549 1269 599 impudicam
1315 550 1539 589 ductam
1587 549 1755 589 esse.”

192 625 301 674 Sic,
345 626 395 664 ut
435 635 563 674 saepe
605 625 815 664 Graecum
853 624 990 675 οὕτως,
1021 626 1091 665 hic
1121 625 1358 675 significat:
1392 625 1455 665 sic
1486 625 1752 675 simpliciter,

190 701 309 740 nulla
348 711 394 740 re
436 702 676 751 accedente,
711 702 755 740 in
787 711 870 750 qua
901 702 1072 750 aliquod
1106 702 1210 741 insit
1240 702 1442 741 lenimen.
1477 702 1559 742 Sed
1591 702 1754 751 impu-

191 777 371 816 dicam
403 778 627 816 ductam
658 779 706 816 ut
738 787 894 816 sanum
926 778 984 816 sit
1014 787 1175 817 vereor.
1211 777 1334 817 Certe
1366 778 1417 816 de
1444 776 1756 826 significatione

191 852 359 892 dubito:
403 854 479 892 aut
520 854 636 892 enim
679 854 767 892 est:
814 853 1080 903 „meretricis
1122 854 1313 902 vulgaris
1354 853 1556 893 habuisse
1598 863 1757 893 nomen

190 929 481 978 famamque‚”
524 930 600 968 aut
644 929 723 978 „ad
754 931 983 977 quaestum
1015 929 1310 968 meretricium
1342 930 1612 969 educatam.'’
1645 930 1757 968 Nam

190 1005 271 1045 hoc
312 1016 478 1054 quoque
519 1006 563 1044 in
604 1006 718 1044 hunc
749 1006 892 1044 locum
924 1006 1116 1055 quadrat,
1151 1006 1562 1054 commendaturque
1593 1006 1674 1044 hac
1705 1006 1758 1044 ad

190 1091 255 1121 vs.
289 1082 344 1121 48
377 1082 677 1121 annotatione:
711 1082 858 1120 Lana
889 1091 949 1120 ac
979 1081 1096 1120 tela
1126 1082 1356 1128 victum]
1394 1080 1675 1130 „Artificiose,
1709 1082 1758 1120 ut

190 1157 388 1196 videatur
423 1157 573 1206 pudice
605 1157 716 1206 apud
749 1167 845 1196 eam
877 1157 1022 1196 futura
1053 1157 1383 1196 materfamilias
1416 1157 1586 1196 educari
1617 1166 1756 1206 posse,

191 1242 323 1280 quam
353 1233 628 1272 meretricem
659 1234 898 1272 necessitas
928 1233 1071 1272 fecit.”
1105 1233 1216 1272 Tum
1249 1234 1396 1272 autem
1427 1243 1503 1282 pro
1535 1226 1758 1271 ductam

191 1308 423 1356 requiritur
464 1309 736 1348 eductam.
774 1308 885 1348 Utut
915 1310 993 1358 est,
1028 1309 1206 1348 obscure
1237 1309 1307 1348 hic
1337 1309 1600 1357 barbareque
1633 1308 1758 1347 Scho-

191 1383 321 1423 liasta
360 1384 560 1432 loquitur.
605 1384 703 1423 Mox
747 1384 813 1430 (ad
846 1385 1030 1423 eundem
1061 1394 1125 1423 vs.
1159 1385 1254 1430 44):
1292 1385 1367 1434 „In
1400 1385 1642 1423 conditione
1673 1385 1758 1423 tur-

191 1459 362 1508 pissimi
402 1460 590 1498 nominis
631 1460 820 1498 multum
862 1460 1050 1499 sumitur
1091 1460 1314 1499 excusatio
1354 1460 1634 1499 voluntatis.”
1678 1459 1760 1498 Hic

193 1537 268 1574 aut
303 1546 389 1575 una
421 1546 509 1574 vox
539 1536 786 1574 sumitur
818 1537 893 1575 aut
919 1536 1028 1575 duae
1054 1536 1294 1575 multum
1320 1537 1567 1575 sumitur
1594 1544 1760 1584 corrup-

195 1612 267 1650 tae
298 1612 422 1660 sunt;
455 1612 531 1650 sed
563 1612 776 1660 quomodo
808 1611 1036 1651 emendem
1068 1622 1153 1651 non
1185 1612 1333 1651 habeo.

253 1687 322 1726 47.
360 1687 462 1736 „Est
493 1688 609 1727 enim
641 1687 862 1726 duriter
893 1688 986 1726 sine
1013 1698 1145 1726 sensu
1171 1687 1373 1726 laboris.’'
1401 1688 1533 1727 Balbo
1560 1697 1760 1726 sermone

193 1762 272 1802 hoc
310 1763 486 1802 dicitur:
524 1763 779 1813 „Duriter
811 1765 911 1808 (non
942 1763 1087 1808 dure)
1120 1763 1258 1802 vitam
1291 1774 1416 1812 agere
1449 1764 1542 1803 eius
1574 1765 1653 1812 est,
1688 1763 1760 1812 qui

193 1838 351 1877 laboris
382 1838 634 1887 inopiaeque
666 1839 940 1877 incommoda
970 1849 1024 1877 ne
1055 1839 1216 1877 sentire
1248 1839 1421 1887 quidem
1451 1839 1691 1878 videatur.’'

254 1914 323 1953 54.
355 1914 592 1962 Postquam
624 1914 870 1953 observavit
899 1914 1209 1963 perducere
1241 1925 1390 1953 eorum
1418 1925 1525 1964 esse,
1555 1915 1627 1962 qui
1655 1914 1762 1953 alios

195 1989 354 2028 invitos
386 1999 534 2028 secum
566 1989 753 2039 trahant,
787 1989 893 2028 haec
925 1989 1042 2028 addit
1070 1989 1333 2028 Scholiasta:
1367 1990 1485 2039 „Hoc
1512 1990 1645 2029 etiam
1672 2000 1760 2028 ver-

194 2065 298 2104 bum
339 2064 501 2103 iudices
542 2064 818 2113 pronuntiare
860 2064 1043 2103 solent.”
1088 2064 1194 2114 Quid
1231 2065 1313 2103 sibi
1343 2065 1450 2104 haec
1481 2065 1663 2104 volunt?
1695 2065 1763 2103 An

194 2140 326 2180 forte:
378 2140 581 2189 „ideoque
627 2139 822 2188 legitima
867 2139 973 2178 haec
1003 2149 1091 2178 vox
1133 2141 1210 2189 est,
1255 2150 1339 2188 qua
1380 2140 1541 2179 iudices
1583 2141 1764 2179 utuntur

197 2226 295 2255 cum
327 2216 607 2265 pronuntiant
632 2225 755 2253 reum
782 2225 867 2253 non
895 2215 1047 2263 sponte
1074 2215 1149 2253 sed
1176 2215 1363 2254 invitum
1389 2215 1555 2265 fecisse,
1585 2216 1766 2264 ideoque

197 2302 292 2331 esse
334 2291 687 2331 absolvendum.''
724 2291 843 2329 Haec
874 2291 911 2328 si
944 2292 1011 2329 est
1041 2291 1354 2330 observationis
1387 2291 1615 2341 sententia,
1649 2292 1763 2330 haud

197 2367 322 2406 dubie
354 2368 502 2406 auctor
533 2367 625 2406 eius
657 2367 700 2405 et
732 2366 839 2405 alios
870 2366 986 2405 locos
1019 2367 1063 2405 et
1093 2366 1207 2405 hunc
1239 2366 1454 2406 Ciceronis
1486 2368 1586 2406 aute
1617 2367 1763 2406 oculos

198 2443 348 2482 habuit
391 2443 522 2488 (Verr.
565 2442 602 2480 V
644 2444 667 2489 ἓ
709 2443 803 2487 33);
850 2441 1168 2490 „Renovabitur
1198 2442 1338 2491 prima
1370 2442 1444 2482 illa
1474 2443 1632 2482 militia
1663 2453 1762 2482 cum

198 2519 282 2558 iste
313 2529 336 2557 e
366 2518 457 2557 foro
489 2517 652 2567 abduci,
686 2527 782 2566 non,
816 2518 866 2555 ut
896 2517 987 2565 ipse
1018 2516 1248 2566 praedicat,
1281 2518 1465 2566 perduci·
1484 2518 1692 2557 solebat.’'

259 2576 328 2633 55.
371 2593 600 2642 Egomet
642 2592 912 2631 continuo
954 2594 1180 2638 mecum]
1225 2593 1365 2642 „Bene
1396 2603 1582 2643 mecum,
1615 2595 1664 2632 ut
1695 2603 1762 2642 ap-

199 2670 348 2718 pareat
373 2668 480 2707 nihil
506 2670 669 2707 temere
697 2668 994 2717 constitutum,
1022 2668 1091 2706 vel
1118 2668 1334 2716 prolatum
1361 2668 1498 2717 foras3
1522 2669 1603 2708 hoc
1619 2669 1762 2718 ipsum

200 2745 308 2784 Satis
341 2744 585 2792 quaesitum
618 2753 725 2792 esse,
755 2743 865 2791 quod
892 2743 1046 2781 statuit
1073 2743 1124 2781 de
1149 2743 1272 2782 falsis
1298 2743 1472 2793 nuptiis,
1502 2745 1546 2783 et
1571 2744 1764 2792 infensus

201 2821 318 2859 esset
357 2818 487 2858 filio.’'
519 2819 601 2857 Pro
634 2820 687 2857 et
719 2818 981 2857 infensus
1013 2818 1243 2867 legendum
1274 2820 1334 2857 ut
1364 2819 1639 2858 infensus.
1673 2819 1765 2859 Hoc

204 2895 319 2933 enim
360 2905 495 2934 senex
536 2895 704 2942 spectat
745 2895 788 2932 et
829 2894 909 2932 hoc
946 2895 1011 2932 est
1052 2894 1262 2933 falsarum
1303 2894 1475 2933 illarum
1517 2895 1764 2943 nuptiarum

1607 2966 1625 2994 9
