<?xml version="1.0" encoding="UTF-8"?>
<!DOCTYPE html PUBLIC "-//W3C//DTD XHTML 1.0 Transitional//EN"
    "http://www.w3.org/TR/xhtml1/DTD/xhtml1-transitional.dtd">
<html xmlns="http://www.w3.org/1999/xhtml" xml:lang="en" lang="en">
 <head>
  <title>
</title>
<meta http-equiv="Content-Type" content="text/html;charset=utf-8" />
  <meta name='ocr-system' content='tesseract 3.04.00' />
  <meta name='ocr-capabilities' content='ocr_page ocr_carea ocr_par ocr_line ocrx_word'/>
</head>
<body>
  <div class='ocr_page' id='page_1' title='image "./dehoratiopota00hartuoft_0239.png"; bbox 0 0 2034 3334; ppageno 0'>
   <div class='ocr_carea' id='block_1_1' title="bbox 978 211 1035 255">
    <p class='ocr_par' dir='ltr' id='par_1_1' title="bbox 978 211 1035 255">
     <span class='ocr_line' id='line_1_1' title="bbox 978 211 1035 255; baseline -0.035 0"><span class='ocrx_word' id='word_1_1' title='bbox 978 211 1035 255; x_wconf 79' lang='lat'>23</span> 
     </span>
    </p>
   </div>
   <div class='ocr_carea' id='block_1_2' title="bbox 211 336 1806 1806">
    <p class='ocr_par' dir='ltr' id='par_1_2' title="bbox 394 336 1491 392">
     <span class='ocr_line' id='line_1_2' title="bbox 394 336 1491 392; baseline -0.002 -14"><span class='ocrx_word' id='word_1_2' title='bbox 394 336 509 378; x_wconf 86' lang='lat' dir='ltr'>Rura</span> <span class='ocrx_word' id='word_1_3' title='bbox 540 339 706 392; x_wconf 89' lang='lat' dir='ltr'>petunt.</span> <span class='ocrx_word' id='word_1_4' title='bbox 739 336 893 392; x_wconf 80' lang='lat' dir='ltr'>Epiros</span> <span class='ocrx_word' id='word_1_5' title='bbox 926 336 977 378; x_wconf 88' lang='lat' dir='ltr'>ab</span> <span class='ocrx_word' id='word_1_6' title='bbox 1008 336 1076 378; x_wconf 88' lang='lat' dir='ltr'>his</span> <span class='ocrx_word' id='word_1_7' title='bbox 1108 339 1368 392; x_wconf 78' lang='lat' dir='ltr'>regnataque</span> <span class='ocrx_word' id='word_1_8' title='bbox 1401 336 1491 376; x_wconf 90' lang='lat' dir='ltr'>vati</span> 
     </span>
    </p>

    <p class='ocr_par' dir='ltr' id='par_1_3' title="bbox 211 405 1804 1156">
     <span class='ocr_line' id='line_1_3' title="bbox 392 405 1538 464; baseline -0.002 -15"><span class='ocrx_word' id='word_1_9' title='bbox 392 406 624 450; x_wconf 78' lang='lat' dir='ltr'><strong>Buthrotos</strong></span> <span class='ocrx_word' id='word_1_10' title='bbox 657 407 851 464; x_wconf 88' lang='lat' dir='ltr'>Phrygio</span> <span class='ocrx_word' id='word_1_11' title='bbox 883 405 1169 462; x_wconf 88' lang='lat' dir='ltr'>simulataque</span> <span class='ocrx_word' id='word_1_12' title='bbox 1200 405 1326 448; x_wconf 80' lang='lat' dir='ltr'>Troia</span> <span class='ocrx_word' id='word_1_13' title='bbox 1357 410 1538 448; x_wconf 89' lang='lat' dir='ltr'>tenetur.</span> 
     </span>
     <span class='ocr_line' id='line_1_4' title="bbox 212 475 1804 533; baseline -0.003 -13"><span class='ocrx_word' id='word_1_14' title='bbox 212 478 359 532; x_wconf 67' lang='lat' dir='ltr'>Epiros</span> <span class='ocrx_word' id='word_1_15' title='bbox 400 478 448 519; x_wconf 86' lang='lat' dir='ltr'>ab</span> <span class='ocrx_word' id='word_1_16' title='bbox 490 478 554 519; x_wconf 72' lang='lat' dir='ltr'>his</span> <span class='ocrx_word' id='word_1_17' title='bbox 595 482 771 520; x_wconf 70' lang='lat' dir='ltr'>tenetur:</span> <span class='ocrx_word' id='word_1_18' title='bbox 815 479 911 533; x_wconf 90' lang='lat' dir='ltr'>quis</span> <span class='ocrx_word' id='word_1_19' title='bbox 950 492 1034 520; x_wconf 88' lang='lat' dir='ltr'>non</span> <span class='ocrx_word' id='word_1_20' title='bbox 1065 482 1189 533; x_wconf 91' lang='lat' dir='ltr'>putet</span> <span class='ocrx_word' id='word_1_21' title='bbox 1222 478 1453 520; x_wconf 89' lang='lat' dir='ltr'>verborum</span> <span class='ocrx_word' id='word_1_22' title='bbox 1482 475 1658 518; x_wconf 90' lang='lat' dir='ltr'>illorum</span> <span class='ocrx_word' id='word_1_23' title='bbox 1689 475 1804 517; x_wconf 91' lang='lat' dir='ltr'>hunc</span> 
     </span>
     <span class='ocr_line' id='line_1_5' title="bbox 213 545 1801 603; baseline -0.002 -12"><span class='ocrx_word' id='word_1_24' title='bbox 213 562 384 591; x_wconf 89' lang='lat' dir='ltr'>sensum</span> <span class='ocrx_word' id='word_1_25' title='bbox 426 562 540 591; x_wconf 89' lang='lat' dir='ltr'>esse:</span> <span class='ocrx_word' id='word_1_26' title='bbox 584 563 638 600; x_wconf 85' lang='lat' dir='ltr'>„a</span> <span class='ocrx_word' id='word_1_27' title='bbox 679 549 942 591; x_wconf 80' lang='lat' dir='ltr'>Phaeacibus</span> <span class='ocrx_word' id='word_1_28' title='bbox 982 553 1165 599; x_wconf 90' lang='lat' dir='ltr'>tenetur,</span> <span class='ocrx_word' id='word_1_29' title='bbox 1207 550 1237 590; x_wconf 94' lang='lat' dir='ltr'>i.</span> <span class='ocrx_word' id='word_1_30' title='bbox 1271 562 1306 590; x_wconf 91' lang='lat' dir='ltr'>e.</span> <span class='ocrx_word' id='word_1_31' title='bbox 1350 548 1571 590; x_wconf 86' lang='lat' dir='ltr'>habitatur</span> <span class='ocrx_word' id='word_1_32' title='bbox 1601 545 1801 603; x_wconf 83' lang='lat' dir='ltr'>Epirus.&#39;&#39;</span> 
     </span>
     <span class='ocr_line' id='line_1_6' title="bbox 215 616 1804 675; baseline -0.002 -14"><span class='ocrx_word' id='word_1_33' title='bbox 215 618 334 671; x_wconf 80' lang='lat' dir='ltr'>Quod</span> <span class='ocrx_word' id='word_1_34' title='bbox 365 622 507 662; x_wconf 88' lang='lat' dir='ltr'>tamen</span> <span class='ocrx_word' id='word_1_35' title='bbox 538 623 710 675; x_wconf 86' lang='lat' dir='ltr'>poetam</span> <span class='ocrx_word' id='word_1_36' title='bbox 742 619 930 662; x_wconf 90' lang='lat' dir='ltr'>noluisse</span> <span class='ocrx_word' id='word_1_37' title='bbox 961 634 1027 662; x_wconf 87' lang='lat' dir='ltr'>res</span> <span class='ocrx_word' id='word_1_38' title='bbox 1056 621 1151 675; x_wconf 91' lang='lat' dir='ltr'>ipsa</span> <span class='ocrx_word' id='word_1_39' title='bbox 1182 618 1360 661; x_wconf 87' lang='lat' dir='ltr'>clamat:</span> <span class='ocrx_word' id='word_1_40' title='bbox 1395 617 1519 675; x_wconf 89' lang='lat' dir='ltr'>plane</span> <span class='ocrx_word' id='word_1_41' title='bbox 1547 619 1660 660; x_wconf 89' lang='lat' dir='ltr'>enim</span> <span class='ocrx_word' id='word_1_42' title='bbox 1685 616 1804 659; x_wconf 87' lang='lat' dir='ltr'>istud</span> 
     </span>
     <span class='ocr_line' id='line_1_7' title="bbox 214 688 1804 746; baseline -0.003 -14"><span class='ocrx_word' id='word_1_43' title='bbox 214 703 237 732; x_wconf 92' lang='lat' dir='ltr'>a</span> <span class='ocrx_word' id='word_1_44' title='bbox 279 691 460 732; x_wconf 86' lang='lat' dir='ltr'>veritate</span> <span class='ocrx_word' id='word_1_45' title='bbox 501 690 720 741; x_wconf 88' lang='lat' dir='ltr'>abhorret,</span> <span class='ocrx_word' id='word_1_46' title='bbox 761 704 920 746; x_wconf 90' lang='lat' dir='ltr'>neque,</span> <span class='ocrx_word' id='word_1_47' title='bbox 964 692 1000 732; x_wconf 92' lang='lat' dir='ltr'>si</span> <span class='ocrx_word' id='word_1_48' title='bbox 1041 694 1164 746; x_wconf 91' lang='lat' dir='ltr'>poeta</span> <span class='ocrx_word' id='word_1_49' title='bbox 1208 694 1293 732; x_wconf 89' lang='lat' dir='ltr'>tam</span> <span class='ocrx_word' id='word_1_50' title='bbox 1325 689 1599 745; x_wconf 88' lang='lat' dir='ltr'>impudenter</span> <span class='ocrx_word' id='word_1_51' title='bbox 1629 688 1804 730; x_wconf 89' lang='lat' dir='ltr'>mentiri</span> 
     </span>
     <span class='ocr_line' id='line_1_8' title="bbox 213 759 1801 816; baseline -0.002 -13"><span class='ocrx_word' id='word_1_52' title='bbox 213 759 419 803; x_wconf 85' lang='lat' dir='ltr'>voluisset</span> <span class='ocrx_word' id='word_1_53' title='bbox 444 764 494 802; x_wconf 93' lang='lat' dir='ltr'>ut</span> <span class='ocrx_word' id='word_1_54' title='bbox 519 760 731 803; x_wconf 83' lang='lat' dir='ltr'>Phaeacas</span> <span class='ocrx_word' id='word_1_55' title='bbox 757 760 915 803; x_wconf 89' lang='lat' dir='ltr'>incolas</span> <span class='ocrx_word' id='word_1_56' title='bbox 944 761 1100 803; x_wconf 89' lang='lat' dir='ltr'>diceret</span> <span class='ocrx_word' id='word_1_57' title='bbox 1124 760 1265 816; x_wconf 81' lang='lat' dir='ltr'>Epiri,</span> <span class='ocrx_word' id='word_1_58' title='bbox 1289 760 1520 816; x_wconf 86' lang='lat' dir='ltr'>quidquam</span> <span class='ocrx_word' id='word_1_59' title='bbox 1538 759 1801 815; x_wconf 78' lang='lat' dir='ltr'>profecisset:</span> 
     </span>
     <span class='ocr_line' id='line_1_9' title="bbox 211 830 1804 887; baseline -0.001 -15"><span class='ocrx_word' id='word_1_60' title='bbox 211 830 319 872; x_wconf 89' lang='lat' dir='ltr'>nihil</span> <span class='ocrx_word' id='word_1_61' title='bbox 361 832 474 873; x_wconf 85' lang='lat' dir='ltr'>enim</span> <span class='ocrx_word' id='word_1_62' title='bbox 518 830 635 873; x_wconf 91' lang='lat' dir='ltr'>aliud</span> <span class='ocrx_word' id='word_1_63' title='bbox 666 831 736 874; x_wconf 93' lang='lat' dir='ltr'>hic</span> <span class='ocrx_word' id='word_1_64' title='bbox 767 832 983 887; x_wconf 79' lang='lat' dir='ltr'>spectabat</span> <span class='ocrx_word' id='word_1_65' title='bbox 1016 845 1145 887; x_wconf 91' lang='lat' dir='ltr'>quam</span> <span class='ocrx_word' id='word_1_66' title='bbox 1179 835 1227 873; x_wconf 93' lang='lat' dir='ltr'>ut</span> <span class='ocrx_word' id='word_1_67' title='bbox 1260 831 1341 872; x_wconf 89' lang='lat' dir='ltr'>sibi</span> <span class='ocrx_word' id='word_1_68' title='bbox 1372 831 1603 872; x_wconf 82' lang='lat' dir='ltr'>transitum</span> <span class='ocrx_word' id='word_1_69' title='bbox 1635 833 1804 885; x_wconf 88' lang='lat' dir='ltr'>pararet</span> 
     </span>
     <span class='ocr_line' id='line_1_10' title="bbox 212 900 1804 958; baseline -0.002 -15"><span class='ocrx_word' id='word_1_70' title='bbox 212 900 263 943; x_wconf 87' lang='lat' dir='ltr'>ad</span> <span class='ocrx_word' id='word_1_71' title='bbox 305 903 538 957; x_wconf 83' lang='lat' dir='ltr'>sequentia.</span> <span class='ocrx_word' id='word_1_72' title='bbox 583 901 700 958; x_wconf 85' lang='lat' dir='ltr'>Ergo</span> <span class='ocrx_word' id='word_1_73' title='bbox 741 902 923 944; x_wconf 91' lang='lat' dir='ltr'>dubium</span> <span class='ocrx_word' id='word_1_74' title='bbox 965 916 1050 944; x_wconf 94' lang='lat' dir='ltr'>non</span> <span class='ocrx_word' id='word_1_75' title='bbox 1094 906 1158 944; x_wconf 92' lang='lat' dir='ltr'>est</span> <span class='ocrx_word' id='word_1_76' title='bbox 1199 903 1302 957; x_wconf 91' lang='lat' dir='ltr'>quin</span> <span class='ocrx_word' id='word_1_77' title='bbox 1344 903 1426 943; x_wconf 88' lang='lat' dir='ltr'>isto</span> <span class='ocrx_word' id='word_1_78' title='bbox 1469 901 1617 954; x_wconf 76' lang='lat' dir='ltr'>Epiros</span> <span class='ocrx_word' id='word_1_79' title='bbox 1660 900 1709 941; x_wconf 83' lang='lat' dir='ltr'>ab</span> <span class='ocrx_word' id='word_1_80' title='bbox 1740 900 1804 941; x_wconf 70' lang='lat' dir='ltr'>his</span> 
     </span>
     <span class='ocr_line' id='line_1_11' title="bbox 213 972 1804 1030; baseline 0 -17"><span class='ocrx_word' id='word_1_81' title='bbox 213 976 366 1013; x_wconf 74' lang='lat' dir='ltr'>tenetur</span> <span class='ocrx_word' id='word_1_82' title='bbox 397 972 477 1015; x_wconf 91' lang='lat' dir='ltr'>hoc</span> <span class='ocrx_word' id='word_1_83' title='bbox 510 972 796 1030; x_wconf 86' lang='lat' dir='ltr'>significetur:</span> <span class='ocrx_word' id='word_1_84' title='bbox 833 977 958 1029; x_wconf 87' lang='lat' dir='ltr'>„post</span> <span class='ocrx_word' id='word_1_85' title='bbox 988 973 1065 1015; x_wconf 92' lang='lat' dir='ltr'>hos</span> <span class='ocrx_word' id='word_1_86' title='bbox 1097 973 1345 1025; x_wconf 85' lang='lat' dir='ltr'>(Phaeacas)</span> <span class='ocrx_word' id='word_1_87' title='bbox 1378 986 1507 1015; x_wconf 87' lang='lat' dir='ltr'>naves</span> <span class='ocrx_word' id='word_1_88' title='bbox 1537 973 1702 1014; x_wconf 89' lang='lat' dir='ltr'>Aeneae</span> <span class='ocrx_word' id='word_1_89' title='bbox 1733 984 1804 1027; x_wconf 87' lang='lat' dir='ltr'>ap·</span> 
     </span>
     <span class='ocr_line' id='line_1_12' title="bbox 212 1041 1803 1099; baseline -0.001 -15"><span class='ocrx_word' id='word_1_90' title='bbox 212 1041 432 1098; x_wconf 88' lang='lat' dir='ltr'>pelluntur</span> <span class='ocrx_word' id='word_1_91' title='bbox 473 1043 526 1085; x_wconf 90' lang='lat' dir='ltr'>ad</span> <span class='ocrx_word' id='word_1_92' title='bbox 556 1042 783 1099; x_wconf 82' lang='lat' dir='ltr'>Epirum.&#39;&#39;</span> <span class='ocrx_word' id='word_1_93' title='bbox 824 1043 935 1095; x_wconf 77' lang='lat' dir='ltr'>Quid</span> <span class='ocrx_word' id='word_1_94' title='bbox 966 1042 1083 1086; x_wconf 86' lang='lat' dir='ltr'>aliud</span> <span class='ocrx_word' id='word_1_95' title='bbox 1114 1047 1178 1085; x_wconf 90' lang='lat' dir='ltr'>est</span> <span class='ocrx_word' id='word_1_96' title='bbox 1210 1057 1286 1085; x_wconf 91' lang='lat' dir='ltr'>suo</span> <span class='ocrx_word' id='word_1_97' title='bbox 1318 1044 1462 1099; x_wconf 92' lang='lat' dir='ltr'>ipsum</span> <span class='ocrx_word' id='word_1_98' title='bbox 1495 1043 1681 1085; x_wconf 86' lang='lat' dir='ltr'>sermoni</span> <span class='ocrx_word' id='word_1_99' title='bbox 1711 1042 1803 1084; x_wconf 87' lang='lat' dir='ltr'>vim</span> 
     </span>
     <span class='ocr_line' id='line_1_13' title="bbox 212 1111 698 1156; baseline 0.002 -1"><span class='ocrx_word' id='word_1_100' title='bbox 212 1113 346 1156; x_wconf 89' lang='lat' dir='ltr'>facere</span> <span class='ocrx_word' id='word_1_101' title='bbox 382 1115 464 1155; x_wconf 88' lang='lat' dir='ltr'>nisi</span> <span class='ocrx_word' id='word_1_102' title='bbox 495 1114 574 1156; x_wconf 90' lang='lat' dir='ltr'>hoc</span> <span class='ocrx_word' id='word_1_103' title='bbox 607 1111 698 1156; x_wconf 80' lang='lat' dir='ltr'>est?</span> 
     </span>
    </p>

    <p class='ocr_par' dir='ltr' id='par_1_4' title="bbox 274 1182 1806 1239">
     <span class='ocr_line' id='line_1_14' title="bbox 274 1182 1806 1239; baseline -0.001 -13"><span class='ocrx_word' id='word_1_104' title='bbox 274 1182 361 1226; x_wconf 83' lang='lat'>750</span> <span class='ocrx_word' id='word_1_105' title='bbox 409 1183 470 1226; x_wconf 90' lang='lat' dir='ltr'>De</span> <span class='ocrx_word' id='word_1_106' title='bbox 501 1183 632 1226; x_wconf 87' lang='lat' dir='ltr'>Acide</span> <span class='ocrx_word' id='word_1_107' title='bbox 657 1184 964 1226; x_wconf 88' lang='lat' dir='ltr'>formosissimo</span> <span class='ocrx_word' id='word_1_108' title='bbox 991 1183 1327 1234; x_wconf 86' lang='lat' dir='ltr'>adolescentulo,</span> <span class='ocrx_word' id='word_1_109' title='bbox 1356 1185 1477 1226; x_wconf 92' lang='lat' dir='ltr'>cuius</span> <span class='ocrx_word' id='word_1_110' title='bbox 1506 1197 1649 1226; x_wconf 89' lang='lat' dir='ltr'>amore</span> <span class='ocrx_word' id='word_1_111' title='bbox 1675 1197 1806 1239; x_wconf 90' lang='lat' dir='ltr'>quon-</span> 
     </span>
    </p>

    <p class='ocr_par' dir='ltr' id='par_1_5' title="bbox 217 1253 1227 1310">
     <span class='ocr_line' id='line_1_15' title="bbox 217 1253 1227 1310; baseline 0.002 -15"><span class='ocrx_word' id='word_1_112' title='bbox 217 1253 314 1296; x_wconf 89' lang='lat' dir='ltr'>dam</span> <span class='ocrx_word' id='word_1_113' title='bbox 345 1255 520 1305; x_wconf 87' lang='lat' dir='ltr'>arserit,</span> <span class='ocrx_word' id='word_1_114' title='bbox 554 1255 613 1296; x_wconf 92' lang='lat' dir='ltr'>sic</span> <span class='ocrx_word' id='word_1_115' title='bbox 644 1256 796 1310; x_wconf 89' lang='lat' dir='ltr'>incipit</span> <span class='ocrx_word' id='word_1_116' title='bbox 827 1269 995 1297; x_wconf 88' lang='lat' dir='ltr'>narrare</span> <span class='ocrx_word' id='word_1_117' title='bbox 1028 1253 1227 1297; x_wconf 84' lang='lat' dir='ltr'>Galatea:</span> 
     </span>
    </p>

    <p class='ocr_par' dir='ltr' id='par_1_6' title="bbox 393 1324 1630 1382">
     <span class='ocr_line' id='line_1_16' title="bbox 393 1324 1630 1382; baseline 0 -16"><span class='ocrx_word' id='word_1_118' title='bbox 393 1325 494 1367; x_wconf 86' lang='lat' dir='ltr'>Acis</span> <span class='ocrx_word' id='word_1_119' title='bbox 525 1328 637 1375; x_wconf 88' lang='lat' dir='ltr'>erat,</span> <span class='ocrx_word' id='word_1_120' title='bbox 670 1325 815 1367; x_wconf 90' lang='lat' dir='ltr'>Fauno</span> <span class='ocrx_word' id='word_1_121' title='bbox 847 1326 1124 1382; x_wconf 85' lang='lat' dir='ltr'>nymphaque</span> <span class='ocrx_word' id='word_1_122' title='bbox 1156 1324 1435 1382; x_wconf 80' lang='lat' dir='ltr'>Symaethide</span> <span class='ocrx_word' id='word_1_123' title='bbox 1467 1328 1630 1375; x_wconf 91' lang='lat' dir='ltr'>cretus,</span> 
     </span>
    </p>

    <p class='ocr_par' dir='ltr' id='par_1_7' title="bbox 392 1394 1620 1452">
     <span class='ocr_line' id='line_1_17' title="bbox 392 1394 1620 1452; baseline 0 -15"><span class='ocrx_word' id='word_1_124' title='bbox 392 1394 554 1452; x_wconf 88' lang='lat' dir='ltr'>Magna</span> <span class='ocrx_word' id='word_1_125' title='bbox 585 1396 760 1451; x_wconf 91' lang='lat' dir='ltr'>quidem</span> <span class='ocrx_word' id='word_1_126' title='bbox 790 1398 1007 1452; x_wconf 88' lang='lat' dir='ltr'>patrisque</span> <span class='ocrx_word' id='word_1_127' title='bbox 1039 1397 1107 1438; x_wconf 92' lang='lat' dir='ltr'>sui</span> <span class='ocrx_word' id='word_1_128' title='bbox 1138 1397 1372 1452; x_wconf 89' lang='lat' dir='ltr'>matrisque</span> <span class='ocrx_word' id='word_1_129' title='bbox 1403 1395 1620 1451; x_wconf 85' lang='lat' dir='ltr'>voluptas,</span> 
     </span>
    </p>

    <p class='ocr_par' dir='ltr' id='par_1_8' title="bbox 393 1464 1611 1509">
     <span class='ocr_line' id='line_1_18' title="bbox 393 1464 1611 1509; baseline 0 -2"><span class='ocrx_word' id='word_1_130' title='bbox 393 1464 548 1508; x_wconf 88' lang='lat' dir='ltr'>Nostra</span> <span class='ocrx_word' id='word_1_131' title='bbox 579 1469 724 1509; x_wconf 90' lang='lat' dir='ltr'>tamen</span> <span class='ocrx_word' id='word_1_132' title='bbox 755 1468 905 1509; x_wconf 89' lang='lat' dir='ltr'>maior.</span> <span class='ocrx_word' id='word_1_133' title='bbox 939 1466 1051 1509; x_wconf 87' lang='lat' dir='ltr'>Nam</span> <span class='ocrx_word' id='word_1_134' title='bbox 1082 1480 1152 1508; x_wconf 88' lang='lat' dir='ltr'>me</span> <span class='ocrx_word' id='word_1_135' title='bbox 1183 1467 1264 1509; x_wconf 89' lang='lat' dir='ltr'>sibi</span> <span class='ocrx_word' id='word_1_136' title='bbox 1291 1468 1489 1508; x_wconf 85' lang='lat' dir='ltr'>iunxerat</span> <span class='ocrx_word' id='word_1_137' title='bbox 1520 1467 1611 1507; x_wconf 90' lang='lat' dir='ltr'>uni.</span> 
     </span>
    </p>

    <p class='ocr_par' dir='ltr' id='par_1_9' title="bbox 272 1535 1803 1593">
     <span class='ocr_line' id='line_1_19' title="bbox 272 1535 1803 1593; baseline 0.001 -16"><span class='ocrx_word' id='word_1_138' title='bbox 272 1535 490 1578; x_wconf 86' lang='lat' dir='ltr'>Hactenus</span> <span class='ocrx_word' id='word_1_139' title='bbox 523 1539 665 1580; x_wconf 91' lang='lat' dir='ltr'>omnia</span> <span class='ocrx_word' id='word_1_140' title='bbox 698 1539 858 1593; x_wconf 92' lang='lat' dir='ltr'>optime</span> <span class='ocrx_word' id='word_1_141' title='bbox 889 1537 1145 1593; x_wconf 88' lang='lat' dir='ltr'>procedunt,</span> <span class='ocrx_word' id='word_1_142' title='bbox 1179 1541 1223 1579; x_wconf 90' lang='lat' dir='ltr'>et</span> <span class='ocrx_word' id='word_1_143' title='bbox 1253 1541 1353 1579; x_wconf 88' lang='lat' dir='ltr'>sunt</span> <span class='ocrx_word' id='word_1_144' title='bbox 1382 1536 1476 1579; x_wconf 90' lang='lat' dir='ltr'>luce</span> <span class='ocrx_word' id='word_1_145' title='bbox 1504 1535 1691 1578; x_wconf 86' lang='lat' dir='ltr'>clariora.</span> <span class='ocrx_word' id='word_1_146' title='bbox 1720 1535 1803 1578; x_wconf 79' lang='lat' dir='ltr'>Sed</span> 
     </span>
    </p>

    <p class='ocr_par' dir='ltr' id='par_1_10' title="bbox 214 1606 1770 1664">
     <span class='ocr_line' id='line_1_20' title="bbox 214 1606 1770 1664; baseline -0.001 -15"><span class='ocrx_word' id='word_1_147' title='bbox 214 1606 436 1650; x_wconf 86' lang='lat' dir='ltr'>videamus</span> <span class='ocrx_word' id='word_1_148' title='bbox 470 1607 573 1663; x_wconf 89' lang='lat' dir='ltr'>quid</span> <span class='ocrx_word' id='word_1_149' title='bbox 605 1608 730 1650; x_wconf 89' lang='lat' dir='ltr'>addat</span> <span class='ocrx_word' id='word_1_150' title='bbox 761 1608 954 1664; x_wconf 88' lang='lat' dir='ltr'>nympha</span> <span class='ocrx_word' id='word_1_151' title='bbox 982 1608 1035 1650; x_wconf 91' lang='lat' dir='ltr'>ad</span> <span class='ocrx_word' id='word_1_152' title='bbox 1067 1611 1299 1651; x_wconf 88' lang='lat' dir='ltr'>amatorem</span> <span class='ocrx_word' id='word_1_153' title='bbox 1333 1622 1461 1649; x_wconf 89' lang='lat' dir='ltr'>suum</span> <span class='ocrx_word' id='word_1_154' title='bbox 1487 1606 1770 1650; x_wconf 90' lang='lat' dir='ltr'>laudandum:</span> 
     </span>
    </p>

    <p class='ocr_par' dir='ltr' id='par_1_11' title="bbox 394 1678 1417 1721">
     <span class='ocr_line' id='line_1_21' title="bbox 394 1678 1417 1721; baseline 0.001 -2"><span class='ocrx_word' id='word_1_155' title='bbox 394 1678 578 1721; x_wconf 84' lang='lat' dir='ltr'>Pulcher</span> <span class='ocrx_word' id='word_1_156' title='bbox 608 1683 650 1721; x_wconf 85' lang='lat' dir='ltr'>et</span> <span class='ocrx_word' id='word_1_157' title='bbox 682 1680 843 1721; x_wconf 86' lang='lat' dir='ltr'>octonis</span> <span class='ocrx_word' id='word_1_158' title='bbox 874 1680 1034 1721; x_wconf 86' lang='lat' dir='ltr'>iterum</span> <span class='ocrx_word' id='word_1_159' title='bbox 1066 1678 1280 1721; x_wconf 89' lang='lat' dir='ltr'>natalibus</span> <span class='ocrx_word' id='word_1_160' title='bbox 1312 1679 1417 1720; x_wconf 89' lang='lat' dir='ltr'>actis</span> 
     </span>
    </p>

    <p class='ocr_par' dir='ltr' id='par_1_12' title="bbox 393 1748 1356 1806">
     <span class='ocr_line' id='line_1_22' title="bbox 393 1748 1356 1806; baseline 0 -15"><span class='ocrx_word' id='word_1_161' title='bbox 393 1748 595 1805; x_wconf 84' lang='lat' dir='ltr'>Signarat</span> <span class='ocrx_word' id='word_1_162' title='bbox 627 1754 791 1792; x_wconf 88' lang='lat' dir='ltr'>teneras</span> <span class='ocrx_word' id='word_1_163' title='bbox 822 1749 945 1792; x_wconf 91' lang='lat' dir='ltr'>molli</span> <span class='ocrx_word' id='word_1_164' title='bbox 974 1749 1179 1806; x_wconf 85' lang='lat' dir='ltr'>lanugine</span> <span class='ocrx_word' id='word_1_165' title='bbox 1208 1748 1356 1791; x_wconf 90' lang='lat' dir='ltr'>malas.</span> 
     </span>
    </p>
   </div>
   <div class='ocr_carea' id='block_1_3' title="bbox 212 1818 1880 1876">
    <p class='ocr_par' dir='ltr' id='par_1_13' title="bbox 212 1818 1880 1876">
     <span class='ocr_line' id='line_1_23' title="bbox 212 1818 1880 1876; baseline 0 -15"><span class='ocrx_word' id='word_1_166' title='bbox 212 1819 370 1862; x_wconf 84' lang='lat' dir='ltr'>Parum</span> <span class='ocrx_word' id='word_1_167' title='bbox 420 1819 558 1862; x_wconf 88' lang='lat' dir='ltr'>abfuit</span> <span class='ocrx_word' id='word_1_168' title='bbox 605 1822 707 1876; x_wconf 93' lang='lat' dir='ltr'>quin</span> <span class='ocrx_word' id='word_1_169' title='bbox 753 1821 909 1862; x_wconf 88' lang='lat' dir='ltr'>horum</span> <span class='ocrx_word' id='word_1_170' title='bbox 955 1834 1161 1863; x_wconf 87' lang='lat' dir='ltr'>versuum</span> <span class='ocrx_word' id='word_1_171' title='bbox 1209 1819 1392 1862; x_wconf 85' lang='lat' dir='ltr'>alterum</span> <span class='ocrx_word' id='word_1_172' title='bbox 1437 1818 1667 1862; x_wconf 89' lang='lat' dir='ltr'>delendum</span> <span class='ocrx_word' id='word_1_173' title='bbox 1714 1833 1803 1861; x_wconf 89' lang='lat' dir='ltr'>esse</span> <span class='ocrx_word' id='word_1_174' title='bbox 1878 1868 1880 1871; x_wconf 18' lang='lat'><strong>¹</strong></span> 
     </span>
    </p>
   </div>
   <div class='ocr_carea' id='block_1_4' title="bbox 210 1889 1804 2999">
    <p class='ocr_par' dir='ltr' id='par_1_14' title="bbox 210 1889 1804 2354">
     <span class='ocr_line' id='line_1_24' title="bbox 214 1889 1803 1947; baseline 0 -16"><span class='ocrx_word' id='word_1_175' title='bbox 214 1889 494 1941; x_wconf 88' lang='lat' dir='ltr'>declararem,</span> <span class='ocrx_word' id='word_1_176' title='bbox 539 1890 611 1933; x_wconf 91' lang='lat' dir='ltr'>sed</span> <span class='ocrx_word' id='word_1_177' title='bbox 652 1893 833 1947; x_wconf 88' lang='lat' dir='ltr'>repressi</span> <span class='ocrx_word' id='word_1_178' title='bbox 864 1905 956 1942; x_wconf 89' lang='lat' dir='ltr'>me,</span> <span class='ocrx_word' id='word_1_179' title='bbox 988 1890 1237 1947; x_wconf 88' lang='lat' dir='ltr'>intelligens</span> <span class='ocrx_word' id='word_1_180' title='bbox 1267 1890 1343 1932; x_wconf 92' lang='lat' dir='ltr'>illo</span> <span class='ocrx_word' id='word_1_181' title='bbox 1374 1894 1586 1946; x_wconf 82' lang='lat' dir='ltr'>expuncto</span> <span class='ocrx_word' id='word_1_182' title='bbox 1616 1892 1803 1946; x_wconf 89' lang='lat' dir='ltr'>priorem</span> 
     </span>
     <span class='ocr_line' id='line_1_25' title="bbox 213 1960 1802 2017; baseline 0 -15"><span class='ocrx_word' id='word_1_183' title='bbox 213 1960 394 2016; x_wconf 86' lang='lat' dir='ltr'>pendere</span> <span class='ocrx_word' id='word_1_184' title='bbox 436 1964 479 2003; x_wconf 88' lang='lat' dir='ltr'>et</span> <span class='ocrx_word' id='word_1_185' title='bbox 521 1964 692 2002; x_wconf 89' lang='lat' dir='ltr'>tantum</span> <span class='ocrx_word' id='word_1_186' title='bbox 721 1975 806 2003; x_wconf 92' lang='lat' dir='ltr'>non</span> <span class='ocrx_word' id='word_1_187' title='bbox 838 1975 963 2003; x_wconf 92' lang='lat' dir='ltr'>sensu</span> <span class='ocrx_word' id='word_1_188' title='bbox 995 1975 1149 2003; x_wconf 91' lang='lat' dir='ltr'>carere.</span> <span class='ocrx_word' id='word_1_189' title='bbox 1183 1961 1332 2003; x_wconf 80' lang='lat' dir='ltr'>Restat</span> <span class='ocrx_word' id='word_1_190' title='bbox 1364 1975 1466 2017; x_wconf 88' lang='lat' dir='ltr'>ergo</span> <span class='ocrx_word' id='word_1_191' title='bbox 1498 1964 1548 2002; x_wconf 90' lang='lat' dir='ltr'>ut</span> <span class='ocrx_word' id='word_1_192' title='bbox 1580 1962 1670 2016; x_wconf 86' lang='lat' dir='ltr'>ipse</span> <span class='ocrx_word' id='word_1_193' title='bbox 1702 1961 1802 2002; x_wconf 87' lang='lat' dir='ltr'>Acis</span> 
     </span>
     <span class='ocr_line' id='line_1_26' title="bbox 213 2029 1803 2087; baseline 0 -15"><span class='ocrx_word' id='word_1_194' title='bbox 213 2044 311 2073; x_wconf 91' lang='lat' dir='ltr'>suas</span> <span class='ocrx_word' id='word_1_195' title='bbox 339 2029 473 2072; x_wconf 90' lang='lat' dir='ltr'>malas</span> <span class='ocrx_word' id='word_1_196' title='bbox 498 2029 701 2086; x_wconf 86' lang='lat' dir='ltr'>lanugine</span> <span class='ocrx_word' id='word_1_197' title='bbox 727 2032 916 2087; x_wconf 86' lang='lat' dir='ltr'>signasse</span> <span class='ocrx_word' id='word_1_198' title='bbox 942 2031 1120 2082; x_wconf 88' lang='lat' dir='ltr'>dicatur,</span> <span class='ocrx_word' id='word_1_199' title='bbox 1149 2031 1260 2087; x_wconf 93' lang='lat' dir='ltr'>quod</span> <span class='ocrx_word' id='word_1_200' title='bbox 1285 2038 1380 2073; x_wconf 87' lang='lat' dir='ltr'>tum</span> <span class='ocrx_word' id='word_1_201' title='bbox 1404 2031 1579 2073; x_wconf 88' lang='lat' dir='ltr'>demum</span> <span class='ocrx_word' id='word_1_202' title='bbox 1597 2032 1803 2072; x_wconf 90' lang='lat' dir='ltr'>sermonis</span> 
     </span>
     <span class='ocr_line' id='line_1_27' title="bbox 211 2101 1802 2156; baseline -0.001 -13"><span class='ocrx_word' id='word_1_203' title='bbox 211 2101 355 2143; x_wconf 84' lang='lat' dir='ltr'>Latini</span> <span class='ocrx_word' id='word_1_204' title='bbox 387 2104 562 2142; x_wconf 88' lang='lat' dir='ltr'>naturae</span> <span class='ocrx_word' id='word_1_205' title='bbox 595 2102 891 2143; x_wconf 89' lang='lat' dir='ltr'>convenienter</span> <span class='ocrx_word' id='word_1_206' title='bbox 924 2101 1088 2143; x_wconf 92' lang='lat' dir='ltr'>dictum</span> <span class='ocrx_word' id='word_1_207' title='bbox 1120 2103 1224 2152; x_wconf 89' lang='lat' dir='ltr'>erit,</span> <span class='ocrx_word' id='word_1_208' title='bbox 1260 2103 1296 2143; x_wconf 90' lang='lat' dir='ltr'>si</span> <span class='ocrx_word' id='word_1_209' title='bbox 1328 2115 1419 2143; x_wconf 91' lang='lat' dir='ltr'>rem</span> <span class='ocrx_word' id='word_1_210' title='bbox 1453 2115 1582 2156; x_wconf 91' lang='lat' dir='ltr'>quam</span> <span class='ocrx_word' id='word_1_211' title='bbox 1614 2102 1802 2142; x_wconf 83' lang='lat' dir='ltr'>maxime</span> 
     </span>
     <span class='ocr_line' id='line_1_28' title="bbox 210 2169 1803 2227; baseline -0.001 -15"><span class='ocrx_word' id='word_1_212' title='bbox 210 2170 423 2227; x_wconf 87' lang='lat' dir='ltr'>fingemus</span> <span class='ocrx_word' id='word_1_213' title='bbox 464 2169 716 2212; x_wconf 88' lang='lat' dir='ltr'>ridiculam:</span> <span class='ocrx_word' id='word_1_214' title='bbox 760 2170 983 2213; x_wconf 89' lang='lat' dir='ltr'>barbulam</span> <span class='ocrx_word' id='word_1_215' title='bbox 1026 2170 1178 2213; x_wconf 90' lang='lat' dir='ltr'>falsam</span> <span class='ocrx_word' id='word_1_216' title='bbox 1220 2170 1515 2227; x_wconf 84' lang='lat' dir='ltr'>agglutinasse</span> <span class='ocrx_word' id='word_1_217' title='bbox 1558 2169 1683 2212; x_wconf 91' lang='lat' dir='ltr'>malis</span> <span class='ocrx_word' id='word_1_218' title='bbox 1714 2171 1803 2212; x_wconf 90' lang='lat' dir='ltr'>suis</span> 
     </span>
     <span class='ocr_line' id='line_1_29' title="bbox 214 2255 410 2298; baseline -0.005 -15"><span class='ocrx_word' id='word_1_219' title='bbox 214 2255 410 2298; x_wconf 88' lang='lat' dir='ltr'>puerum.</span> 
     </span>
     <span class='ocr_line' id='line_1_30' title="bbox 277 2309 1804 2354; baseline -0.001 -1"><span class='ocrx_word' id='word_1_220' title='bbox 277 2309 362 2354; x_wconf 82' lang='lat'>797</span> <span class='ocrx_word' id='word_1_221' title='bbox 409 2310 565 2353; x_wconf 88' lang='lat' dir='ltr'>Multis</span> <span class='ocrx_word' id='word_1_222' title='bbox 597 2309 692 2352; x_wconf 91' lang='lat' dir='ltr'>aliis</span> <span class='ocrx_word' id='word_1_223' title='bbox 727 2311 919 2353; x_wconf 88' lang='lat' dir='ltr'>versibus</span> <span class='ocrx_word' id='word_1_224' title='bbox 945 2309 1146 2354; x_wconf 85' lang='lat' dir='ltr'>Galateae</span> <span class='ocrx_word' id='word_1_225' title='bbox 1173 2311 1354 2353; x_wconf 89' lang='lat' dir='ltr'>formam</span> <span class='ocrx_word' id='word_1_226' title='bbox 1380 2310 1558 2353; x_wconf 88' lang='lat' dir='ltr'>laudans</span> <span class='ocrx_word' id='word_1_227' title='bbox 1584 2310 1804 2352; x_wconf 89' lang='lat' dir='ltr'>inducitur</span> 
     </span>
    </p>

    <p class='ocr_par' dir='ltr' id='par_1_15' title="bbox 214 2380 639 2439">
     <span class='ocr_line' id='line_1_31' title="bbox 214 2380 639 2439; baseline -0.007 -13"><span class='ocrx_word' id='word_1_228' title='bbox 214 2380 398 2439; x_wconf 83' lang='lat' dir='ltr'>Cyclops</span> <span class='ocrx_word' id='word_1_229' title='bbox 430 2385 472 2424; x_wconf 92' lang='lat' dir='ltr'>et</span> <span class='ocrx_word' id='word_1_230' title='bbox 502 2383 639 2423; x_wconf 88' lang='lat' dir='ltr'>hisce:</span> 
     </span>
    </p>

    <p class='ocr_par' dir='ltr' id='par_1_16' title="bbox 393 2450 1316 2508">
     <span class='ocr_line' id='line_1_32' title="bbox 393 2450 1316 2508; baseline 0 -15"><span class='ocrx_word' id='word_1_231' title='bbox 393 2451 593 2494; x_wconf 89' lang='lat' dir='ltr'>Lucidior</span> <span class='ocrx_word' id='word_1_232' title='bbox 624 2450 784 2508; x_wconf 87' lang='lat' dir='ltr'>glacie,</span> <span class='ocrx_word' id='word_1_233' title='bbox 818 2455 986 2493; x_wconf 88' lang='lat' dir='ltr'>matura</span> <span class='ocrx_word' id='word_1_234' title='bbox 1017 2451 1180 2494; x_wconf 89' lang='lat' dir='ltr'>dulcior</span> <span class='ocrx_word' id='word_1_235' title='bbox 1213 2465 1316 2502; x_wconf 87' lang='lat' dir='ltr'>uva,</span> 
     </span>
    </p>

    <p class='ocr_par' dir='ltr' id='par_1_17' title="bbox 213 2520 1596 2648">
     <span class='ocr_line' id='line_1_33' title="bbox 394 2520 1397 2578; baseline -0.001 -14"><span class='ocrx_word' id='word_1_236' title='bbox 394 2521 570 2564; x_wconf 89' lang='lat' dir='ltr'>Mollior</span> <span class='ocrx_word' id='word_1_237' title='bbox 600 2526 643 2563; x_wconf 91' lang='lat' dir='ltr'>et</span> <span class='ocrx_word' id='word_1_238' title='bbox 673 2523 805 2578; x_wconf 86' lang='lat' dir='ltr'>cygni</span> <span class='ocrx_word' id='word_1_239' title='bbox 836 2520 996 2577; x_wconf 90' lang='lat' dir='ltr'>plumis</span> <span class='ocrx_word' id='word_1_240' title='bbox 1026 2526 1069 2564; x_wconf 90' lang='lat' dir='ltr'>et</span> <span class='ocrx_word' id='word_1_241' title='bbox 1099 2521 1209 2564; x_wconf 91' lang='lat' dir='ltr'>lacte</span> <span class='ocrx_word' id='word_1_242' title='bbox 1241 2525 1397 2564; x_wconf 88' lang='lat' dir='ltr'>coacto.</span> 
     </span>
     <span class='ocr_line' id='line_1_34' title="bbox 213 2590 1596 2648; baseline 0 -13"><span class='ocrx_word' id='word_1_243' title='bbox 213 2593 326 2635; x_wconf 90' lang='lat' dir='ltr'>Hinc</span> <span class='ocrx_word' id='word_1_244' title='bbox 357 2593 408 2635; x_wconf 91' lang='lat' dir='ltr'>de</span> <span class='ocrx_word' id='word_1_245' title='bbox 440 2592 631 2635; x_wconf 91' lang='lat' dir='ltr'>eiusdem</span> <span class='ocrx_word' id='word_1_246' title='bbox 663 2590 865 2634; x_wconf 81' lang='lat' dir='ltr'>Galatea-e</span> <span class='ocrx_word' id='word_1_247' title='bbox 897 2591 1148 2634; x_wconf 83' lang='lat' dir='ltr'>crudelitate</span> <span class='ocrx_word' id='word_1_248' title='bbox 1181 2594 1301 2648; x_wconf 89' lang='lat' dir='ltr'>queri</span> <span class='ocrx_word' id='word_1_249' title='bbox 1333 2594 1391 2634; x_wconf 90' lang='lat' dir='ltr'>sic</span> <span class='ocrx_word' id='word_1_250' title='bbox 1423 2594 1596 2648; x_wconf 88' lang='lat' dir='ltr'>incipit:</span> 
     </span>
    </p>

    <p class='ocr_par' dir='ltr' id='par_1_18' title="bbox 211 2660 1799 2859">
     <span class='ocr_line' id='line_1_35' title="bbox 395 2660 1452 2713; baseline -0.001 -8"><span class='ocrx_word' id='word_1_251' title='bbox 395 2662 568 2705; x_wconf 82' lang='lat' dir='ltr'>Saevior</span> <span class='ocrx_word' id='word_1_252' title='bbox 599 2662 822 2704; x_wconf 87' lang='lat' dir='ltr'>indomitis</span> <span class='ocrx_word' id='word_1_253' title='bbox 854 2662 999 2704; x_wconf 91' lang='lat' dir='ltr'>eadem</span> <span class='ocrx_word' id='word_1_254' title='bbox 1033 2660 1209 2705; x_wconf 83' lang='lat' dir='ltr'>Galatea</span> <span class='ocrx_word' id='word_1_255' title='bbox 1241 2664 1452 2713; x_wconf 82' lang='lat' dir='ltr'>iuvencis,</span> 
     </span>
     <span class='ocr_line' id='line_1_36' title="bbox 215 2732 1799 2789; baseline 0 -14"><span class='ocrx_word' id='word_1_256' title='bbox 215 2733 287 2775; x_wconf 87' lang='lat' dir='ltr'>sed</span> <span class='ocrx_word' id='word_1_257' title='bbox 329 2734 548 2789; x_wconf 88' lang='lat' dir='ltr'>questibus</span> <span class='ocrx_word' id='word_1_258' title='bbox 591 2734 680 2774; x_wconf 90' lang='lat' dir='ltr'>suis</span> <span class='ocrx_word' id='word_1_259' title='bbox 720 2734 959 2788; x_wconf 75' lang='lat' dir='ltr'>praemittit</span> <span class='ocrx_word' id='word_1_260' title='bbox 991 2734 1120 2774; x_wconf 89' lang='lat' dir='ltr'>etiam</span> <span class='ocrx_word' id='word_1_261' title='bbox 1152 2732 1312 2787; x_wconf 87' lang='lat' dir='ltr'>aliquid</span> <span class='ocrx_word' id='word_1_262' title='bbox 1345 2733 1456 2788; x_wconf 94' lang='lat' dir='ltr'>quod</span> <span class='ocrx_word' id='word_1_263' title='bbox 1487 2735 1597 2775; x_wconf 91' lang='lat' dir='ltr'>inter</span> <span class='ocrx_word' id='word_1_264' title='bbox 1628 2733 1799 2776; x_wconf 86' lang='lat' dir='ltr'>laudem</span> 
     </span>
     <span class='ocr_line' id='line_1_37' title="bbox 211 2802 1406 2859; baseline -0.001 -14"><span class='ocrx_word' id='word_1_265' title='bbox 211 2807 254 2845; x_wconf 91' lang='lat' dir='ltr'>et</span> <span class='ocrx_word' id='word_1_266' title='bbox 285 2805 644 2859; x_wconf 85' lang='lat' dir='ltr'>vituperationem</span> <span class='ocrx_word' id='word_1_267' title='bbox 676 2802 988 2859; x_wconf 91' lang='lat' dir='ltr'>quodammodo</span> <span class='ocrx_word' id='word_1_268' title='bbox 1020 2803 1212 2844; x_wconf 89' lang='lat' dir='ltr'>medium</span> <span class='ocrx_word' id='word_1_269' title='bbox 1243 2807 1406 2845; x_wconf 85' lang='lat' dir='ltr'>teneat:</span> 
     </span>
    </p>

    <p class='ocr_par' dir='ltr' id='par_1_19' title="bbox 214 2873 1799 2999">
     <span class='ocr_line' id='line_1_38' title="bbox 393 2873 1452 2929; baseline 0 -15"><span class='ocrx_word' id='word_1_270' title='bbox 393 2873 470 2923; x_wconf 84' lang='lat' dir='ltr'>Et,</span> <span class='ocrx_word' id='word_1_271' title='bbox 505 2875 541 2915; x_wconf 94' lang='lat' dir='ltr'>si</span> <span class='ocrx_word' id='word_1_272' title='bbox 573 2887 656 2915; x_wconf 92' lang='lat' dir='ltr'>non</span> <span class='ocrx_word' id='word_1_273' title='bbox 688 2873 857 2929; x_wconf 88' lang='lat' dir='ltr'>fugias,</span> <span class='ocrx_word' id='word_1_274' title='bbox 891 2874 1016 2929; x_wconf 91' lang='lat' dir='ltr'>riguo</span> <span class='ocrx_word' id='word_1_275' title='bbox 1048 2873 1274 2915; x_wconf 89' lang='lat' dir='ltr'>formosior</span> <span class='ocrx_word' id='word_1_276' title='bbox 1304 2873 1452 2923; x_wconf 89' lang='lat' dir='ltr'>horto,</span> 
     </span>
     <span class='ocr_line' id='line_1_39' title="bbox 214 2942 1799 2999; baseline 0.001 -14"><span class='ocrx_word' id='word_1_277' title='bbox 214 2942 326 2999; x_wconf 92' lang='lat' dir='ltr'>quod</span> <span class='ocrx_word' id='word_1_278' title='bbox 356 2944 675 2998; x_wconf 85' lang='lat' dir='ltr'>ineptissimum</span> <span class='ocrx_word' id='word_1_279' title='bbox 707 2957 797 2985; x_wconf 90' lang='lat' dir='ltr'>esse</span> <span class='ocrx_word' id='word_1_280' title='bbox 824 2957 946 2985; x_wconf 92' lang='lat' dir='ltr'>nemo</span> <span class='ocrx_word' id='word_1_281' title='bbox 972 2943 1157 2999; x_wconf 90' lang='lat' dir='ltr'>negabit.</span> <span class='ocrx_word' id='word_1_282' title='bbox 1191 2943 1284 2985; x_wconf 87' lang='lat' dir='ltr'>Nisi</span> <span class='ocrx_word' id='word_1_283' title='bbox 1311 2945 1425 2985; x_wconf 88' lang='lat' dir='ltr'>enim</span> <span class='ocrx_word' id='word_1_284' title='bbox 1453 2950 1594 2986; x_wconf 83' lang='lat' dir='ltr'>nostro</span> <span class='ocrx_word' id='word_1_285' title='bbox 1623 2946 1799 2987; x_wconf 87' lang='lat' dir='ltr'>arbitrio</span> 
     </span>
    </p>
   </div>
  </div>
 </body>
</html>
