2034 3334
995 268 1050 312 16

285 389 422 433 Omisi
452 390 544 441 hic,
578 393 801 447 tamquam
834 389 960 434 facile
991 390 1236 443 ferendum,
1270 405 1335 436 vs.
1370 389 1480 436 147:

406 459 554 503 Altera
586 460 806 513 nobilitas,
839 461 944 505 deus
975 465 1041 506 est
1070 463 1116 505 in
1147 460 1163 521 l
1192 466 1375 519 utroque
1405 465 1593 520 parente.

225 535 268 575 et
300 537 520 588 tamquam
553 546 635 574 non
666 533 727 575 sic
759 532 811 575 ab
843 531 999 577 Ovidio
1030 534 1262 591 scriptum:

287 603 373 646 333
405 602 465 647 Te
498 608 641 647 tamen
672 603 910 661 adgrediar,
942 618 1200 661 mecumque
1231 602 1246 662 Ι
1276 604 1476 648 reducere
1508 605 1635 647 nitar.

283 675 398 732 Ergo
429 676 474 717 in
507 675 740 718 Armorum
772 675 933 719 Iudicio
967 673 1055 718 398
1087 689 1236 719 versus
1273 675 1326 718 16
1353 688 1547 719 caesuras
1572 678 1670 732 post
1694 686 1823 731 quar·

224 751 320 789 tum
352 746 626 798 trochaeum,
659 748 688 789 i.
718 761 753 790 e.
787 748 926 790 viceni
959 748 1080 804 quini
1110 760 1256 799 unam,
1288 747 1460 791 habent.
1494 746 1678 790 Minime
1707 748 1824 790 caret

223 818 332 861 vitio
370 818 455 860 isto
497 817 566 860 hic
606 816 748 868 locus,
793 819 893 874 quin
937 819 1070 861 etiam
1112 817 1244 861 semel
1283 817 1389 861 duos
1419 817 1616 874 deinceps
1647 816 1823 860 exhibet

223 902 374 931 versus
414 902 464 931 eo
498 887 738 931 laborantes
769 887 889 940 (253,
924 888 1044 942 254),
1079 888 1216 932 videri
1247 891 1392 932 tamen
1424 892 1587 945 potest,
1621 885 1735 945 quod
1765 885 1821 931 ad

222 958 329 1001 hanc
355 972 446 1001 rem
472 961 647 1010 attinet,
676 958 804 1016 paulo
821 959 1073 1017 diligentius
1090 961 1352 1016 compositus
1369 973 1498 1016 quam
1515 960 1683 1016 primus
1697 957 1820 1002 liber.

286 1029 406 1072 Addo
449 1031 579 1073 etiam
622 1030 830 1086 quaedam
872 1030 922 1074 de
957 1030 1102 1074 Ovidii
1133 1030 1356 1073 Amoribus.
1399 1029 1572 1073 Habent
1601 1027 1668 1072 illi
1701 1027 1819 1072 1200

222 1101 308 1144 fere
350 1101 646 1152 hexametros,
694 1116 879 1158 quorum
922 1100 978 1146 67
1022 1106 1119 1158 post
1161 1106 1364 1158 quartum
1406 1101 1656 1144 trochaeum
1694 1099 1823 1143 incisi

222 1175 336 1215 sunt.
379 1171 602 1215 Interdum
643 1176 735 1215 tam
776 1171 906 1230 longo
939 1174 1076 1229 spatio
1108 1171 1229 1215 nulla
1258 1171 1471 1215 eiusmodi
1502 1183 1676 1215 caesura
1705 1171 1823 1214 inve-

222 1244 354 1294 nitur,
397 1246 448 1285 ut
489 1242 634 1285 credas
676 1242 823 1286 sedulo
864 1256 957 1285 eam
1001 1243 1052 1286 ab
1085 1243 1297 1286 Amorum
1328 1246 1453 1299 poeta
1485 1243 1681 1285 vitatam.
1715 1238 1820 1283 Vide

223 1327 331 1370 quae
372 1312 423 1356 de
454 1315 574 1355 tertii
603 1313 705 1356 libri
737 1313 875 1371 elegia
906 1327 1016 1357 nona
1049 1313 1253 1356 diximus.
1286 1312 1577 1357 Consideratis
1608 1325 1710 1355 vero
1740 1311 1820 1362 iis,

223 1397 331 1440 quae
373 1383 423 1426 de
464 1383 655 1426 eiusdem
695 1383 796 1427 libri
827 1383 966 1441 elegia
997 1385 1137 1441 prima
1170 1384 1494 1427 observavimus
1525 1382 1594 1436 (de
1624 1381 1820 1426 versibus

222 1453 362 1511 qualis
409 1459 495 1497 est:
541 1454 667 1497 Venit
709 1460 751 1498 et
792 1456 960 1512 ingenti
1002 1454 1192 1498 violenta
1222 1453 1237 1513 s
1267 1453 1504 1511 Tragoedia
1533 1457 1694 1511 passu),
1734 1465 1818 1496 non

223 1527 406 1576 maiore,
450 1525 562 1581 quod
596 1525 770 1581 quidem
802 1526 855 1568 ad
886 1539 1080 1569 caesuras
1113 1532 1208 1583 post
1240 1528 1443 1582 quartum
1477 1524 1726 1568 trochaeum
1756 1526 1819 1566 at-

222 1597 353 1646 tinet,
393 1594 519 1638 laude
564 1600 704 1638 totum
749 1597 959 1638 Amorum
1002 1610 1108 1652 opus
1139 1610 1287 1639 ornare
1318 1609 1546 1653 possumus
1576 1608 1707 1651 quam
1738 1593 1819 1637 hoc

222 1670 273 1708 ut
304 1666 496 1707 dicamus
528 1667 638 1709 inter
668 1665 829 1708 librum
861 1668 1052 1722 primum
1084 1666 1485 1723 Metamorphoseon
1514 1669 1558 1709 et
1583 1666 1815 1708 Armorum

222 1735 436 1778 Iudicium
468 1735 780 1791 quodammodo
814 1737 1007 1779 medium
1037 1735 1148 1779 illud
1181 1741 1322 1780 tenere
1354 1736 1513 1780 locum·

285 1806 377 1862 Age
417 1807 504 1848 iam
549 1808 802 1849 omittamus
844 1806 1049 1850 Ovidium
1091 1812 1135 1850 et
1177 1807 1410 1864 Virgilium
1454 1809 1494 1850 ei
1536 1820 1817 1864 opponamus.

223 1876 346 1933 Elegi
388 1880 534 1919 autem
576 1891 627 1919 ex
671 1878 879 1929 Aeneide,
919 1893 1049 1934 quem
1081 1878 1133 1921 ad
1165 1879 1272 1922 hanc
1306 1883 1541 1935 spectarem
1572 1877 1738 1931 lucem,
1769 1875 1820 1920 li-

223 1947 349 1990 brum
391 1946 461 1998 IV,
510 1951 731 2005 tamquam
779 1951 1198 2005 praestantissimum
1240 1951 1460 2001 omnium,
1503 1953 1631 2007 atque
1673 1963 1726 1992 ex
1768 1962 1817 1992 eo

222 2020 393 2062 enotavi
426 2032 598 2062 versus:

314 2089 371 2132 58
404 2089 624 2147 Legiferae
656 2089 799 2135 Cereri
830 2091 1088 2149 Phoeboque
1120 2092 1134 2150 s
1164 2094 1361 2149 patrique
1392 2092 1549 2150 Lyaeo.

315 2159 370 2202 59
403 2159 555 2203 Iunoni
589 2165 686 2203 ante
714 2176 884 2214 omnes,
917 2165 986 2206 cui
1018 2163 1160 2206 vincla
1192 2163 1207 2221 s
1235 2163 1399 2221 iugalia
1431 2176 1570 2206 curae.

315 2230 368 2273 71
403 2231 554 2274 Pastor
584 2245 715 2288 agens
746 2232 844 2275 telis
874 2233 1087 2290 liquitque
1120 2234 1134 2292 s
1166 2234 1342 2278 volatile
1374 2233 1526 2277 telum.

313 2300 369 2342 84
402 2302 491 2344 Aut
520 2304 687 2358 gremio
718 2304 948 2347 Ascanium
982 2306 1192 2362 genitoris
1224 2304 1238 2363 s
1267 2307 1459 2361 imagine
1491 2307 1625 2360 capta.

286 2371 368 2413 101
405 2373 535 2415 Ardet
568 2387 714 2416 amans
749 2374 858 2418 Dido
892 2378 1107 2432 traxitque
1140 2375 1154 2434 s
1185 2391 1260 2433 per
1291 2390 1385 2419 ossa
1415 2376 1615 2418 furorem.

285 2441 369 2483 117
404 2442 616 2485 Venatum
647 2445 809 2487 Aeneas
842 2460 1011 2502 unaque
1043 2446 1058 2504 l
1089 2449 1332 2490 miserrima
1363 2446 1486 2490 Dido.

287 2511 370 2552 119
404 2512 620 2555 Extulerit
650 2513 776 2557 Titan
807 2516 1020 2572 radiisque
1052 2517 1067 2575 s
1097 2519 1299 2560 retexerit
1329 2518 1487 2560 orbem.

288 2581 372 2622 123
407 2581 643 2638 Diffugient
674 2587 850 2628 comites
882 2590 925 2630 et
956 2595 1078 2631 nocte
1110 2587 1125 2646 l
1156 2592 1359 2645 tegentur
1391 2601 1531 2645 opaca.

286 2651 370 2692 158
403 2651 767 2710 Spumantemque
800 2656 890 2699 dari
922 2672 1072 2714 pecora
1102 2660 1214 2701 inter
1245 2658 1260 2716 l
1289 2660 1443 2701 inertia
1476 2659 1600 2701 votis.

286 2720 371 2762 194
405 2722 651 2778 Regnorum
685 2727 961 2771 immemores
994 2731 1194 2785 turpique
1224 2728 1239 2787 s
1270 2729 1470 2785 cupidine
1502 2731 1658 2783 captos.

282 2790 370 2832 200
404 2791 586 2835 Centum
620 2809 712 2838 aras
743 2800 886 2852 posuit
917 2799 1182 2856 vigilemque
1214 2798 1228 2857 s
1258 2803 1495 2842 sacraverat
1525 2801 1685 2856 ignem.

282 2861 369 2902 218
403 2862 567 2919 Quippe
599 2868 685 2908 tuis
719 2867 896 2911 ferimus
928 2870 1172 2925 famamque
1203 2868 1218 2927 s
1249 2870 1444 2912 fovemus
1474 2870 1658 2911 inanem.

281 2931 365 2973 261
403 2932 629 2985 Constitit,
664 2944 791 2992 atque
822 2939 891 2981 illi
924 2939 1122 2983 stellatus
1154 2939 1169 2997 s
1198 2939 1360 2995 iaspide
1390 2938 1524 2982 fulva.

280 3001 365 3043 281
401 3003 531 3046 Ardet
563 3007 677 3048 abire
711 3008 812 3064 fuga
846 3009 1065 3065 dulcisque
1097 3008 1112 3067 l
1143 3008 1380 3065 relinquere
1414 3014 1562 3052 terras.
