2034 3334
902 380 986 422 145

202 519 320 550 nunc
366 519 516 550 versus
563 509 665 549 sunt
709 506 856 563 Atque
883 531 938 539 —
966 509 1089 550 rates.
1136 506 1295 550 Veram
1343 508 1609 563 monstravit,
1658 509 1707 550 ut

205 584 366 639 opinor,
397 584 512 626 viam
543 582 822 626 Burmannus
852 584 1060 640 legendo:

383 693 474 735 Aut
505 705 583 749 ego
614 696 706 735 tum
740 693 908 735 videam
940 692 1086 736 faciles
1120 692 1343 736 subsidere
1374 695 1537 736 ventos.

204 803 267 846 Ea
298 806 441 847 autem
482 807 651 860 recepta
687 803 982 846 emendatione
1015 806 1057 846 et
1090 807 1256 846 servato
1288 804 1468 859 pristino
1500 815 1708 845 versuum

205 880 363 935 ordine,
394 881 610 923 levissima
644 881 769 923 etiam
798 879 999 922 accedere
1027 879 1151 922 debet
1177 881 1405 933 correct103
1433 892 1508 935 pro
1535 879 1709 935 patia-

205 958 296 999 tur
342 957 455 999 enim
502 955 732 1012 legendum
778 958 842 998 est
885 956 1197 1012 patiantur.
1240 955 1310 998 Sic
1356 956 1499 998 omnia
1539 956 1708 1011 egregie

204 1032 441 1088 procedunt
469 1035 509 1075 et
535 1032 820 1088 pulcherrima
847 1032 1016 1074 exsistit
1043 1032 1275 1074 sententia:
1309 1045 1359 1086 „o
1377 1033 1555 1086 utinam,
1572 1044 1708 1087 quum

205 1109 289 1151 iam
323 1121 347 1150 e
376 1111 503 1164 portu
534 1108 640 1150 exiit
670 1109 794 1150 navis
827 1121 912 1163 qua
943 1108 1124 1162 veheris,
1156 1111 1197 1150 et
1227 1108 1273 1149 in
1300 1108 1384 1150 alto
1411 1108 1520 1149 mari
1537 1110 1600 1150 est
1618 1107 1712 1161 (hoc

207 1185 322 1227 enim
369 1183 579 1240 significat
631 1197 753 1238 „cum
800 1183 878 1226 tibi
923 1187 1145 1240 provectas
1189 1182 1352 1226 auferet
1393 1183 1510 1226 unda
1540 1181 1710 1237 rates''),

208 1260 349 1303 subito
397 1262 525 1316 venti,
566 1260 764 1316 precibus
805 1261 911 1303 meis
951 1260 1108 1316 faciles,
1151 1260 1375 1303 subsidant
1418 1261 1610 1316 mihique
1651 1260 1710 1302 ita

206 1336 435 1392 praebeant
478 1337 723 1380 facultatem
766 1337 845 1379 tibi
887 1337 1180 1380 crudelitatem
1222 1340 1343 1379 tuam
1378 1335 1707 1392 exprobrandi.''
1750 1386 1755 1394 l

208 1411 331 1463 Quod
363 1416 505 1456 autem
534 1417 837 1469 provectas
870 1416 1020 1456 rates
1055 1413 1157 1455 dicit
1190 1413 1451 1469 Propertius,
1483 1416 1558 1455 aut
1583 1412 1708 1455 metri

1730 1466 1758 1473 ,-

206 1502 334 1532 causa
365 1503 440 1545 pro
474 1489 681 1545 singulari
714 1491 851 1532 utitur
882 1490 1051 1545 plurali,
1083 1493 1157 1532 aut
1187 1490 1260 1532 ille
1292 1489 1499 1543 Cynthiae
1533 1492 1734 1565 amator„
1761 1521 1769 1538 s

205 1565 415 1622 Propertii
446 1566 604 1621 rivalis,
635 1567 762 1608 homo
793 1565 875 1608 fuit
906 1566 1062 1608 nobilis
1089 1579 1188 1608 cum
1215 1566 1350 1608 classe
1376 1567 1421 1608 in
1439 1566 1702 1622 provinciam

205 1641 486 1698 profecturus.

264 1717 321 1773 Π,
360 1719 400 1773 4,
436 1708 496 1769 17
541 1731 603 1774 sq.
653 1716 771 1768 Quae
817 1718 990 1760 Amoris
1039 1719 1125 1761 sint
1168 1719 1280 1761 vires
1322 1718 1389 1761 his
1422 1718 1544 1761 docet
1575 1718 1707 1760 versi—

203 1793 286 1836 bus
320 1797 464 1850 poeta:

381 1903 479 1946 Non
510 1904 579 1946 hic
609 1904 740 1946 herba
771 1904 894 1959 valet,
924 1916 1012 1945 non
1044 1904 1113 1945 hic
1143 1907 1355 1946 nocturna
1387 1902 1569 1957 Cytaeis,

441 1980 540 2023 Non
570 1980 842 2023 Perimedeae
873 1980 1066 2035 gramina
1097 1983 1217 2022 cocta
1248 1993 1414 2022 manus.

205 2087 246 2130 N
248 2103 301 2131 on
350 2089 578 2131 admodum
627 2089 841 2144 eleganter
880 2087 1088 2131 vocabula
1127 2102 1156 2144 g
1167 2102 1189 2130 r
1201 2102 1225 2130 a
1238 2089 1306 2130 mi
1319 2102 1347 2130 11
1359 2103 1383 2131 a
1414 2102 1436 2130 o
1449 2102 1472 2130 o
1485 2102 1508 2131 c
1519 2092 1537 2131 t
1549 2103 1574 2131 a
1606 2102 1704 2131 cum

204 2166 392 2221 genitivo
438 2166 692 2222 iunguntur,
733 2165 954 2220 multoque
995 2168 1209 2220 praestare
1251 2166 1402 2220 opinor
1432 2165 1706 2208 Perimedeae

204 2243 396 2298 gramina
426 2245 545 2284 cocta
574 2255 757 2296 manu,
789 2245 838 2283 ut
867 2254 1030 2283 manu
1059 2242 1115 2283 sit
1142 2241 1323 2296 dativus,
1341 2241 1705 2296 quemadmodum

208 2322 250 2362 et
279 2319 314 2374 1,
346 2320 415 2376 11,
452 2320 529 2361 12:

442 2429 645 2471 Alternae
676 2428 811 2471 facilis
843 2428 991 2471 cedere
1022 2428 1198 2483 lympha
1230 2441 1376 2483 manu,

998 2495 1048 2533 ff

206 2538 260 2580 ad
291 2550 418 2593 quem
450 2537 592 2579 locum
623 2537 722 2579 vide
752 2536 993 2579 Burmanni
1025 2537 1353 2579 annotationem.

0 2635 4 2663 ι
265 2614 301 2669 I,
345 2614 410 2662 17,
455 2614 509 2654 15
549 2627 610 2668 sq.
659 2611 783 2662 Quod
830 2613 998 2668 puellae
1043 2614 1213 2655 iniuriis
1257 2612 1537 2655 exacerbatus
1569 2612 1705 2654 Roma

208 2689 358 2732 abierit
389 2693 431 2732 et
462 2689 557 2731 aliis
589 2688 731 2731 verbis
764 2690 1042 2744 conqueritur
1072 2691 1196 2744 poeta
1228 2691 1269 2730 et
1302 2689 1441 2730 hisce:

0 2807 3 2835 Ι
383 2798 539 2841 Nonne
568 2798 651 2840 fuit
681 2798 835 2840 melius
869 2798 1066 2840 dominae
1098 2799 1344 2853 pervincere
1371 2798 1544 2840 mores?

0 2915 3 2975 ι
446 2873 652 2925 Quamvis
685 2873 792 2916 dura
822 2877 963 2917 tamen
997 2887 1092 2916 rara
1124 2873 1265 2930 puella
1295 2873 1388 2916 fuit.

1525 2946 1571 2981 10

1742 1485 1773 1502 ,ρ
1785 1483 1822 1507 ⁶⁴}
1864 1476 1877 1494 l‘
1893 1477 1907 1495 l?
1963 1479 1971 1495 l.

1739 1555 1745 1566 l

1959 1515 1967 1526 Ι

1774 1544 1842 1565 (ί.,’
1870 1534 1915 1563 ”,’”
1946 1527 1982 1560 ‘l'
