2034 3334
1012 384 1094 423 156

321 491 467 540 Neque
523 491 670 530 minus
725 491 857 540 probo
904 491 1016 540 quod
1063 501 1139 541 pro
1185 502 1351 541 quum
1396 493 1590 542 potius
1635 492 1835 544 recripsit

261 567 455 617 potius
487 578 660 617 quam.

322 644 391 684 25.
439 644 505 683 Ad
557 644 771 693 originem
816 644 1045 684 nominum
1091 645 1323 685 macelli
1370 646 1415 685 et
1459 645 1571 685 fori
1618 645 1833 697 cupedi-

260 720 409 760 narii
456 720 759 769 explicandam
805 721 850 760 et
895 720 982 760 alia
1027 731 1050 760 e
1096 720 1288 761 Varrone
1334 720 1573 761 afferuntur
1618 722 1664 763 et
1702 721 1832 763 haec:

264 796 359 845 „his
406 795 625 842 (Numerio
672 795 843 845 Equitio
889 795 1041 847 Cupite
1083 798 1128 837 et
1169 797 1381 837 Romanio
1422 797 1614 844 Macello)
1645 797 1692 837 in
1722 797 1833 839 exsi-

259 872 365 911 lium
395 872 505 911 actis
531 871 750 921 publicata
774 873 879 912 sunt
903 872 1027 923 bona,
1057 874 1102 913 et
1128 873 1256 913 aedes
1282 873 1355 913 ubi
1372 873 1626 913 habitabant
1641 873 1832 923 dirutae;

260 958 367 997 eque
409 958 461 987 ea
501 947 683 997 pecunia
713 947 856 988 scalae
887 948 1026 988 Deum
1059 949 1288 989 Penatium
1320 948 1571 989 aedificatae
1601 949 1718 989 sunt.
1749 948 1835 990 Ubi

259 1024 525 1074 habitabant,
574 1024 707 1074 locus,
756 1024 828 1063 ubi
876 1025 1076 1064 venirent
1123 1035 1176 1064 ea
1222 1035 1331 1074 quae
1372 1025 1576 1065 vescendi
1617 1035 1749 1066 causa
1788 1025 1834 1066 in

259 1100 411 1140 urbem
453 1101 578 1140 erant
619 1100 794 1140 allata.”
839 1100 957 1150 Quod
999 1101 1098 1150 post
1129 1100 1481 1140 aedificatae
1513 1102 1647 1142 sunt
1676 1102 1835 1152 legitur

258 1177 350 1215 ubi
391 1176 757 1226 habitabant,
797 1176 839 1216 id
872 1176 1014 1226 inepte
1046 1176 1281 1226 repetitum
1313 1178 1381 1216 est
1411 1187 1435 1217 e
1465 1177 1832 1226 praecedentibus.

259 1253 436 1292 Locus
478 1254 627 1292 autem
659 1252 748 1292 fere
780 1252 1117 1292 aedificium
1149 1250 1377 1302 significat,
1411 1252 1639 1303 verbisque
1673 1252 1831 1304 „locus‚

258 1329 330 1368 ubi
371 1329 571 1368 venirent
611 1339 663 1368 ea
703 1339 813 1378 quae
853 1328 1055 1368 vescendi
1098 1338 1229 1368 causa
1260 1328 1304 1368 in
1335 1328 1486 1368 urbem
1518 1330 1643 1369 erant
1671 1328 1832 1370 allata”

258 1405 489 1454 exponitur
514 1415 598 1454 quo
625 1405 804 1444 consilio
826 1404 975 1444 Scalae
992 1403 1131 1444 Deum
1147 1404 1377 1444 Penatium
1393 1405 1555 1444 fuerint
1569 1405 1832 1446 exstructae.
1915 1400 1924 1406 ”

321 1481 510 1530 „Omnes
551 1481 624 1530 qui
665 1481 888 1520 esculenta
928 1481 971 1520 et
1012 1480 1241 1530 poculenta
1273 1480 1466 1520 vendunt
1496 1490 1522 1520 a
1551 1480 1680 1520 rebus
1710 1490 1832 1530 cupe-

258 1556 371 1595 dinis
402 1557 455 1596 ob
482 1557 742 1596 alimentum
770 1556 1033 1606 cupedinarii
1061 1556 1374 1606 appellantur.”
1402 1555 1662 1606 Corruptum
1686 1555 1831 1598 locum

258 1633 428 1682 egregie
460 1633 649 1672 correxit
680 1632 964 1672 Sabbadinius
996 1632 1251 1672 includendo
1283 1631 1345 1672 ob
1377 1632 1726 1672 alimentum.

318 1709 388 1748 38.
421 1708 574 1755 Hice]
612 1718 714 1758 „pro
746 1708 801 1747 hi
832 1703 1019 1748 vetuste.
1053 1707 1283 1757 Virgilius:

435 1783 516 1823 His
542 1785 658 1824 certe
684 1795 823 1833 neque
849 1793 973 1823 amor
999 1794 1131 1824 causa
1156 1785 1246 1823 est:
1274 1783 1351 1823 vix
1377 1783 1548 1824 ossibus
1573 1783 1767 1825 haerent.

282 1879 286 1883 ·
317 1860 425 1910 Quia
465 1861 622 1900 hisce
664 1860 846 1900 debebat
887 1860 1070 1900 dicere.”
1113 1860 1208 1900 Non
1248 1861 1342 1900 tam
1375 1861 1478 1899 sunt
1508 1859 1615 1900 haec
1646 1859 1834 1900 absurda

255 1946 387 1985 quam
428 1936 568 1985 primo
610 1937 788 1985 aspectu
819 1936 1033 1976 videntur.
1067 1936 1137 1976 Sic
1168 1936 1286 1976 enim
1317 1935 1485 1985 Virgilii
1515 1945 1694 1977 versum
1724 1934 1831 1975 acci·

254 2021 355 2060 pere
397 2011 687 2051 Scholiastam
730 2022 907 2051 censeo:
952 2022 1130 2060 neque
1173 2022 1324 2051 amor
1366 2021 1538 2052 causa
1568 2012 1656 2052 est
1685 2011 1731 2051 in
1761 2021 1829 2061 pa-

254 2087 447 2126 renthesi
478 2089 582 2126 sunt
611 2087 754 2137 posita
785 2089 829 2127 et
855 2088 943 2127 his
970 2088 1268 2128 nominativus
1295 2088 1364 2127 est
1389 2098 1465 2137 pro
1491 2087 1673 2128 hisce:
1700 2087 1832 2128 metri

254 2163 371 2202 enim
404 2164 448 2202 et
479 2163 718 2212 euphoniae
750 2173 882 2203 causa
912 2163 1080 2213 syllaba
1113 2174 1171 2203 ce
1203 2163 1443 2203 abiicienda
1473 2163 1567 2203 fuit.

314 2239 370 2278 39
402 2250 466 2288 sq.
767 2239 962 2279 Plurima
992 2240 1133 2279 salute
1166 2239 1483 2279 Parmenonem

553 2316 785 2355 Summum
817 2326 947 2356 suum
979 2315 1175 2365 impertit
1207 2315 1391 2355 Gnatho.

254 2392 324 2430 Sic
364 2391 681 2431 Parmenonem
722 2392 940 2440 parasitus
983 2391 1228 2439 alloquitur.
1272 2390 1518 2430 Annotatur
1563 2390 1696 2439 „haec
1735 2391 1830 2430 tota

252 2467 423 2516 locutio,
452 2467 710 2516 parasiticae
738 2467 978 2516 elegantiae
1005 2467 1049 2506 et
1075 2466 1207 2506 simul
1235 2465 1434 2516 εἰρωνείας
1460 2466 1587 2514 plena
1613 2466 1693 2505 est.
1715 2465 1828 2507 Nam

253 2545 296 2582 et
327 2543 561 2592 plurimam
593 2543 697 2582 dicit
729 2543 767 2582 ei
799 2543 1001 2592 salutem,
1035 2552 1166 2591 quem
1198 2552 1252 2580 ne
1284 2541 1489 2590 exiguam
1520 2541 1695 2590 quidem
1721 2541 1829 2581 velit

252 2619 471 2658 continere
498 2630 533 2658 e.
553 2630 591 2667 q.
610 2620 675 2658 s.'’
705 2619 963 2668 Corruptum
990 2619 1134 2658 locum
1161 2619 1237 2658 aut
1263 2618 1325 2657 ita
1351 2618 1651 2667 corrigendum
1672 2626 1827 2657 censeo

252 2696 301 2733 ut
347 2705 422 2743 pro
461 2696 758 2734 continere
796 2695 965 2743 legatur
1007 2694 1291 2743 obtinere,
1335 2694 1412 2732 aut
1452 2703 1527 2742 pro
1569 2703 1728 2741 quem
1772 2712 1824 2720 --

253 2770 551 2809 continere
584 2771 878 2819 reponendum
911 2770 1084 2809 cui-
1121 2769 1471 2817 contingere.

311 2846 380 2883 51.
503 2846 595 2894 Age
613 2846 740 2885 modo
758 2856 872 2885 nunc
888 2845 966 2884 tibi
982 2846 1134 2894 patent
1149 2845 1263 2884 fores
1280 2845 1361 2884 hae
1378 2843 1480 2893 quia
1496 2844 1628 2883 istam
1645 2843 1779 2883 duciS.

254 2919 471 2958 Flebiliter
523 2921 628 2959 haec
681 2931 706 2959 a
752 2921 1020 2960 Parmenone
1067 2921 1279 2960 dicuntur.
1327 2920 1594 2959 Annotatur:
1645 2929 1727 2968 „ex
1773 2928 1823 2958 eo
