2034 3334
974 252 1028 295 51

205 375 360 418 solum.
394 375 481 418 Diu
507 375 653 418 audita
677 375 870 431 lectaque
896 389 1067 418 mecum
1093 373 1418 432 pervolvebam,
1448 374 1520 417 sed
1547 388 1630 430 quo
1657 374 1799 430 magis

205 446 526 489 considerabam
573 449 716 489 omnia
762 461 810 489 eo
857 448 1010 488 certior
1058 445 1167 487 mihi
1208 446 1347 487 stabat
1389 446 1598 488 sententia
1639 448 1799 487 ceteros

208 531 355 559 omnes
397 531 535 560 errare
576 531 645 560 me
689 531 841 559 verum
884 517 1056 559 vidisse.
1105 516 1424 572 Ineptissimae,
1469 519 1534 558 sat
1577 517 1685 565 scio,
1728 528 1798 556 me

205 587 423 633 αὐθαδείαις
473 588 689 630 accusabit
737 589 979 644 quicunque
1026 588 1105 630 hoc
1155 601 1223 629 me
1270 586 1542 643 profitentem
1588 585 1795 628 audierit:

208 672 310 714 ergo
346 673 432 700 rem
466 660 604 715 ipsam
638 663 877 715 cognoscat.

268 729 386 771 Mota
426 745 563 771 manus
596 745 806 784 procerum
847 734 916 771 est.
950 730 1139 772 Annotat
1171 728 1416 786 Gierigius:
1454 743 1633 780 „manu-⁹,
1667 729 1799 771 consi—

205 799 339 849 lium,
383 799 644 857 collegium''
687 805 814 856 atque
856 802 915 842 sic
957 814 1063 856 puer
1093 814 1215 843 meus
1248 804 1457 850 verterat,
1491 801 1798 855 vertebantque

206 885 352 913 omnes
383 885 489 927 quos
521 871 754 914 identidem
788 872 1013 928 rogabam,
1047 886 1129 914 non
1160 873 1275 914 cives
1301 870 1443 913 solum
1470 871 1700 913 academici
1726 869 1798 912 sed

205 943 336 984 etiam
378 943 462 984 viri
504 942 628 985 docti.
672 942 720 983 In
764 943 1067 984 recentioribus
1111 942 1369 984 editionibus
1413 946 1558 997 (atque
1602 942 1797 983 omnium

203 1015 338 1054 instar
370 1013 438 1055 hic
471 1016 535 1055 est
564 1014 931 1069 praestantissima
961 1012 1037 1055 illa
1070 1012 1289 1063 Ehwaldi,
1322 1026 1429 1068 quae
1461 1026 1497 1054 a.
1536 1011 1652 1054 1898
1685 1010 1798 1067 apud

208 1082 535 1134 Weidmannos‚
581 1081 848 1126 Germanicis
889 1084 1236 1126 annotationibus
1277 1084 1508 1132 instructa,
1553 1082 1712 1138 prodiit
1751 1082 1797 1122 in

204 1153 366 1205 lucem)
398 1154 507 1196 nihil
541 1155 661 1196 video
694 1158 967 1205 annotatum,
1003 1168 1024 1196 e
1053 1168 1136 1209 qua
1162 1168 1206 1196 re
1234 1154 1365 1196 efficio
1392 1152 1503 1195 nihil
1529 1154 1634 1195 viris
1664 1153 1798 1195 doctis

204 1226 250 1266 in
292 1226 465 1280 antiqua
507 1224 692 1281 Gierigii
731 1227 1082 1280 interpretatione
1115 1225 1372 1267 mutandum
1406 1224 1555 1267 videri.
1589 1223 1671 1266 Sed
1702 1225 1798 1278 quis

207 1309 396 1351 unquam
441 1300 586 1351 (atque
623 1297 701 1338 hoc
732 1297 1040 1352 gravissimum
1073 1297 1183 1337 mihi
1214 1296 1265 1338 ad
1298 1295 1523 1351 vulgatam
1556 1296 1797 1337 versionem

204 1366 478 1408 refellendam
506 1366 679 1409 videtur
711 1371 1040 1422 argumentum,
1079 1367 1179 1416 hoc,
1212 1366 1313 1408 licet
1346 1372 1482 1408 cetera
1514 1367 1660 1408 omnia
1690 1379 1797 1420 quae

207 1437 399 1479 dicturus
440 1451 536 1479 sum
579 1439 724 1479 minus
764 1438 995 1493 probentur
1035 1436 1300 1493 legentibus,
1345 1451 1471 1479 nemo
1504 1436 1613 1478 mihi
1646 1437 1798 1491 eripiet

205 1522 419 1564 unquam,
453 1523 579 1551 nemo
612 1522 802 1564 unquam
834 1510 991 1565 poterit
1024 1507 1275 1559 convellere)
1307 1522 1439 1564 grave
1475 1511 1602 1563 atque
1644 1520 1798 1562 augus-

205 1583 300 1620 tum
331 1593 555 1634 procerum
589 1579 815 1621 consilium
843 1594 998 1620 manum
1026 1578 1230 1635 appellari
1256 1576 1450 1620 audivit?
1482 1578 1630 1620 Nonne
1658 1577 1796 1619 multo

205 1649 274 1691 hic
306 1651 588 1705 praestitisset
618 1650 713 1691 moti
744 1654 838 1691 sunt
856 1665 1041 1703 proceres
1067 1647 1274 1692 scribere?
1302 1648 1398 1691 Scio
1425 1648 1632 1691 vocabula
1659 1662 1796 1690 unum

206 1719 443 1775 spondeum
490 1720 714 1776 implentia
757 1722 803 1762 in
848 1722 971 1763 initio
1020 1722 1367 1762 hexametrorum
1414 1733 1509 1762 rara
1551 1733 1640 1761 esse
1683 1718 1796 1774 apud

205 1789 406 1832 cultiores
447 1794 614 1846 poetas,
657 1805 739 1833 non
782 1791 935 1832 desunt
970 1794 1116 1833 tamen
1157 1792 1202 1832 in
1246 1790 1684 1846 Metamorphosesin,
1727 1789 1795 1830 hic

205 1874 304 1902 vero
346 1861 558 1903 eiusmodi
588 1875 736 1904 versus
767 1863 1029 1918 gravitatem
1061 1862 1272 1917 quandam
1306 1862 1480 1903 haberet
1512 1875 1535 1902 a
1567 1861 1796 1903 verborum

203 1933 411 1973 sententia
452 1933 631 1974 minime
663 1933 975 1974 abhorrentem.
1018 1932 1164 1987 Neque
1199 1936 1343 1974 metuo
1375 1946 1427 1973 ne
1460 1933 1554 1987 quis
1586 1931 1694 1972 mihi
1726 1930 1795 1971 hic

204 2005 388 2057 opponat
430 2002 543 2057 quod
583 2004 627 2044 in
671 2002 854 2058 Dialogo
890 2002 939 2044 de
973 2003 1222 2045 Oratoribus
1254 2017 1288 2044 c.
1325 2001 1379 2044 37
1412 2002 1596 2058 legitur:
1631 2006 1796 2042 ceteram

195 2086 404 2125 procerum
445 2087 613 2123 manum,
657 2087 756 2114 nam
799 2074 872 2128 qui
913 2074 975 2114 ibi
1005 2072 1197 2127 loquitur
1227 2073 1479 2123 (secundum
1513 2075 1672 2114 ceteros
1705 2071 1796 2112 Ma-

202 2146 372 2193 ternus,
414 2143 648 2185 secundum
689 2143 888 2185 Iohnium
932 2142 1166 2194 Secundus)
1208 2142 1446 2198 significare
1479 2141 1578 2184 vult
1617 2156 1794 2193 maynum

202 2226 291 2255 esse
336 2226 486 2254 eorum
530 2227 753 2268 procerum
794 2227 1015 2264 numerumg
1060 2213 1110 2255 de
1152 2212 1274 2254 libris
1305 2214 1447 2268 potius
1481 2226 1610 2268 quam
1643 2211 1693 2253 de
1725 2211 1795 2253 ho-

205 2283 393 2324 minibus
426 2284 613 2338 cogitat,
645 2287 894 2338 poteratque
928 2287 970 2324 et
993 2297 1201 2335 procerum
1233 2282 1528 2323 multitudinem
1560 2281 1631 2324 vel
1663 2283 1795 2323 etiam

197 2367 407 2406 procerum
454 2353 608 2393 turbam
651 2352 802 2394 dicere.
845 2351 976 2393 Aliud
1020 2356 1084 2394 est
1125 2354 1168 2393 in
1209 2353 1458 2394 uuiversum
1491 2351 1541 2393 de
1573 2365 1795 2406 procerum

205 2437 359 2479 genere
403 2423 545 2478 loqui,
589 2422 706 2464 aliud
747 2422 989 2479 legentibus
1032 2427 1128 2464 ante
1170 2422 1313 2465 oculos
1356 2436 1588 2478 proponere
1630 2427 1794 2464 certum

207 2493 418 2548 quendam
449 2495 621 2547 iamque
653 2497 776 2534 antea
808 2497 1190 2535 commemoratum
1223 2507 1377 2548 regum
1411 2506 1653 2534 consessum
1681 2505 1797 2533 eum-

205 2577 287 2618 que
319 2562 636 2620 amplissimum
671 2566 714 2605 et
745 2576 1015 2618 summopere
1047 2563 1336 2605 venerandum
1357 2562 1401 2615 ¹).

249 2789 285 2831 1)
319 2789 444 2830 Respici
473 2800 491 2820 a
526 2788 651 2830 Dialogi
682 2789 837 2831 scriptore
869 2788 946 2820 vidii
979 2787 1104 2819 Overba
1135 2788 1274 2820 dixeris?
1307 2789 1403 2820 Haud
1428 2787 1592 2830 obloquor.
1617 2787 1677 2819 Sed
1701 2798 1793 2829 quam

202 2852 295 2884 saepe
326 2843 381 2884 qui
407 2842 500 2874 verba
524 2843 689 2874 notissima
712 2843 803 2873 affert
828 2853 864 2873 ea
889 2852 946 2884 per
970 2842 1068 2873 risum
1091 2842 1258 2883 iocumque
1283 2842 1315 2873 in
1339 2853 1429 2874 suum
1453 2842 1612 2874 convertit
1637 2852 1729 2873 usum
1753 2844 1798 2872 at-

203 2907 264 2938 que
294 2907 330 2927 eo
360 2907 452 2928 sensu
484 2897 612 2928 adhibet
636 2898 673 2928 de
698 2908 761 2938 quo
785 2899 897 2928 auctor
921 2907 959 2927 ne
982 2896 1134 2936 cogitavit
1157 2896 1295 2938 quidem.
1321 2898 1436 2928 Nonne
1460 2908 1551 2939 saepe
1575 2908 1631 2928 nos
1655 2897 1795 2937 aliquem

209 2951 424 2983 „laudatorem
454 2952 600 2994 temporis
632 2950 720 2983 acti''
751 2951 949 2994 appellamus
978 2956 1032 2982 aut
1056 2951 1152 2982 nescii
1175 2954 1232 2983 aut
1255 2962 1318 2983 non
1342 2954 1490 2983 curantes
1514 2951 1664 2984 vocabula
1686 2953 1796 2982 notata

209 3004 296 3036 omni
318 3015 424 3036 carere
447 3015 540 3038 sensu
563 3005 623 3038 nisi
647 3006 728 3037 illud
751 3016 784 3038 se
800 3015 898 3047 puero
924 3004 1049 3036 accedat
