2034 3334
787 778 1097 834 CAPUT
1145 779 1251 834 ΙΙΙ.

397 1149 453 1180 ΒΕ
483 1148 888 1191 ΜΕΤΑΜΟΒΡΗΟΒΕΟΝ
919 1149 1107 1179 UL'HMAE
1139 1147 1289 1179 PAR'I'IS
1319 1147 1645 1178 ENUN'HATIONE.

279 1280 426 1322 Primo
458 1280 596 1335 capite
627 1280 838 1322 virtutem
870 1279 1085 1335 quandam
1118 1278 1286 1331 Ovidii,
1319 1280 1364 1321 in
1396 1280 1548 1321 ceteris
1581 1278 1812 1321 Metamor-

217 1351 403 1408 phoseon
428 1349 550 1392 libris
576 1351 872 1406 conspicuam,
902 1350 1270 1407 praedicavimus,
1300 1354 1344 1392 at
1370 1364 1392 1392 e
1417 1349 1540 1392 libris
1557 1349 1656 1393 XIV
1673 1354 1715 1392 et
1731 1349 1811 1391 XV

217 1422 317 1464 huic
343 1421 551 1463 contraria
577 1419 837 1476 protulimus
865 1422 985 1463 vitia.
1013 1421 1138 1464 Nunc
1161 1420 1387 1464 videamus
1413 1421 1684 1476 possimusne
1701 1423 1744 1462 et
1761 1434 1812 1462 ex

218 1491 303 1536 alio
330 1505 485 1549 genere
511 1490 657 1534 afferre
684 1494 940 1548 argumenta
968 1491 1020 1534 ad
1047 1491 1427 1534 demonstrandum
1444 1490 1648 1533 ultimam
1664 1489 1813 1547 magni

218 1564 357 1619 operis
388 1566 556 1618 partem
588 1562 938 1618 praecedentibus
970 1564 1114 1605 minus
1148 1576 1236 1605 esse
1265 1561 1464 1604 limatam
1498 1561 1756 1617 cultamque.

281 1633 463 1676 Omnino
506 1632 685 1676 Ovidius
727 1632 909 1689 limpida
943 1633 1214 1690 simplicique
1247 1634 1387 1675 utitur
1418 1634 1734 1683 enuntiatione,
1766 1634 1812 1674 in

219 1704 633 1761 Metamorphosesin
666 1718 766 1748 vero
799 1718 938 1747 sermo
970 1706 1062 1747 eius
1094 1708 1185 1747 tam
1216 1706 1466 1760 perspicuus
1497 1703 1718 1759 facilisque
1750 1706 1815 1746 est

219 1778 270 1817 ut
316 1776 447 1817 etiam
494 1775 618 1830 pueri
660 1789 742 1817 non
786 1776 917 1817 nimis
959 1774 1071 1817 tardi
1114 1776 1203 1817 sine
1246 1774 1337 1817 ulla
1367 1773 1567 1816 molestia
1599 1788 1669 1816 eos
1701 1778 1813 1816 certe

215 1844 352 1896 locos,
392 1846 467 1901 qui
498 1845 743 1888 nominibus
775 1844 1085 1902 mythologicis
1116 1845 1501 1902 geographicisque
1533 1848 1690 1895 carent,
1724 1858 1814 1900 per-

216 1915 361 1973 legere
403 1916 568 1972 possint
609 1919 652 1958 et
692 1919 841 1972 sponte
883 1918 1092 1958 memoria
1130 1920 1314 1959 teneant.
1359 1916 1455 1959 Non
1497 1929 1606 1972 nego
1639 1915 1813 1971 quidem

217 1987 289 2028 hic
324 1985 415 2028 illic
447 1989 710 2028 structuram
741 1986 998 2043 deprehendi
1029 1986 1157 2043 paulo
1190 1988 1491 2030 contortiorem
1504 2000 1515 2038 3
1561 1986 1634 2028 sed
1665 1999 1814 2029 versus

221 2055 366 2113 quales
396 2055 442 2097 hi
475 2059 576 2098 sunt
607 2059 677 2108 (ex
707 2057 832 2099 initio
863 2055 964 2098 libri
994 2056 1100 2109 IX):

433 2125 549 2178 Quae
580 2127 771 2182 gemitus
803 2130 1061 2182 truncaeque
1093 2125 1170 2168 deo
1201 2125 1444 2182 Neptunius
1475 2126 1599 2168 heros

434 2194 573 2240 Causa
603 2200 728 2252 rogat
758 2196 909 2239 frontis

221 2269 307 2310 rari
348 2271 449 2310 sunt
485 2269 530 2309 in
562 2266 999 2323 Metamorphosesin,
1033 2281 1169 2323 neque
1200 2266 1311 2310 ullos
1342 2268 1402 2310 ibi
1434 2268 1613 2310 memini
1645 2281 1714 2309 me
1746 2268 1814 2309 his

219 2339 502 2380 intricatiores
543 2336 710 2393 legere,
753 2341 796 2379 et
838 2341 939 2379 sunt
980 2341 1124 2379 tamen
1167 2336 1237 2380 vel
1279 2337 1325 2379 hi
1357 2337 1568 2379 eiusmodi
1602 2341 1650 2379 ut
1681 2338 1815 2380 iudici

221 2408 350 2465 paulo
382 2408 534 2450 leniori
565 2407 697 2450 bilem
729 2421 902 2450 movere
933 2422 1017 2450 non
1047 2409 1225 2464 possint.
1260 2407 1335 2458 „In
1367 2407 1813 2463 Metamorphosesin''

221 2493 322 2522 cum
354 2479 467 2529 dico,
501 2477 634 2520 libros
669 2477 768 2520 XIV
801 2482 843 2520 et
875 2478 955 2520 XV
984 2492 1083 2520 cum
1109 2478 1212 2520 libri
1237 2477 1344 2520 XIII
1371 2479 1565 2521 versibus
1592 2478 1812 2522 400—fin.

221 2551 398 2605 excipio.
432 2548 544 2591 Nam
575 2548 677 2590 haec
711 2561 808 2603 pars
834 2548 1029 2591 versibus
1055 2548 1268 2598 obscuris,
1297 2549 1526 2599 contortis,
1556 2550 1675 2591 omni
1702 2549 1816 2591 deni-

223 2634 304 2676 que
336 2633 490 2676 genere
522 2620 728 2661 vitiorum
759 2617 1073 2669 laborantibus,
1109 2618 1297 2661 abundat
1330 2623 1372 2660 et
1404 2623 1503 2660 sunt
1534 2620 1578 2660 in
1603 2619 1691 2661 filis
1717 2634 1815 2662 non-

224 2689 356 2740 nulli,
390 2703 516 2745 quos,
550 2690 679 2731 etiam
713 2702 812 2730 cum
844 2690 995 2744 primis
1027 2687 1116 2730 illis
1148 2688 1250 2730 libri
1282 2687 1345 2729 IX
1375 2689 1568 2731 versibus
1600 2703 1815 2745 compara-

224 2763 313 2810 tos,
345 2761 511 2815 ineptos
546 2758 817 2814 insulsosque
850 2758 987 2800 dicere
1017 2773 1101 2800 non
1133 2758 1314 2801 dubites.

284 2830 377 2886 Age
407 2831 495 2872 iam
529 2833 604 2871 aut
635 2843 781 2872 omnes
814 2832 889 2871 aut
919 2832 1031 2871 certe
1065 2843 1134 2871 eos
1166 2830 1240 2884 qui
1271 2831 1459 2872 maxime
1490 2831 1681 2886 insignes
1713 2834 1814 2872 sunt

223 2900 292 2942 hic
323 2913 632 2955 proponamus;
668 2901 727 2942 sic
759 2901 920 2955 optime
951 2898 1137 2941 elucebit
1169 2903 1377 2954 quantum
1410 2900 1492 2942 sibi
1522 2914 1616 2943 eam
1647 2905 1813 2956 partem

224 2970 408 3012 scribens
452 2971 694 3026 permiserit
727 2969 932 3021 Ovidius,
966 2973 1176 3025 quantum
1207 2969 1289 3011 sibi
1320 2969 1446 3013 licere
1478 2972 1534 3012 sit
1566 2972 1810 3013 arbitratus.
