<?xml version="1.0" encoding="UTF-8"?>
<!DOCTYPE html PUBLIC "-//W3C//DTD XHTML 1.0 Transitional//EN"
    "http://www.w3.org/TR/xhtml1/DTD/xhtml1-transitional.dtd">
<html xmlns="http://www.w3.org/1999/xhtml" xml:lang="en" lang="en">
 <head>
  <title>
</title>
<meta http-equiv="Content-Type" content="text/html;charset=utf-8" />
  <meta name='ocr-system' content='tesseract 3.04.00' />
  <meta name='ocr-capabilities' content='ocr_page ocr_carea ocr_par ocr_line ocrx_word'/>
</head>
<body>
  <div class='ocr_page' id='page_1' title='image "./dehoratiopota00hartuoft_0606.png"; bbox 0 0 2034 3334; ppageno 0'>
   <div class='ocr_carea' id='block_1_1' title="bbox 1782 0 1861 89">
    <p class='ocr_par' dir='ltr' id='par_1_1' title="bbox 1782 0 1861 89">
     <span class='ocr_line' id='line_1_1' title="bbox 1782 0 1861 89; baseline 0 3245"><span class='ocrx_word' id='word_1_1' title='bbox 1782 0 1861 89; x_wconf 95' lang='lat' dir='ltr'> </span> 
     </span>
    </p>
   </div>
   <div class='ocr_carea' id='block_1_2' title="bbox 963 392 1048 432">
    <p class='ocr_par' dir='ltr' id='par_1_2' title="bbox 963 392 1048 432">
     <span class='ocr_line' id='line_1_2' title="bbox 963 392 1048 432; baseline 0 0"><span class='ocrx_word' id='word_1_2' title='bbox 963 392 1048 432; x_wconf 88' lang='grc'>222</span> 
     </span>
    </p>
   </div>
   <div class='ocr_carea' id='block_1_3' title="bbox 216 516 1797 2771">
    <p class='ocr_par' dir='ltr' id='par_1_3' title="bbox 216 516 1794 873">
     <span class='ocr_line' id='line_1_3' title="bbox 216 516 1794 568; baseline 0.001 -10"><span class='ocrx_word' id='word_1_3' title='bbox 216 528 432 568; x_wconf 84' lang='lat' dir='ltr'><strong>nusquam</strong></span> <span class='ocrx_word' id='word_1_4' title='bbox 474 518 623 568; x_wconf 87' lang='lat' dir='ltr'>patere</span> <span class='ocrx_word' id='word_1_5' title='bbox 662 516 812 557; x_wconf 85' lang='lat' dir='ltr'>rimas.</span> <span class='ocrx_word' id='word_1_6' title='bbox 855 517 937 557; x_wconf 86' lang='lat' dir='ltr'>Sed</span> <span class='ocrx_word' id='word_1_7' title='bbox 978 527 1063 567; x_wconf 89' lang='lat' dir='ltr'>quo</span> <span class='ocrx_word' id='word_1_8' title='bbox 1104 517 1247 568; x_wconf 87' lang='lat' dir='ltr'>magis</span> <span class='ocrx_word' id='word_1_9' title='bbox 1278 518 1484 568; x_wconf 77' lang='lat' dir='ltr'>appareat</span> <span class='ocrx_word' id='word_1_10' title='bbox 1513 518 1703 568; x_wconf 78' lang='lat' dir='ltr'>quantus</span> <span class='ocrx_word' id='word_1_11' title='bbox 1732 517 1794 559; x_wconf 85' lang='lat' dir='ltr'>sit</span> 
     </span>
     <span class='ocr_line' id='line_1_4' title="bbox 217 593 1791 644; baseline 0.001 -10"><span class='ocrx_word' id='word_1_12' title='bbox 217 594 375 634; x_wconf 79' lang='lat' dir='ltr'>artifex</span> <span class='ocrx_word' id='word_1_13' title='bbox 417 594 657 644; x_wconf 82' lang='lat' dir='ltr'>Terentius,</span> <span class='ocrx_word' id='word_1_14' title='bbox 697 603 914 643; x_wconf 88' lang='lat' dir='ltr'>quamque</span> <span class='ocrx_word' id='word_1_15' title='bbox 946 593 1111 643; x_wconf 87' lang='lat' dir='ltr'>peritus</span> <span class='ocrx_word' id='word_1_16' title='bbox 1142 594 1249 634; x_wconf 89' lang='lat' dir='ltr'>artis</span> <span class='ocrx_word' id='word_1_17' title='bbox 1280 594 1490 644; x_wconf 81' lang='lat' dir='ltr'>scenicae,</span> <span class='ocrx_word' id='word_1_18' title='bbox 1523 594 1791 635; x_wconf 86' lang='lat' dir='ltr'>Andriam</span> 
     </span>
     <span class='ocr_line' id='line_1_5' title="bbox 218 669 1792 720; baseline 0.001 -10"><span class='ocrx_word' id='word_1_19' title='bbox 218 671 311 710; x_wconf 92' lang='lat' dir='ltr'>eius</span> <span class='ocrx_word' id='word_1_20' title='bbox 353 681 453 710; x_wconf 90' lang='lat' dir='ltr'>cum</span> <span class='ocrx_word' id='word_1_21' title='bbox 485 669 707 710; x_wconf 87' lang='lat' dir='ltr'>Menandri</span> <span class='ocrx_word' id='word_1_22' title='bbox 739 669 995 719; x_wconf 87' lang='lat' dir='ltr'>cognomine</span> <span class='ocrx_word' id='word_1_23' title='bbox 1025 669 1171 710; x_wconf 85' lang='lat' dir='ltr'>fabula</span> <span class='ocrx_word' id='word_1_24' title='bbox 1202 670 1481 720; x_wconf 87' lang='lat' dir='ltr'>comparabo:</span> <span class='ocrx_word' id='word_1_25' title='bbox 1514 670 1578 710; x_wconf 90' lang='lat' dir='ltr'>sic</span> <span class='ocrx_word' id='word_1_26' title='bbox 1609 669 1792 712; x_wconf 88' lang='lat' dir='ltr'>elucebit</span> 
     </span>
     <span class='ocr_line' id='line_1_6' title="bbox 217 745 1794 797; baseline 0.001 -11"><span class='ocrx_word' id='word_1_27' title='bbox 217 747 379 795; x_wconf 88' lang='lat' dir='ltr'>quanto</span> <span class='ocrx_word' id='word_1_28' title='bbox 435 746 510 786; x_wconf 89' lang='lat' dir='ltr'>illa</span> <span class='ocrx_word' id='word_1_29' title='bbox 566 746 667 786; x_wconf 89' lang='lat' dir='ltr'>huic</span> <span class='ocrx_word' id='word_1_30' title='bbox 711 747 916 796; x_wconf 88' lang='lat' dir='ltr'>praestet.</span> <span class='ocrx_word' id='word_1_31' title='bbox 964 745 1218 786; x_wconf 89' lang='lat' dir='ltr'>Versabitur</span> <span class='ocrx_word' id='word_1_32' title='bbox 1264 746 1499 796; x_wconf 88' lang='lat' dir='ltr'>disputatio</span> <span class='ocrx_word' id='word_1_33' title='bbox 1546 746 1590 787; x_wconf 92' lang='lat' dir='ltr'>in</span> <span class='ocrx_word' id='word_1_34' title='bbox 1635 746 1794 797; x_wconf 84' lang='lat' dir='ltr'>duplici</span> 
     </span>
     <span class='ocr_line' id='line_1_7' title="bbox 218 825 487 873; baseline 0 -10"><span class='ocrx_word' id='word_1_35' title='bbox 218 825 487 873; x_wconf 88' lang='lat' dir='ltr'>argumento.</span> 
     </span>
    </p>

    <p class='ocr_par' dir='ltr' id='par_1_4' title="bbox 277 897 1792 949">
     <span class='ocr_line' id='line_1_8' title="bbox 277 897 1792 949; baseline -0.001 -9"><span class='ocrx_word' id='word_1_36' title='bbox 277 897 318 941; x_wconf 93' lang='grc' dir='ltr'>Ι.</span> <span class='ocrx_word' id='word_1_37' title='bbox 352 899 476 939; x_wconf 92' lang='lat' dir='ltr'>Sosia</span> <span class='ocrx_word' id='word_1_38' title='bbox 518 909 692 949; x_wconf 89' lang='lat' dir='ltr'>coquus,</span> <span class='ocrx_word' id='word_1_39' title='bbox 738 899 928 939; x_wconf 83' lang='lat' dir='ltr'>Simonis</span> <span class='ocrx_word' id='word_1_40' title='bbox 958 898 1152 948; x_wconf 86' lang='lat' dir='ltr'>libertus,</span> <span class='ocrx_word' id='word_1_41' title='bbox 1187 910 1212 939; x_wconf 90' lang='lat' dir='ltr'>a</span> <span class='ocrx_word' id='word_1_42' title='bbox 1242 899 1444 939; x_wconf 83' lang='lat' dir='ltr'>Terentio</span> <span class='ocrx_word' id='word_1_43' title='bbox 1476 900 1545 939; x_wconf 89' lang='lat' dir='ltr'>est</span> <span class='ocrx_word' id='word_1_44' title='bbox 1575 898 1792 940; x_wconf 82' lang='lat' dir='ltr'>inventus.</span> 
     </span>
    </p>

    <p class='ocr_par' dir='ltr' id='par_1_5' title="bbox 217 974 1796 1168">
     <span class='ocr_line' id='line_1_9' title="bbox 276 974 1796 1025; baseline -0.001 -8"><span class='ocrx_word' id='word_1_45' title='bbox 276 974 347 1018; x_wconf 91' lang='grc' dir='ltr'>ΙΙ.</span> <span class='ocrx_word' id='word_1_46' title='bbox 380 975 592 1016; x_wconf 87' lang='lat' dir='ltr'>Charinus</span> <span class='ocrx_word' id='word_1_47' title='bbox 624 976 861 1025; x_wconf 86' lang='lat' dir='ltr'>Byrriaque</span> <span class='ocrx_word' id='word_1_48' title='bbox 893 986 919 1016; x_wconf 92' lang='lat' dir='ltr'>a</span> <span class='ocrx_word' id='word_1_49' title='bbox 949 975 1150 1016; x_wconf 87' lang='lat' dir='ltr'>Terentio</span> <span class='ocrx_word' id='word_1_50' title='bbox 1183 976 1329 1016; x_wconf 89' lang='lat' dir='ltr'>additi.</span> <span class='ocrx_word' id='word_1_51' title='bbox 1362 976 1522 1016; x_wconf 81' lang='lat' dir='ltr'>Utrum</span> <span class='ocrx_word' id='word_1_52' title='bbox 1549 975 1602 1015; x_wconf 86' lang='lat' dir='ltr'>ab</span> <span class='ocrx_word' id='word_1_53' title='bbox 1629 985 1680 1015; x_wconf 91' lang='lat' dir='ltr'>eo</span> <span class='ocrx_word' id='word_1_54' title='bbox 1705 974 1796 1015; x_wconf 86' lang='lat' dir='ltr'>sint</span> 
     </span>
     <span class='ocr_line' id='line_1_10' title="bbox 217 1050 1793 1103; baseline 0.001 -13"><span class='ocrx_word' id='word_1_55' title='bbox 217 1051 383 1092; x_wconf 91' lang='lat' dir='ltr'>inventi</span> <span class='ocrx_word' id='word_1_56' title='bbox 431 1062 487 1092; x_wconf 89' lang='lat' dir='ltr'>an</span> <span class='ocrx_word' id='word_1_57' title='bbox 534 1062 590 1092; x_wconf 88' lang='lat' dir='ltr'>ex</span> <span class='ocrx_word' id='word_1_58' title='bbox 631 1052 718 1092; x_wconf 88' lang='lat' dir='ltr'>alia</span> <span class='ocrx_word' id='word_1_59' title='bbox 758 1052 960 1092; x_wconf 80' lang='lat' dir='ltr'>translati</span> <span class='ocrx_word' id='word_1_60' title='bbox 996 1052 1142 1092; x_wconf 83' lang='lat' dir='ltr'>fabula</span> <span class='ocrx_word' id='word_1_61' title='bbox 1173 1052 1233 1092; x_wconf 91' lang='lat' dir='ltr'>nil</span> <span class='ocrx_word' id='word_1_62' title='bbox 1265 1053 1409 1103; x_wconf 86' lang='lat' dir='ltr'>refert,</span> <span class='ocrx_word' id='word_1_63' title='bbox 1443 1053 1519 1092; x_wconf 91' lang='lat' dir='ltr'>sed</span> <span class='ocrx_word' id='word_1_64' title='bbox 1551 1050 1655 1092; x_wconf 88' lang='lat' dir='ltr'>illud</span> <span class='ocrx_word' id='word_1_65' title='bbox 1685 1050 1793 1091; x_wconf 84' lang='lat' dir='ltr'>veri·</span> 
     </span>
     <span class='ocr_line' id='line_1_11' title="bbox 217 1127 419 1168; baseline 0.005 -1"><span class='ocrx_word' id='word_1_66' title='bbox 217 1127 419 1168; x_wconf 89' lang='lat' dir='ltr'>similius.</span> 
     </span>
    </p>

    <p class='ocr_par' dir='ltr' id='par_1_6' title="bbox 217 1203 1797 2771">
     <span class='ocr_line' id='line_1_12' title="bbox 278 1203 1794 1254; baseline 0 -11"><span class='ocrx_word' id='word_1_67' title='bbox 278 1204 499 1244; x_wconf 89' lang='lat' dir='ltr'>Menandri</span> <span class='ocrx_word' id='word_1_68' title='bbox 546 1204 710 1244; x_wconf 88' lang='lat' dir='ltr'>Andria</span> <span class='ocrx_word' id='word_1_69' title='bbox 756 1215 782 1244; x_wconf 89' lang='lat' dir='ltr'>a</span> <span class='ocrx_word' id='word_1_70' title='bbox 827 1204 1054 1253; x_wconf 90' lang='lat' dir='ltr'>soliloquio</span> <span class='ocrx_word' id='word_1_71' title='bbox 1096 1204 1272 1254; x_wconf 90' lang='lat' dir='ltr'>orditur,</span> <span class='ocrx_word' id='word_1_72' title='bbox 1317 1204 1362 1244; x_wconf 92' lang='lat' dir='ltr'>in</span> <span class='ocrx_word' id='word_1_73' title='bbox 1393 1204 1640 1244; x_wconf 87' lang='lat' dir='ltr'>Perinthiae</span> <span class='ocrx_word' id='word_1_74' title='bbox 1671 1203 1794 1244; x_wconf 90' lang='lat' dir='ltr'>initio</span> 
     </span>
     <span class='ocr_line' id='line_1_13' title="bbox 218 1279 1795 1330; baseline -0.001 -10"><span class='ocrx_word' id='word_1_75' title='bbox 218 1280 479 1329; x_wconf 87' lang='lat' dir='ltr'>colloquium</span> <span class='ocrx_word' id='word_1_76' title='bbox 507 1282 575 1320; x_wconf 92' lang='lat' dir='ltr'>est</span> <span class='ocrx_word' id='word_1_77' title='bbox 601 1280 720 1319; x_wconf 87' lang='lat' dir='ltr'>senis</span> <span class='ocrx_word' id='word_1_78' title='bbox 746 1280 1003 1329; x_wconf 85' lang='lat' dir='ltr'>uxorisque:</span> <span class='ocrx_word' id='word_1_79' title='bbox 1033 1290 1133 1329; x_wconf 87' lang='lat' dir='ltr'>ergo</span> <span class='ocrx_word' id='word_1_80' title='bbox 1160 1280 1284 1329; x_wconf 89' lang='lat' dir='ltr'>coqui</span> <span class='ocrx_word' id='word_1_81' title='bbox 1309 1290 1540 1330; x_wconf 86' lang='lat' dir='ltr'>personam</span> <span class='ocrx_word' id='word_1_82' title='bbox 1567 1279 1795 1320; x_wconf 82' lang='lat' dir='ltr'>Terentius</span> 
     </span>
     <span class='ocr_line' id='line_1_14' title="bbox 217 1354 1795 1406; baseline 0 -10"><span class='ocrx_word' id='word_1_83' title='bbox 217 1355 346 1396; x_wconf 88' lang='lat' dir='ltr'>finxit</span> <span class='ocrx_word' id='word_1_84' title='bbox 393 1357 438 1396; x_wconf 91' lang='lat' dir='ltr'>et</span> <span class='ocrx_word' id='word_1_85' title='bbox 483 1366 569 1396; x_wconf 90' lang='lat' dir='ltr'>non</span> <span class='ocrx_word' id='word_1_86' title='bbox 616 1356 759 1395; x_wconf 91' lang='lat' dir='ltr'>solum</span> <span class='ocrx_word' id='word_1_87' title='bbox 805 1355 950 1406; x_wconf 86' lang='lat' dir='ltr'>verba,</span> <span class='ocrx_word' id='word_1_88' title='bbox 1001 1354 1156 1404; x_wconf 91' lang='lat' dir='ltr'>quibus</span> <span class='ocrx_word' id='word_1_89' title='bbox 1202 1356 1294 1405; x_wconf 90' lang='lat' dir='ltr'>ipse</span> <span class='ocrx_word' id='word_1_90' title='bbox 1340 1355 1489 1406; x_wconf 88' lang='lat' dir='ltr'>utitur,</span> <span class='ocrx_word' id='word_1_91' title='bbox 1538 1356 1614 1396; x_wconf 89' lang='lat' dir='ltr'>sed</span> <span class='ocrx_word' id='word_1_92' title='bbox 1659 1355 1795 1396; x_wconf 82' lang='lat' dir='ltr'>etiam</span> 
     </span>
     <span class='ocr_line' id='line_1_15' title="bbox 217 1431 1795 1482; baseline 0.001 -11"><span class='ocrx_word' id='word_1_93' title='bbox 217 1432 373 1482; x_wconf 88' lang='lat' dir='ltr'>quibus</span> <span class='ocrx_word' id='word_1_94' title='bbox 415 1442 516 1472; x_wconf 94' lang='lat' dir='ltr'>eum</span> <span class='ocrx_word' id='word_1_95' title='bbox 558 1432 786 1481; x_wconf 88' lang='lat' dir='ltr'>tamquam</span> <span class='ocrx_word' id='word_1_96' title='bbox 826 1431 1033 1471; x_wconf 90' lang='lat' dir='ltr'>libertum</span> <span class='ocrx_word' id='word_1_97' title='bbox 1075 1431 1306 1480; x_wconf 88' lang='lat' dir='ltr'>alloquitur</span> <span class='ocrx_word' id='word_1_98' title='bbox 1347 1441 1496 1482; x_wconf 83' lang='lat' dir='ltr'>senex,</span> <span class='ocrx_word' id='word_1_99' title='bbox 1538 1441 1565 1471; x_wconf 89' lang='lat' dir='ltr'>a</span> <span class='ocrx_word' id='word_1_100' title='bbox 1594 1431 1795 1472; x_wconf 82' lang='lat' dir='ltr'>Terentio</span> 
     </span>
     <span class='ocr_line' id='line_1_16' title="bbox 218 1507 1796 1559; baseline 0 -11"><span class='ocrx_word' id='word_1_101' title='bbox 218 1510 322 1548; x_wconf 89' lang='lat' dir='ltr'>sunt</span> <span class='ocrx_word' id='word_1_102' title='bbox 352 1518 439 1548; x_wconf 90' lang='lat' dir='ltr'>non</span> <span class='ocrx_word' id='word_1_103' title='bbox 471 1519 494 1547; x_wconf 92' lang='lat' dir='ltr'>e</span> <span class='ocrx_word' id='word_1_104' title='bbox 527 1507 690 1548; x_wconf 80' lang='lat' dir='ltr'>Graeco</span> <span class='ocrx_word' id='word_1_105' title='bbox 717 1508 957 1558; x_wconf 90' lang='lat' dir='ltr'>exemplari</span> <span class='ocrx_word' id='word_1_106' title='bbox 986 1508 1128 1557; x_wconf 90' lang='lat' dir='ltr'>aliquo</span> <span class='ocrx_word' id='word_1_107' title='bbox 1155 1508 1284 1548; x_wconf 91' lang='lat' dir='ltr'>modo</span> <span class='ocrx_word' id='word_1_108' title='bbox 1310 1508 1525 1548; x_wconf 87' lang='lat' dir='ltr'>translata</span> <span class='ocrx_word' id='word_1_109' title='bbox 1550 1508 1626 1548; x_wconf 91' lang='lat' dir='ltr'>sed</span> <span class='ocrx_word' id='word_1_110' title='bbox 1655 1517 1796 1559; x_wconf 78' lang='lat' dir='ltr'>„nova</span> 
     </span>
     <span class='ocr_line' id='line_1_17' title="bbox 218 1583 1792 1634; baseline 0 -10"><span class='ocrx_word' id='word_1_111' title='bbox 218 1585 376 1624; x_wconf 85' lang='lat' dir='ltr'>facta.”</span> <span class='ocrx_word' id='word_1_112' title='bbox 425 1585 567 1633; x_wconf 88' lang='lat' dir='ltr'>Atque</span> <span class='ocrx_word' id='word_1_113' title='bbox 612 1584 720 1623; x_wconf 88' lang='lat' dir='ltr'>haec</span> <span class='ocrx_word' id='word_1_114' title='bbox 766 1584 940 1633; x_wconf 90' lang='lat' dir='ltr'>quidem</span> <span class='ocrx_word' id='word_1_115' title='bbox 982 1594 1064 1634; x_wconf 89' lang='lat' dir='ltr'>res,</span> <span class='ocrx_word' id='word_1_116' title='bbox 1107 1583 1210 1624; x_wconf 90' lang='lat' dir='ltr'>licet</span> <span class='ocrx_word' id='word_1_117' title='bbox 1250 1584 1386 1624; x_wconf 87' lang='lat' dir='ltr'>totius</span> <span class='ocrx_word' id='word_1_118' title='bbox 1417 1584 1588 1624; x_wconf 85' lang='lat' dir='ltr'>fabulae</span> <span class='ocrx_word' id='word_1_119' title='bbox 1619 1592 1792 1624; x_wconf 88' lang='lat' dir='ltr'>oecono-</span> 
     </span>
     <span class='ocr_line' id='line_1_18' title="bbox 219 1660 1793 1710; baseline 0 -10"><span class='ocrx_word' id='word_1_120' title='bbox 219 1661 357 1700; x_wconf 91' lang='lat' dir='ltr'>miam</span> <span class='ocrx_word' id='word_1_121' title='bbox 406 1663 499 1700; x_wconf 74' lang='lat' dir='ltr'>&#39;non</span> <span class='ocrx_word' id='word_1_122' title='bbox 555 1661 719 1710; x_wconf 87' lang='lat' dir='ltr'>tangat,</span> <span class='ocrx_word' id='word_1_123' title='bbox 778 1662 928 1700; x_wconf 90' lang='lat' dir='ltr'>tamen</span> <span class='ocrx_word' id='word_1_124' title='bbox 979 1660 1060 1700; x_wconf 91' lang='lat' dir='ltr'>toti</span> <span class='ocrx_word' id='word_1_125' title='bbox 1111 1660 1385 1710; x_wconf 90' lang='lat' dir='ltr'>splendidum</span> <span class='ocrx_word' id='word_1_126' title='bbox 1431 1660 1629 1710; x_wconf 86' lang='lat' dir='ltr'>praebuit</span> <span class='ocrx_word' id='word_1_127' title='bbox 1673 1670 1793 1700; x_wconf 83' lang='lat' dir='ltr'>orna-</span> 
     </span>
     <span class='ocr_line' id='line_1_19' title="bbox 218 1734 1795 1787; baseline 0 -12"><span class='ocrx_word' id='word_1_128' title='bbox 218 1737 442 1784; x_wconf 90' lang='lat' dir='ltr'>mentum;</span> <span class='ocrx_word' id='word_1_129' title='bbox 500 1735 599 1775; x_wconf 90' lang='lat' dir='ltr'>inde</span> <span class='ocrx_word' id='word_1_130' title='bbox 655 1736 773 1775; x_wconf 90' lang='lat' dir='ltr'>enim</span> <span class='ocrx_word' id='word_1_131' title='bbox 829 1736 1019 1785; x_wconf 88' lang='lat' dir='ltr'>primum</span> <span class='ocrx_word' id='word_1_132' title='bbox 1077 1737 1224 1775; x_wconf 87' lang='lat' dir='ltr'>actum</span> <span class='ocrx_word' id='word_1_133' title='bbox 1282 1737 1410 1775; x_wconf 89' lang='lat' dir='ltr'>nacta</span> <span class='ocrx_word' id='word_1_134' title='bbox 1463 1737 1544 1787; x_wconf 91' lang='lat' dir='ltr'>est,</span> <span class='ocrx_word' id='word_1_135' title='bbox 1603 1746 1687 1785; x_wconf 92' lang='lat' dir='ltr'>quo</span> <span class='ocrx_word' id='word_1_136' title='bbox 1732 1734 1795 1775; x_wconf 88' lang='lat' dir='ltr'>nil</span> 
     </span>
     <span class='ocr_line' id='line_1_20' title="bbox 220 1811 1792 1863; baseline -0.002 -10"><span class='ocrx_word' id='word_1_137' title='bbox 220 1813 400 1862; x_wconf 88' lang='lat' dir='ltr'>cogitari</span> <span class='ocrx_word' id='word_1_138' title='bbox 445 1812 675 1852; x_wconf 88' lang='lat' dir='ltr'>venustius</span> <span class='ocrx_word' id='word_1_139' title='bbox 716 1812 866 1861; x_wconf 87' lang='lat' dir='ltr'>possit.</span> <span class='ocrx_word' id='word_1_140' title='bbox 909 1812 1050 1851; x_wconf 87' lang='lat' dir='ltr'>Nimis</span> <span class='ocrx_word' id='word_1_141' title='bbox 1091 1822 1270 1851; x_wconf 90' lang='lat' dir='ltr'>severus</span> <span class='ocrx_word' id='word_1_142' title='bbox 1312 1812 1357 1851; x_wconf 90' lang='lat' dir='ltr'>in</span> <span class='ocrx_word' id='word_1_143' title='bbox 1398 1812 1681 1852; x_wconf 89' lang='lat' dir='ltr'>Menandrum</span> <span class='ocrx_word' id='word_1_144' title='bbox 1721 1811 1792 1863; x_wconf 86' lang='lat' dir='ltr'>sit,</span> 
     </span>
     <span class='ocr_line' id='line_1_21' title="bbox 219 1887 1796 1938; baseline -0.001 -10"><span class='ocrx_word' id='word_1_145' title='bbox 219 1889 294 1938; x_wconf 89' lang='lat' dir='ltr'>qui</span> <span class='ocrx_word' id='word_1_146' title='bbox 348 1888 453 1928; x_wconf 90' lang='lat' dir='ltr'>illud</span> <span class='ocrx_word' id='word_1_147' title='bbox 510 1889 555 1927; x_wconf 92' lang='lat' dir='ltr'>in</span> <span class='ocrx_word' id='word_1_148' title='bbox 601 1888 764 1929; x_wconf 86' lang='lat' dir='ltr'>Andria</span> <span class='ocrx_word' id='word_1_149' title='bbox 810 1888 1088 1937; x_wconf 88' lang='lat' dir='ltr'>soliloquium</span> <span class='ocrx_word' id='word_1_150' title='bbox 1131 1898 1231 1927; x_wconf 89' lang='lat' dir='ltr'>cum</span> <span class='ocrx_word' id='word_1_151' title='bbox 1272 1888 1354 1927; x_wconf 92' lang='lat' dir='ltr'>hoc</span> <span class='ocrx_word' id='word_1_152' title='bbox 1395 1887 1654 1928; x_wconf 86' lang='lat' dir='ltr'>Terentiano</span> <span class='ocrx_word' id='word_1_153' title='bbox 1694 1887 1796 1927; x_wconf 83' lang='lat' dir='ltr'>actu</span> 
     </span>
     <span class='ocr_line' id='line_1_22' title="bbox 220 1964 1797 2015; baseline 0 -11"><span class='ocrx_word' id='word_1_154' title='bbox 220 1966 464 2014; x_wconf 87' lang='lat' dir='ltr'>comparet;</span> <span class='ocrx_word' id='word_1_155' title='bbox 507 1965 583 2005; x_wconf 87' lang='lat' dir='ltr'>sed</span> <span class='ocrx_word' id='word_1_156' title='bbox 625 1975 679 2005; x_wconf 89' lang='lat' dir='ltr'>ne</span> <span class='ocrx_word' id='word_1_157' title='bbox 721 1965 983 2015; x_wconf 89' lang='lat' dir='ltr'>colloquium</span> <span class='ocrx_word' id='word_1_158' title='bbox 1015 1965 1190 2014; x_wconf 88' lang='lat' dir='ltr'>quidem</span> <span class='ocrx_word' id='word_1_159' title='bbox 1223 1965 1470 2004; x_wconf 85' lang='lat' dir='ltr'>Perinthiae</span> <span class='ocrx_word' id='word_1_160' title='bbox 1501 1975 1652 2004; x_wconf 87' lang='lat' dir='ltr'>senem</span> <span class='ocrx_word' id='word_1_161' title='bbox 1682 1964 1797 2004; x_wconf 88' lang='lat' dir='ltr'>inter</span> 
     </span>
     <span class='ocr_line' id='line_1_23' title="bbox 221 2039 1795 2091; baseline 0 -11"><span class='ocrx_word' id='word_1_162' title='bbox 221 2051 488 2089; x_wconf 89' lang='lat' dir='ltr'>uxoremque</span> <span class='ocrx_word' id='word_1_163' title='bbox 534 2042 627 2080; x_wconf 88' lang='lat' dir='ltr'>tam</span> <span class='ocrx_word' id='word_1_164' title='bbox 675 2041 898 2091; x_wconf 86' lang='lat' dir='ltr'>egregium</span> <span class='ocrx_word' id='word_1_165' title='bbox 945 2040 1080 2080; x_wconf 82' lang='lat' dir='ltr'>fuisse</span> <span class='ocrx_word' id='word_1_166' title='bbox 1128 2041 1253 2080; x_wconf 90' lang='lat' dir='ltr'>credo</span> <span class='ocrx_word' id='word_1_167' title='bbox 1295 2051 1426 2090; x_wconf 89' lang='lat' dir='ltr'>quam</span> <span class='ocrx_word' id='word_1_168' title='bbox 1468 2041 1573 2080; x_wconf 91' lang='lat' dir='ltr'>illud</span> <span class='ocrx_word' id='word_1_169' title='bbox 1605 2039 1795 2080; x_wconf 86' lang='lat' dir='ltr'>Simonis</span> 
     </span>
     <span class='ocr_line' id='line_1_24' title="bbox 219 2115 1795 2167; baseline 0 -11"><span class='ocrx_word' id='word_1_170' title='bbox 219 2116 460 2166; x_wconf 88' lang='lat' dir='ltr'>libertique.</span> <span class='ocrx_word' id='word_1_171' title='bbox 505 2116 624 2167; x_wconf 79' lang='lat' dir='ltr'>Quod</span> <span class='ocrx_word' id='word_1_172' title='bbox 667 2117 785 2156; x_wconf 91' lang='lat' dir='ltr'>enim</span> <span class='ocrx_word' id='word_1_173' title='bbox 815 2117 860 2156; x_wconf 87' lang='lat' dir='ltr'>in</span> <span class='ocrx_word' id='word_1_174' title='bbox 891 2127 970 2156; x_wconf 89' lang='lat' dir='ltr'>suo</span> <span class='ocrx_word' id='word_1_175' title='bbox 1001 2127 1157 2166; x_wconf 87' lang='lat' dir='ltr'>genere</span> <span class='ocrx_word' id='word_1_176' title='bbox 1188 2117 1427 2166; x_wconf 88' lang='lat' dir='ltr'>perfectum</span> <span class='ocrx_word' id='word_1_177' title='bbox 1460 2118 1528 2156; x_wconf 87' lang='lat' dir='ltr'>est</span> <span class='ocrx_word' id='word_1_178' title='bbox 1553 2126 1640 2156; x_wconf 91' lang='lat' dir='ltr'>non</span> <span class='ocrx_word' id='word_1_179' title='bbox 1669 2115 1795 2156; x_wconf 87' lang='lat' dir='ltr'>facile</span> 
     </span>
     <span class='ocr_line' id='line_1_25' title="bbox 222 2192 1796 2243; baseline -0.001 -11"><span class='ocrx_word' id='word_1_180' title='bbox 222 2193 383 2241; x_wconf 90' lang='lat' dir='ltr'>aliquid</span> <span class='ocrx_word' id='word_1_181' title='bbox 430 2203 486 2232; x_wconf 92' lang='lat' dir='ltr'>ex</span> <span class='ocrx_word' id='word_1_182' title='bbox 532 2193 684 2233; x_wconf 89' lang='lat' dir='ltr'>eodem</span> <span class='ocrx_word' id='word_1_183' title='bbox 730 2203 886 2243; x_wconf 90' lang='lat' dir='ltr'>genere</span> <span class='ocrx_word' id='word_1_184' title='bbox 933 2193 1015 2232; x_wconf 90' lang='lat' dir='ltr'>sibi</span> <span class='ocrx_word' id='word_1_185' title='bbox 1061 2203 1139 2242; x_wconf 90' lang='lat' dir='ltr'>par</span> <span class='ocrx_word' id='word_1_186' title='bbox 1180 2192 1384 2232; x_wconf 90' lang='lat' dir='ltr'>inveniet.</span> <span class='ocrx_word' id='word_1_187' title='bbox 1428 2192 1482 2231; x_wconf 90' lang='lat' dir='ltr'>Et</span> <span class='ocrx_word' id='word_1_188' title='bbox 1511 2200 1796 2241; x_wconf 83' lang='lat' dir='ltr'>personarum</span> 
     </span>
     <span class='ocr_line' id='line_1_26' title="bbox 221 2267 1796 2318; baseline -0.001 -10"><span class='ocrx_word' id='word_1_189' title='bbox 221 2279 329 2318; x_wconf 89' lang='lat' dir='ltr'>quas</span> <span class='ocrx_word' id='word_1_190' title='bbox 376 2269 488 2318; x_wconf 86' lang='lat' dir='ltr'>apud</span> <span class='ocrx_word' id='word_1_191' title='bbox 535 2268 786 2308; x_wconf 86' lang='lat' dir='ltr'>Terentium</span> <span class='ocrx_word' id='word_1_192' title='bbox 836 2268 1033 2307; x_wconf 89' lang='lat' dir='ltr'>videmus</span> <span class='ocrx_word' id='word_1_193' title='bbox 1078 2267 1198 2306; x_wconf 91' lang='lat' dir='ltr'>nulla</span> <span class='ocrx_word' id='word_1_194' title='bbox 1243 2269 1336 2306; x_wconf 90' lang='lat' dir='ltr'>tam</span> <span class='ocrx_word' id='word_1_195' title='bbox 1383 2278 1438 2306; x_wconf 90' lang='lat' dir='ltr'>ex</span> <span class='ocrx_word' id='word_1_196' title='bbox 1480 2267 1575 2317; x_wconf 89' lang='lat' dir='ltr'>ipsa</span> <span class='ocrx_word' id='word_1_197' title='bbox 1604 2267 1698 2307; x_wconf 86' lang='lat' dir='ltr'>vita</span> <span class='ocrx_word' id='word_1_198' title='bbox 1727 2267 1796 2306; x_wconf 85' lang='lat' dir='ltr'>est</span> 
     </span>
     <span class='ocr_line' id='line_1_27' title="bbox 223 2337 1792 2394; baseline -0.001 -10"><span class='ocrx_word' id='word_1_199' title='bbox 223 2355 430 2394; x_wconf 90' lang='lat' dir='ltr'>expressa</span> <span class='ocrx_word' id='word_1_200' title='bbox 461 2355 594 2393; x_wconf 87' lang='lat' dir='ltr'>quam</span> <span class='ocrx_word' id='word_1_201' title='bbox 626 2345 700 2384; x_wconf 89' lang='lat' dir='ltr'>illa</span> <span class='ocrx_word' id='word_1_202' title='bbox 732 2344 878 2393; x_wconf 88' lang='lat' dir='ltr'>coqui;</span> <span class='ocrx_word' id='word_1_203' title='bbox 908 2343 1111 2392; x_wconf 87' lang='lat' dir='ltr'>quidquid</span> <span class='ocrx_word' id='word_1_204' title='bbox 1138 2343 1210 2382; x_wconf 91' lang='lat' dir='ltr'>ille</span> <span class='ocrx_word' id='word_1_205' title='bbox 1238 2343 1341 2382; x_wconf 91' lang='lat' dir='ltr'>dicit</span> <span class='ocrx_word' id='word_1_206' title='bbox 1368 2337 1471 2394; x_wconf 80' lang='grc' dir='ltr'><strong>ἦθος</strong></span> <span class='ocrx_word' id='word_1_207' title='bbox 1499 2343 1641 2393; x_wconf 89' lang='lat' dir='ltr'>habet,</span> <span class='ocrx_word' id='word_1_208' title='bbox 1669 2342 1792 2393; x_wconf 84' lang='lat' dir='ltr'>vivit,</span> 
     </span>
     <span class='ocr_line' id='line_1_28' title="bbox 221 2419 1796 2470; baseline -0.001 -11"><span class='ocrx_word' id='word_1_209' title='bbox 221 2421 370 2470; x_wconf 89' lang='lat' dir='ltr'>spirat.</span> <span class='ocrx_word' id='word_1_210' title='bbox 414 2420 560 2469; x_wconf 84' lang='lat' dir='ltr'>Neque</span> <span class='ocrx_word' id='word_1_211' title='bbox 600 2420 746 2459; x_wconf 89' lang='lat' dir='ltr'>minus</span> <span class='ocrx_word' id='word_1_212' title='bbox 787 2419 920 2459; x_wconf 88' lang='lat' dir='ltr'>verba</span> <span class='ocrx_word' id='word_1_213' title='bbox 960 2419 1115 2468; x_wconf 90' lang='lat' dir='ltr'>quibus</span> <span class='ocrx_word' id='word_1_214' title='bbox 1157 2429 1257 2458; x_wconf 89' lang='lat' dir='ltr'>eum</span> <span class='ocrx_word' id='word_1_215' title='bbox 1299 2419 1531 2468; x_wconf 85' lang='lat' dir='ltr'>alloquitur</span> <span class='ocrx_word' id='word_1_216' title='bbox 1572 2429 1709 2458; x_wconf 89' lang='lat' dir='ltr'>senex</span> <span class='ocrx_word' id='word_1_217' title='bbox 1739 2428 1796 2458; x_wconf 85' lang='lat' dir='ltr'>ex</span> 
     </span>
     <span class='ocr_line' id='line_1_29' title="bbox 222 2494 1793 2545; baseline -0.001 -10"><span class='ocrx_word' id='word_1_218' title='bbox 222 2496 368 2535; x_wconf 91' lang='lat' dir='ltr'>animo</span> <span class='ocrx_word' id='word_1_219' title='bbox 395 2497 488 2535; x_wconf 90' lang='lat' dir='ltr'>eius</span> <span class='ocrx_word' id='word_1_220' title='bbox 516 2498 559 2535; x_wconf 92' lang='lat' dir='ltr'>et</span> <span class='ocrx_word' id='word_1_221' title='bbox 585 2497 756 2545; x_wconf 89' lang='lat' dir='ltr'>pectore</span> <span class='ocrx_word' id='word_1_222' title='bbox 783 2497 887 2535; x_wconf 89' lang='lat' dir='ltr'>sunt</span> <span class='ocrx_word' id='word_1_223' title='bbox 912 2495 1177 2544; x_wconf 89' lang='lat' dir='ltr'>deprompta.</span> <span class='ocrx_word' id='word_1_224' title='bbox 1206 2494 1425 2534; x_wconf 88' lang='lat' dir='ltr'>Audacius</span> <span class='ocrx_word' id='word_1_225' title='bbox 1452 2495 1612 2544; x_wconf 90' lang='lat' dir='ltr'>aliquid</span> <span class='ocrx_word' id='word_1_226' title='bbox 1628 2494 1793 2534; x_wconf 83' lang='lat' dir='ltr'>dicam:</span> 
     </span>
     <span class='ocr_line' id='line_1_30' title="bbox 222 2570 1796 2625; baseline -0.001 -15"><span class='ocrx_word' id='word_1_227' title='bbox 222 2582 315 2610; x_wconf 91' lang='lat' dir='ltr'>rem</span> <span class='ocrx_word' id='word_1_228' title='bbox 357 2571 426 2620; x_wconf 88' lang='lat' dir='ltr'>agi</span> <span class='ocrx_word' id='word_1_229' title='bbox 468 2570 589 2610; x_wconf 86' lang='lat' dir='ltr'>vides</span> <span class='ocrx_word' id='word_1_230' title='bbox 631 2581 717 2611; x_wconf 93' lang='lat' dir='ltr'>non</span> <span class='ocrx_word' id='word_1_231' title='bbox 758 2571 943 2610; x_wconf 90' lang='lat' dir='ltr'>Athenis</span> <span class='ocrx_word' id='word_1_232' title='bbox 984 2570 1060 2609; x_wconf 89' lang='lat' dir='ltr'>sed</span> <span class='ocrx_word' id='word_1_233' title='bbox 1098 2570 1142 2608; x_wconf 89' lang='lat' dir='ltr'>in</span> <span class='ocrx_word' id='word_1_234' title='bbox 1173 2570 1268 2619; x_wconf 90' lang='lat' dir='ltr'>ipsa</span> <span class='ocrx_word' id='word_1_235' title='bbox 1299 2570 1403 2610; x_wconf 93' lang='lat' dir='ltr'>urbe</span> <span class='ocrx_word' id='word_1_236' title='bbox 1435 2570 1600 2625; x_wconf 84' lang='lat' dir='ltr'>Roma:</span> <span class='ocrx_word' id='word_1_237' title='bbox 1634 2570 1796 2619; x_wconf 83' lang='lat' dir='ltr'>scripta</span> 
     </span>
     <span class='ocr_line' id='line_1_31' title="bbox 222 2646 1795 2697; baseline -0.001 -11"><span class='ocrx_word' id='word_1_238' title='bbox 222 2647 328 2686; x_wconf 87' lang='lat' dir='ltr'>haec</span> <span class='ocrx_word' id='word_1_239' title='bbox 359 2649 462 2686; x_wconf 86' lang='lat' dir='ltr'>sunt</span> <span class='ocrx_word' id='word_1_240' title='bbox 494 2657 519 2686; x_wconf 90' lang='lat' dir='ltr'>a</span> <span class='ocrx_word' id='word_1_241' title='bbox 549 2649 688 2697; x_wconf 82' lang='lat' dir='ltr'>poeta,</span> <span class='ocrx_word' id='word_1_242' title='bbox 723 2647 795 2695; x_wconf 90' lang='lat' dir='ltr'>qui</span> <span class='ocrx_word' id='word_1_243' title='bbox 826 2657 936 2695; x_wconf 89' lang='lat' dir='ltr'>quae</span> <span class='ocrx_word' id='word_1_244' title='bbox 967 2646 1077 2686; x_wconf 88' lang='lat' dir='ltr'>ratio</span> <span class='ocrx_word' id='word_1_245' title='bbox 1110 2646 1223 2685; x_wconf 87' lang='lat' dir='ltr'>inter</span> <span class='ocrx_word' id='word_1_246' title='bbox 1249 2648 1480 2695; x_wconf 88' lang='lat' dir='ltr'>patronum</span> <span class='ocrx_word' id='word_1_247' title='bbox 1506 2646 1795 2695; x_wconf 87' lang='lat' dir='ltr'>libertumque</span> 
     </span>
     <span class='ocr_line' id='line_1_32' title="bbox 223 2718 1653 2771; baseline 0.001 -11"><span class='ocrx_word' id='word_1_248' title='bbox 223 2723 506 2763; x_wconf 86' lang='lat' dir='ltr'>intercederet</span> <span class='ocrx_word' id='word_1_249' title='bbox 538 2723 703 2762; x_wconf 88' lang='lat' dir='ltr'>Romae</span> <span class='ocrx_word' id='word_1_250' title='bbox 736 2722 937 2771; x_wconf 88' lang='lat' dir='ltr'>cognovit</span> <span class='ocrx_word' id='word_1_251' title='bbox 958 2718 998 2768; x_wconf 88' lang='lat'>¹).</span> <span class='ocrx_word' id='word_1_252' title='bbox 1033 2722 1115 2761; x_wconf 87' lang='lat' dir='ltr'>Sed</span> <span class='ocrx_word' id='word_1_253' title='bbox 1147 2722 1439 2771; x_wconf 89' lang='lat' dir='ltr'>adspiciamus</span> <span class='ocrx_word' id='word_1_254' title='bbox 1470 2722 1653 2771; x_wconf 89' lang='lat' dir='ltr'>singula.</span> 
     </span>
    </p>
   </div>
   <div class='ocr_carea' id='block_1_4' title="bbox 224 2913 1793 3002">
    <p class='ocr_par' dir='ltr' id='par_1_7' title="bbox 224 2913 1793 3002">
     <span class='ocr_line' id='line_1_33' title="bbox 261 2913 1793 2950; baseline -0.001 -7"><span class='ocrx_word' id='word_1_255' title='bbox 261 2917 281 2948; x_wconf 90' lang='lat'>¹)</span> <span class='ocrx_word' id='word_1_256' title='bbox 303 2916 375 2943; x_wconf 87' lang='lat' dir='ltr'>Non</span> <span class='ocrx_word' id='word_1_257' title='bbox 392 2915 455 2943; x_wconf 87' lang='lat' dir='ltr'>hoc</span> <span class='ocrx_word' id='word_1_258' title='bbox 468 2915 540 2943; x_wconf 84' lang='lat' dir='ltr'>dieo</span> <span class='ocrx_word' id='word_1_259' title='bbox 549 2916 685 2950; x_wconf 87' lang='lat' dir='ltr'>propter</span> <span class='ocrx_word' id='word_1_260' title='bbox 694 2915 785 2944; x_wconf 80' lang='lat' dir='ltr'>senis</span> <span class='ocrx_word' id='word_1_261' title='bbox 796 2915 897 2943; x_wconf 83' lang='lat' dir='ltr'>verba</span> <span class='ocrx_word' id='word_1_262' title='bbox 910 2917 972 2948; x_wconf 86' lang='lat' dir='ltr'>(vs.</span> <span class='ocrx_word' id='word_1_263' title='bbox 982 2915 1028 2948; x_wconf 83' lang='lat'>40)</span> <span class='ocrx_word' id='word_1_264' title='bbox 1041 2914 1148 2949; x_wconf 77' lang='lat' dir='ltr'>„haud</span> <span class='ocrx_word' id='word_1_265' title='bbox 1159 2914 1255 2942; x_wconf 89' lang='lat' dir='ltr'>muto</span> <span class='ocrx_word' id='word_1_266' title='bbox 1266 2913 1422 2949; x_wconf 81' lang='lat' dir='ltr'>factum‚”</span> <span class='ocrx_word' id='word_1_267' title='bbox 1433 2913 1472 2941; x_wconf 89' lang='lat' dir='ltr'>de</span> <span class='ocrx_word' id='word_1_268' title='bbox 1483 2913 1604 2947; x_wconf 80' lang='lat' dir='ltr'>quibus</span> <span class='ocrx_word' id='word_1_269' title='bbox 1614 2919 1714 2947; x_wconf 85' lang='lat' dir='ltr'>quam</span> <span class='ocrx_word' id='word_1_270' title='bbox 1724 2919 1793 2948; x_wconf 83' lang='lat' dir='ltr'>per-</span> 
     </span>
     <span class='ocr_line' id='line_1_34' title="bbox 224 2965 1765 3002; baseline -0.003 -5"><span class='ocrx_word' id='word_1_271' title='bbox 224 2977 319 2997; x_wconf 80' lang='lat' dir='ltr'>verse</span> <span class='ocrx_word' id='word_1_272' title='bbox 339 2969 440 2997; x_wconf 82' lang='lat' dir='ltr'>etiam</span> <span class='ocrx_word' id='word_1_273' title='bbox 463 2975 549 2996; x_wconf 84' lang='lat' dir='ltr'>nune</span> <span class='ocrx_word' id='word_1_274' title='bbox 570 2968 716 2996; x_wconf 86' lang='lat' dir='ltr'>iudicent</span> <span class='ocrx_word' id='word_1_275' title='bbox 737 2968 800 2996; x_wconf 87' lang='lat' dir='ltr'>viri</span> <span class='ocrx_word' id='word_1_276' title='bbox 820 2969 907 2996; x_wconf 84' lang='lat' dir='ltr'>docti</span> <span class='ocrx_word' id='word_1_277' title='bbox 929 2969 963 2996; x_wconf 83' lang='lat' dir='ltr'>et</span> <span class='ocrx_word' id='word_1_278' title='bbox 982 2975 1081 3001; x_wconf 85' lang='lat' dir='ltr'>quam</span> <span class='ocrx_word' id='word_1_279' title='bbox 1102 2967 1282 3002; x_wconf 72' lang='lat' dir='ltr'>prudenter</span> <span class='ocrx_word' id='word_1_280' title='bbox 1301 2966 1487 2995; x_wconf 82' lang='lat' dir='ltr'>Scholiasta</span> <span class='ocrx_word' id='word_1_281' title='bbox 1508 2966 1655 2994; x_wconf 86' lang='lat' dir='ltr'>vidimus</span> <span class='ocrx_word' id='word_1_282' title='bbox 1673 2972 1703 3001; x_wconf 86' lang='lat' dir='ltr'>p.</span> <span class='ocrx_word' id='word_1_283' title='bbox 1721 2965 1765 2994; x_wconf 83' lang='lat'>86.</span> 
     </span>
    </p>
   </div>
   <div class='ocr_carea' id='block_1_5' title="bbox 1857 0 2034 3334">
    <p class='ocr_par' dir='ltr' id='par_1_8' title="bbox 1857 0 2034 3334">
     <span class='ocr_line' id='line_1_35' title="bbox 1857 0 2034 3334; baseline 0 0"><span class='ocrx_word' id='word_1_284' title='bbox 1857 0 2034 3334; x_wconf 95' lang='lat' dir='ltr'> </span> 
     </span>
    </p>
   </div>
  </div>
 </body>
</html>
