2034 3334
239 370 427 426 partius,
470 370 545 427 qui
586 383 698 413 nunc
738 369 955 428 legentem
988 371 1267 416 vehementer
1297 377 1594 418 commovent:
1626 357 1839 432 quidquid
1872 365 1881 368 '⁷

238 439 450 483 addideris
481 441 572 483 vim
603 454 753 483 eorum
785 440 979 498 fregeris.
1021 441 1115 485 Non
1147 442 1211 486 ita
1240 443 1387 487 visum
1417 443 1597 498 Ovidio‚
1629 445 1705 502 qui
1734 457 1837 491 cum
1884 484 1893 504 -;
1924 423 1926 425 θ
1956 462 1960 464 -

237 509 355 554 idem
390 514 699 568 argumentum
731 514 910 562 tractat,
943 511 1014 556 vel
1046 513 1236 570 quinque
1267 527 1313 557 se
1345 513 1498 558 habere
1526 513 1693 560 loculos
1721 515 1838 568 unde

238 583 382 624 sumat
415 582 719 638 intempestive
750 583 953 625 meminit
987 615 997 626 .
1018 614 1029 626 .
1048 615 1058 627 .
1078 615 1089 627 .
1122 587 1251 641 atque
1281 598 1335 628 ex
1363 586 1565 630 omnibus
1596 587 1732 631 sumit
1761 584 1839 631 ali-

238 651 357 708 quid.
388 651 466 704 XI,
500 651 589 695 460
606 665 724 709 sqq.:
1878 663 1880 665 ’

329 721 524 784 (αχῪαΙθ
555 722 667 765 dixit
698 721 925 781 (Alcyone)
971 724 1032 778 (b)
1065 723 1243 768 sustulit
1273 724 1351 770 illa

418 792 626 837 Umentes
658 793 825 846 oculos,
860 798 1131 852 stantemque
1162 797 1207 839 iu
1239 810 1383 854 puppe
1413 810 1592 841 recurva

417 860 714 920 Concussaque
748 878 878 908 manu
910 864 1083 909 dantem
1115 867 1197 909 sibi
1228 868 1352 925 signa
1381 869 1590 911 maritum

418 933 567 977 Prima
599 934 740 986 videt,
774 935 998 993 redditque
1029 941 1162 981 notas.
1211 940 1267 991 (c)
1300 937 1386 981 Ubi
1417 942 1530 982 terra
1559 940 1733 983 recessit

416 1003 609 1062 Longius
641 1009 770 1063 atque
802 1005 916 1050 oculi
947 1011 1166 1064 nequeunt
1195 1021 1450 1066 cognoscere
1481 1007 1652 1061 vultus,

417 1074 532 1118 Dum
563 1074 689 1127 licet,
721 1078 964 1134 insequitur
995 1077 1235 1135 fugientem
1267 1078 1434 1123 lumine
1465 1081 1632 1137 pinum.

324 1145 388 1199 (d)
419 1144 535 1189 Haec
566 1160 734 1203 quoque
765 1151 816 1189 ut
848 1147 962 1190 haud
993 1152 1182 1204 poterat,
1214 1152 1352 1206 spatio
1384 1150 1607 1203 submota,
1639 1149 1798 1203 videri,

415 1215 518 1259 Vela
548 1220 694 1259 tamen
726 1221 890 1274 spectat
920 1232 1092 1261 summo
1124 1218 1340 1263 fluitantia
1371 1219 1499 1265 malo.

324 1289 379 1339 (e)
411 1286 471 1329 Ut
501 1300 576 1329 nec
608 1285 707 1330 vela
737 1286 857 1330 videt
889 1302 924 1331 e.
943 1302 983 1345 q.
1002 1302 1034 1331 s.

293 1356 426 1400 Poeta
467 1361 614 1400 autem
656 1359 732 1414 qui
769 1359 814 1400 in
857 1360 1119 1403 carminibus
1161 1362 1251 1403 suis
1291 1374 1340 1404 ea
1379 1363 1577 1418 sequitur
1605 1365 1830 1420 praecepta

230 1441 338 1484 quae
374 1441 399 1470 a
429 1427 599 1471 rhetore
630 1430 791 1485 accepit
822 1433 866 1472 et
893 1431 940 1472 in
971 1429 1247 1474 declamando
1278 1432 1545 1484 observavit,
1577 1434 1616 1476 si
1645 1433 1713 1477 bis
1741 1446 1828 1478 sae·

230 1499 382 1554 piusve
423 1498 540 1541 idem
582 1502 738 1542 tractat
770 1506 1103 1556 argumentum,
1137 1502 1286 1545 eodem
1316 1502 1404 1546 fere
1435 1502 1563 1546 modo
1595 1507 1752 1548 tractat
1782 1505 1828 1548 et

233 1568 414 1611 totidem
446 1568 534 1611 fere
563 1568 667 1612 locis
701 1571 852 1613 utitur.
887 1570 999 1623 Quid
1029 1574 1264 1615 narrationi
1295 1573 1346 1616 de
1371 1572 1512 1631 Ceyce
1538 1573 1826 1631 proficiscente

230 1643 273 1680 et
313 1638 506 1696 Alcyone
547 1644 841 1696 prospectante
884 1641 1072 1684 similius
1111 1656 1241 1698 quam
1283 1643 1537 1687 Laodamiae
1576 1643 1750 1702 querela
1778 1646 1824 1688 in

229 1710 484 1751 memoriam
533 1709 615 1751 sibi
659 1712 899 1753 revocantis
946 1713 1245 1756 tristissimum
1291 1713 1402 1757 illud
1449 1719 1621 1772 tempus
1666 1728 1751 1772 quo
1796 1729 1823 1759 a

179 1802 185 1807 -
224 1780 382 1822 marito
415 1781 473 1821 sit
504 1778 681 1822 relicta?
713 1780 837 1833 (Her.
870 1781 989 1834 XIII,
1026 1782 1081 1824 14
1097 1788 1230 1840 sqq.):
1773 1800 1775 1802 ’

315 1853 375 1902 (a)
468 1849 550 1892 Vix
582 1849 693 1893 illud
726 1853 849 1907 potui
881 1852 1020 1896 dicere
1052 1855 1176 1897 triste
1210 1854 1364 1907 „vale”

314 1921 372 1974 (b)
410 1920 611 1964 Incubuit
642 1922 787 1964 boreas
818 1923 1075 1980 abreptaque
1106 1924 1202 1967 vela
1234 1925 1416 1968 tetendit
1430 1934 1442 1939 ‘

464 1991 641 2048 Iamque
673 2006 794 2035 meus
825 1992 952 2051 longe
986 1995 1247 2038 Protesilaus
1275 2001 1378 2040 erat.

313 2066 369 2114 (c)
406 2061 522 2104 Dum
553 2064 677 2119 potui
709 2068 899 2119 spectare
930 2067 1100 2113 virum.
1133 2072 1323 2123 spectare
1354 2068 1558 2119 iuvabat,

463 2132 654 2190 Sumque
685 2138 781 2177 tuos
813 2134 959 2178 oculos
991 2150 1126 2193 usque
1158 2143 1304 2181 secuta
1335 2140 1456 2182 meis.

311 2204 374 2256 (d)
408 2203 465 2246 Ut
497 2207 538 2246 te
570 2218 652 2247 non
686 2208 902 2260 poteram,
936 2211 1130 2262 poteram
1162 2212 1238 2251 tua
1268 2208 1365 2251 vela
1396 2209 1563 2261 videre,

462 2273 565 2316 Vela
596 2274 671 2317 diu
704 2274 853 2318 vultus
885 2276 1104 2321 detinuere
1135 2292 1267 2322 meos.

309 2349 363 2397 (e)
402 2346 459 2386 At
490 2350 714 2401 postquam
749 2360 824 2389 nec
856 2350 898 2389 te
929 2362 1004 2391 nec
1037 2348 1134 2391 vela
1165 2349 1336 2406 fugacia
1368 2349 1459 2392 vidi
1490 2364 1528 2393 e.
1546 2364 1586 2406 q.
1605 2364 1638 2393 s.

215 2456 405 2498 Propertius
439 2457 472 2487 in
506 2456 663 2488 subsimili
696 2460 894 2499 argumento.
932 2458 1090 2500 Cynthiae
1119 2459 1308 2491 crudelitate
1339 2460 1378 2492 ad
1407 2459 1661 2502 desperationem
1682 2459 1813 2493 adactu
1842 2470 1845 2472 ·

215 2513 308 2553 poeta
335 2521 505 2552 1magnu1u
530 2510 614 2543 iter'’
638 2512 797 2554 suscipere
820 2513 979 2546 deceruit:
1005 2513 1087 2545 mari
1109 2514 1143 2546 iu
1167 2514 1332 2546 Graeciam
1356 2516 1404 2546 est
1427 2514 1645 2557 profecturus,
1663 2516 1760 2557 atquo
1777 2516 1812 2548 et

217 2565 292 2596 baec
315 2568 346 2597 et
370 2565 451 2604 alia,
476 2567 550 2597 dum
576 2577 607 2597 se
630 2567 744 2598 sortem
769 2567 915 2606 simulat,
940 2567 1037 2600 flebili
1061 2579 1134 2601 voce
1158 2569 1282 2612 profert
1305 2569 1379 2608 (III,
1403 2569 1510 2607 21,11
1531 2570 1630 2611 sqq.):

532 2622 625 2652 Nunc
649 2622 753 2663 agite,
776 2632 794 2654 o
818 2623 914 2662 socii,
936 2623 1107 2666 propellite
1129 2623 1163 2655 iu
1186 2634 1324 2666 aequora
1347 2634 1478 2662 navem,

575 2678 810 2719 Remorumque
830 2677 904 2718 pari
926 2677 1032 2710 ducite
1054 2680 1140 2710 sorte
1162 2678 1262 2718 vices,

527 2730 716 2773 Iungiteque
738 2735 880 2764 extremo
904 2732 1008 2764 felicia
1031 2733 1130 2766 lintea
1151 2733 1255 2767 malo:

573 2785 642 2817 Iam
665 2786 822 2827 liquidum
846 2788 952 2819 nautis
974 2798 1053 2819 aura
1074 2788 1225 2820 secundat
1248 2787 1321 2820 iter.

215 2837 286 2878 (Vs.
313 2838 354 2869 12
379 2849 436 2880 pro
454 2849 550 2879 pares
573 2840 691 2871 conieci
712 2841 794 2881 pari,
822 2843 856 2872 ut
879 2852 1031 2874 remorum
1054 2842 1135 2874 vices
1157 2844 1239 2874 esset
1261 2841 1344 2874 idem
1369 2842 1453 2884 quod
1477 2851 1576 2874 remos
1597 2842 1806 2880 alternantes,

213 2893 244 2922 et
271 2892 348 2932 pari
379 2892 441 2924 vice
474 2893 496 2924 i.
517 2904 546 2934 q.
579 2894 799 2935 aequabiliter)
825 2895 886 2927 Hic
908 2907 1034 2938 quoque
1059 2897 1248 2939 Propertius
1269 2896 1333 2928 duo
1355 2895 1577 2928 tantummodo
1600 2895 1806 2938 profectionis

213 2946 332 2987 cogitat
362 2950 506 2989 tempora
538 2951 588 2986 et,
622 2952 655 2979 ut
688 2960 745 2980 nos
775 2950 947 2991 loquimur,
981 2953 1158 2983 momenta:
1188 2950 1269 2983 illud
1292 2960 1356 2992 quo
1378 2950 1467 2982 navis
1491 2951 1587 2982 remis
1609 2960 1626 2981 e
1649 2952 1745 2992 portu
1769 2950 1804 2983 iu

213 3001 314 3033 altum
339 3002 541 3043 propellitur,
564 3006 595 3034 et
621 3003 701 3035 illud
725 3015 787 3044 quo
810 3005 873 3036 iam
899 3006 976 3037 velis
999 3006 1109 3037 adacta
1131 3016 1218 3038 mare
1239 3004 1332 3037 findit
1354 3007 1512 3047 apertum.
