<?xml version="1.0" encoding="UTF-8"?>
<!DOCTYPE html PUBLIC "-//W3C//DTD XHTML 1.0 Transitional//EN"
    "http://www.w3.org/TR/xhtml1/DTD/xhtml1-transitional.dtd">
<html xmlns="http://www.w3.org/1999/xhtml" xml:lang="en" lang="en">
 <head>
  <title>
</title>
<meta http-equiv="Content-Type" content="text/html;charset=utf-8" />
  <meta name='ocr-system' content='tesseract 3.04.00' />
  <meta name='ocr-capabilities' content='ocr_page ocr_carea ocr_par ocr_line ocrx_word'/>
</head>
<body>
  <div class='ocr_page' id='page_1' title='image "./dehoratiopota00hartuoft_0195.png"; bbox 0 0 2034 3334; ppageno 0'>
   <div class='ocr_carea' id='block_1_1' title="bbox 929 354 1008 395">
    <p class='ocr_par' dir='ltr' id='par_1_1' title="bbox 929 354 1008 395">
     <span class='ocr_line' id='line_1_1' title="bbox 929 354 1008 395; baseline 0 0"><span class='ocrx_word' id='word_1_1' title='bbox 929 354 1008 395; x_wconf 84' lang='lat'>187</span> 
     </span>
    </p>
   </div>
   <div class='ocr_carea' id='block_1_2' title="bbox 220 476 1406 627">
    <p class='ocr_par' dir='ltr' id='par_1_2' title="bbox 220 476 1406 627">
     <span class='ocr_line' id='line_1_2' title="bbox 220 476 1366 534; baseline -0.001 -13"><span class='ocrx_word' id='word_1_2' title='bbox 220 481 263 521; x_wconf 91' lang='lat' dir='ltr'>et</span> <span class='ocrx_word' id='word_1_3' title='bbox 291 477 406 534; x_wconf 89' lang='lat' dir='ltr'>apud</span> <span class='ocrx_word' id='word_1_4' title='bbox 438 476 639 520; x_wconf 90' lang='lat' dir='ltr'>Ovidium</span> <span class='ocrx_word' id='word_1_5' title='bbox 673 478 783 532; x_wconf 92' lang='lat' dir='ltr'>(Am.</span> <span class='ocrx_word' id='word_1_6' title='bbox 818 478 874 534; x_wconf 86' lang='grc' dir='ltr'>ΙΙ,</span> <span class='ocrx_word' id='word_1_7' title='bbox 908 479 976 534; x_wconf 86' lang='grc'>13,</span> <span class='ocrx_word' id='word_1_8' title='bbox 1009 479 1079 532; x_wconf 89' lang='lat'>19)</span> <span class='ocrx_word' id='word_1_9' title='bbox 1113 479 1164 521; x_wconf 92' lang='lat' dir='ltr'>de</span> <span class='ocrx_word' id='word_1_10' title='bbox 1196 478 1366 521; x_wconf 89' lang='lat' dir='ltr'>eadem:</span> 
     </span>
     <span class='ocr_line' id='line_1_3' title="bbox 395 570 1406 627; baseline -0.001 -15"><span class='ocrx_word' id='word_1_11' title='bbox 395 570 544 626; x_wconf 81' lang='lat' dir='ltr'>Tuque</span> <span class='ocrx_word' id='word_1_12' title='bbox 575 570 815 614; x_wconf 82' lang='lat' dir='ltr'>laborantes</span> <span class='ocrx_word' id='word_1_13' title='bbox 846 574 967 614; x_wconf 92' lang='lat' dir='ltr'>utero</span> <span class='ocrx_word' id='word_1_14' title='bbox 999 572 1197 614; x_wconf 85' lang='lat' dir='ltr'>miserata</span> <span class='ocrx_word' id='word_1_15' title='bbox 1227 570 1406 627; x_wconf 89' lang='lat' dir='ltr'>puellas.</span> 
     </span>
    </p>
   </div>
   <div class='ocr_carea' id='block_1_3' title="bbox 219 663 1717 949">
    <p class='ocr_par' dir='ltr' id='par_1_3' title="bbox 219 663 1717 949">
     <span class='ocr_line' id='line_1_4' title="bbox 279 663 1716 720; baseline 0 -14"><span class='ocrx_word' id='word_1_16' title='bbox 279 663 361 706; x_wconf 87' lang='lat' dir='ltr'>Sed</span> <span class='ocrx_word' id='word_1_17' title='bbox 408 665 609 719; x_wconf 88' lang='lat' dir='ltr'>quoniam</span> <span class='ocrx_word' id='word_1_18' title='bbox 654 663 834 707; x_wconf 86' lang='lat' dir='ltr'>Ovidius</span> <span class='ocrx_word' id='word_1_19' title='bbox 874 665 1043 720; x_wconf 85' lang='lat' dir='ltr'>longam</span> <span class='ocrx_word' id='word_1_20' title='bbox 1085 667 1309 707; x_wconf 82' lang='lat' dir='ltr'><strong>enumerat</strong></span> <span class='ocrx_word' id='word_1_21' title='bbox 1340 664 1516 706; x_wconf 89' lang='lat' dir='ltr'>dearum</span> <span class='ocrx_word' id='word_1_22' title='bbox 1548 665 1716 719; x_wconf 88' lang='lat' dir='ltr'>seriem,</span> 
     </span>
     <span class='ocr_line' id='line_1_5' title="bbox 221 739 1717 796; baseline -0.001 -14"><span class='ocrx_word' id='word_1_23' title='bbox 221 753 328 796; x_wconf 88' lang='lat' dir='ltr'>quas</span> <span class='ocrx_word' id='word_1_24' title='bbox 374 752 521 782; x_wconf 90' lang='lat' dir='ltr'>omnes</span> <span class='ocrx_word' id='word_1_25' title='bbox 566 740 764 795; x_wconf 81' lang='lat' dir='ltr'><strong>implorat</strong></span> <span class='ocrx_word' id='word_1_26' title='bbox 805 744 853 783; x_wconf 87' lang='lat' dir='ltr'>ut</span> <span class='ocrx_word' id='word_1_27' title='bbox 886 741 1138 796; x_wconf 80' lang='lat' dir='ltr'><strong>parturienti</strong></span> <span class='ocrx_word' id='word_1_28' title='bbox 1173 739 1382 782; x_wconf 82' lang='lat' dir='ltr'>Corinnae</span> <span class='ocrx_word' id='word_1_29' title='bbox 1415 752 1538 795; x_wconf 87' lang='lat' dir='ltr'>opem</span> <span class='ocrx_word' id='word_1_30' title='bbox 1567 739 1717 794; x_wconf 86' lang='lat' dir='ltr'>ferant,</span> 
     </span>
     <span class='ocr_line' id='line_1_6' title="bbox 220 815 1717 873; baseline -0.001 -15"><span class='ocrx_word' id='word_1_31' title='bbox 220 829 361 872; x_wconf 89' lang='lat' dir='ltr'>neque</span> <span class='ocrx_word' id='word_1_32' title='bbox 389 815 571 858; x_wconf 84' lang='lat' dir='ltr'>Dianam</span> <span class='ocrx_word' id='word_1_33' title='bbox 605 817 774 859; x_wconf 86' lang='lat' dir='ltr'>silentio</span> <span class='ocrx_word' id='word_1_34' title='bbox 805 818 1032 872; x_wconf 86' lang='lat' dir='ltr'>praeterire</span> <span class='ocrx_word' id='word_1_35' title='bbox 1057 820 1207 873; x_wconf 88' lang='lat' dir='ltr'>potest,</span> <span class='ocrx_word' id='word_1_36' title='bbox 1234 829 1376 872; x_wconf 91' lang='lat' dir='ltr'>neque</span> <span class='ocrx_word' id='word_1_37' title='bbox 1402 816 1521 858; x_wconf 89' lang='lat' dir='ltr'>aliud</span> <span class='ocrx_word' id='word_1_38' title='bbox 1538 817 1631 858; x_wconf 90' lang='lat' dir='ltr'>eius</span> <span class='ocrx_word' id='word_1_39' title='bbox 1648 816 1717 858; x_wconf 91' lang='lat' dir='ltr'>hic</span> 
     </span>
     <span class='ocr_line' id='line_1_7' title="bbox 219 891 1716 949; baseline -0.001 -14"><span class='ocrx_word' id='word_1_40' title='bbox 219 905 551 935; x_wconf 89' lang='lat' dir='ltr'>commemorare</span> <span class='ocrx_word' id='word_1_41' title='bbox 583 906 743 935; x_wconf 88' lang='lat' dir='ltr'>munus</span> <span class='ocrx_word' id='word_1_42' title='bbox 776 906 903 948; x_wconf 89' lang='lat' dir='ltr'>quam</span> <span class='ocrx_word' id='word_1_43' title='bbox 936 893 1043 935; x_wconf 87' lang='lat' dir='ltr'>illud</span> <span class='ocrx_word' id='word_1_44' title='bbox 1080 896 1226 947; x_wconf 91' lang='lat' dir='ltr'>„utero</span> <span class='ocrx_word' id='word_1_45' title='bbox 1253 892 1495 935; x_wconf 81' lang='lat' dir='ltr'>laborantes</span> <span class='ocrx_word' id='word_1_46' title='bbox 1523 891 1716 949; x_wconf 88' lang='lat' dir='ltr'>puellas&#39;’</span> 
     </span>
    </p>
   </div>
   <div class='ocr_carea' id='block_1_4' title="bbox 219 969 408 1011">
    <p class='ocr_par' dir='ltr' id='par_1_4' title="bbox 219 969 408 1011">
     <span class='ocr_line' id='line_1_8' title="bbox 219 969 408 1011; baseline -0.005 0"><span class='ocrx_word' id='word_1_47' title='bbox 219 969 408 1011; x_wconf 87' lang='lat' dir='ltr'>iuvandi.</span> 
     </span>
    </p>
   </div>
   <div class='ocr_carea' id='block_1_5' title="bbox 278 1036 1773 1101">
    <p class='ocr_par' dir='ltr' id='par_1_5' title="bbox 278 1036 1773 1101">
     <span class='ocr_line' id='line_1_9' title="bbox 278 1036 1773 1101; baseline -0.001 -14"><span class='ocrx_word' id='word_1_48' title='bbox 278 1045 421 1088; x_wconf 84' lang='lat' dir='ltr'>Vitam</span> <span class='ocrx_word' id='word_1_49' title='bbox 453 1046 659 1087; x_wconf 82' lang='lat' dir='ltr'>rusticam</span> <span class='ocrx_word' id='word_1_50' title='bbox 691 1045 837 1087; x_wconf 86' lang='lat' dir='ltr'>laudat</span> <span class='ocrx_word' id='word_1_51' title='bbox 868 1044 1075 1088; x_wconf 87' lang='lat' dir='ltr'>Horatius</span> <span class='ocrx_word' id='word_1_52' title='bbox 1107 1044 1380 1088; x_wconf 90' lang='lat' dir='ltr'>celeberrimo</span> <span class='ocrx_word' id='word_1_53' title='bbox 1412 1044 1560 1101; x_wconf 84' lang='lat' dir='ltr'>Epodo</span> <span class='ocrx_word' id='word_1_54' title='bbox 1592 1044 1649 1099; x_wconf 77' lang='grc' dir='ltr'>Π,</span> <span class='ocrx_word' id='word_1_55' title='bbox 1676 1047 1717 1087; x_wconf 91' lang='lat' dir='ltr'>et</span> <span class='ocrx_word' id='word_1_56' title='bbox 1762 1036 1773 1085; x_wconf 65' lang='grc' dir='ltr'>ξ’</span> 
     </span>
    </p>
   </div>
   <div class='ocr_carea' id='block_1_6' title="bbox 219 1120 1713 1255">
    <p class='ocr_par' dir='ltr' id='par_1_6' title="bbox 219 1120 1713 1255">
     <span class='ocr_line' id='line_1_10' title="bbox 222 1120 1713 1177; baseline -0.001 -13"><span class='ocrx_word' id='word_1_57' title='bbox 222 1121 403 1164; x_wconf 90' lang='lat' dir='ltr'>Ovidius</span> <span class='ocrx_word' id='word_1_58' title='bbox 434 1123 480 1163; x_wconf 90' lang='lat' dir='ltr'>in</span> <span class='ocrx_word' id='word_1_59' title='bbox 511 1121 628 1164; x_wconf 88' lang='lat' dir='ltr'>Rem.</span> <span class='ocrx_word' id='word_1_60' title='bbox 655 1122 750 1163; x_wconf 92' lang='lat' dir='ltr'>Am.</span> <span class='ocrx_word' id='word_1_61' title='bbox 782 1122 866 1163; x_wconf 88' lang='grc'>169</span> <span class='ocrx_word' id='word_1_62' title='bbox 889 1135 979 1177; x_wconf 89' lang='lat' dir='ltr'>sqq.</span> <span class='ocrx_word' id='word_1_63' title='bbox 1000 1120 1144 1164; x_wconf 90' lang='lat' dir='ltr'>Ovidii</span> <span class='ocrx_word' id='word_1_64' title='bbox 1162 1134 1311 1164; x_wconf 86' lang='lat' dir='ltr'>versus</span> <span class='ocrx_word' id='word_1_65' title='bbox 1329 1121 1550 1177; x_wconf 85' lang='lat' dir='ltr'>Zingerleo</span> <span class='ocrx_word' id='word_1_66' title='bbox 1568 1134 1713 1163; x_wconf 87' lang='lat' dir='ltr'>ansam</span> 
     </span>
     <span class='ocr_line' id='line_1_11' title="bbox 219 1197 915 1255; baseline 0 -16"><span class='ocrx_word' id='word_1_67' title='bbox 219 1197 425 1255; x_wconf 85' lang='lat' dir='ltr'>praebent</span> <span class='ocrx_word' id='word_1_68' title='bbox 454 1198 557 1240; x_wconf 90' lang='lat' dir='ltr'>haec</span> <span class='ocrx_word' id='word_1_69' title='bbox 587 1198 915 1253; x_wconf 90' lang='lat' dir='ltr'>pronuntiandi:</span> 
     </span>
    </p>
   </div>
   <div class='ocr_carea' id='block_1_7' title="bbox 220 1273 1781 1406">
    <p class='ocr_par' dir='ltr' id='par_1_7' title="bbox 220 1273 1781 1406">
     <span class='ocr_line' id='line_1_12' title="bbox 284 1273 1765 1329; baseline -0.001 -13"><span class='ocrx_word' id='word_1_70' title='bbox 284 1274 543 1328; x_wconf 83' lang='lat' dir='ltr'>„Jedenfalls</span> <span class='ocrx_word' id='word_1_71' title='bbox 584 1274 725 1316; x_wconf 79' lang='lat' dir='ltr'>diirfte</span> <span class='ocrx_word' id='word_1_72' title='bbox 765 1275 856 1316; x_wconf 90' lang='lat' dir='ltr'>hier</span> <span class='ocrx_word' id='word_1_73' title='bbox 886 1275 981 1316; x_wconf 90' lang='lat' dir='ltr'>eine</span> <span class='ocrx_word' id='word_1_74' title='bbox 1012 1275 1193 1329; x_wconf 86' lang='lat' dir='ltr'>gewisse</span> <span class='ocrx_word' id='word_1_75' title='bbox 1225 1273 1474 1329; x_wconf 85' lang='lat' dir='ltr'>Beziehung</span> <span class='ocrx_word' id='word_1_76' title='bbox 1506 1273 1583 1316; x_wconf 85' lang='lat' dir='ltr'>auf</span> <span class='ocrx_word' id='word_1_77' title='bbox 1610 1273 1713 1315; x_wconf 89' lang='lat' dir='ltr'>Hor.</span> <span class='ocrx_word' id='word_1_78' title='bbox 1763 1298 1765 1301; x_wconf 38' lang='lat' dir='ltr'>v</span> 
     </span>
     <span class='ocr_line' id='line_1_13' title="bbox 220 1349 1781 1406; baseline 0.001 -13"><span class='ocrx_word' id='word_1_79' title='bbox 220 1351 353 1406; x_wconf 85' lang='lat' dir='ltr'>Epod.</span> <span class='ocrx_word' id='word_1_80' title='bbox 385 1351 429 1392; x_wconf 90' lang='lat' dir='ltr'>II</span> <span class='ocrx_word' id='word_1_81' title='bbox 459 1351 634 1394; x_wconf 88' lang='lat' dir='ltr'>leichter</span> <span class='ocrx_word' id='word_1_82' title='bbox 665 1351 991 1393; x_wconf 86' lang='lat' dir='ltr'>nachzuweisen</span> <span class='ocrx_word' id='word_1_83' title='bbox 1024 1351 1114 1392; x_wconf 89' lang='lat' dir='ltr'>sein</span> <span class='ocrx_word' id='word_1_84' title='bbox 1144 1350 1206 1392; x_wconf 84' lang='lat' dir='ltr'>als</span> <span class='ocrx_word' id='word_1_85' title='bbox 1233 1351 1446 1392; x_wconf 89' lang='lat' dir='ltr'>zwischen</span> <span class='ocrx_word' id='word_1_86' title='bbox 1463 1350 1565 1392; x_wconf 89' lang='lat' dir='ltr'>Hor.</span> <span class='ocrx_word' id='word_1_87' title='bbox 1583 1349 1716 1406; x_wconf 89' lang='lat' dir='ltr'>Epod.</span> <span class='ocrx_word' id='word_1_88' title='bbox 1770 1350 1781 1395; x_wconf 66' lang='lat' dir='ltr'><em>ss</em></span> 
     </span>
    </p>
   </div>
   <div class='ocr_carea' id='block_1_8' title="bbox 219 1425 1719 2716">
    <p class='ocr_par' dir='ltr' id='par_1_8' title="bbox 221 1425 1719 1559">
     <span class='ocr_line' id='line_1_14' title="bbox 221 1425 1719 1483; baseline -0.001 -14"><span class='ocrx_word' id='word_1_89' title='bbox 221 1427 313 1469; x_wconf 88' lang='lat' dir='ltr'>und</span> <span class='ocrx_word' id='word_1_90' title='bbox 359 1428 433 1470; x_wconf 91' lang='lat' dir='ltr'>der</span> <span class='ocrx_word' id='word_1_91' title='bbox 479 1427 588 1469; x_wconf 85' lang='lat' dir='ltr'>dazu</span> <span class='ocrx_word' id='word_1_92' title='bbox 633 1427 899 1483; x_wconf 78' lang='lat' dir='ltr'>gewohnlich</span> <span class='ocrx_word' id='word_1_93' title='bbox 946 1427 1114 1468; x_wconf 88' lang='lat' dir='ltr'>citirten</span> <span class='ocrx_word' id='word_1_94' title='bbox 1157 1425 1286 1469; x_wconf 89' lang='lat' dir='ltr'>Stelle</span> <span class='ocrx_word' id='word_1_95' title='bbox 1327 1426 1445 1482; x_wconf 87' lang='lat' dir='ltr'>Virg.</span> <span class='ocrx_word' id='word_1_96' title='bbox 1480 1425 1630 1482; x_wconf 84' lang='lat' dir='ltr'>Georg.</span> <span class='ocrx_word' id='word_1_97' title='bbox 1661 1426 1719 1481; x_wconf 89' lang='lat' dir='ltr'>II,</span> 
     </span>
     <span class='ocr_line' id='line_1_15' title="bbox 221 1503 461 1559; baseline 0 -14"><span class='ocrx_word' id='word_1_98' title='bbox 221 1505 308 1545; x_wconf 88' lang='grc'>493</span> <span class='ocrx_word' id='word_1_99' title='bbox 340 1503 461 1559; x_wconf 90' lang='lat' dir='ltr'>sqq.&#39;&#39;</span> 
     </span>
    </p>

    <p class='ocr_par' dir='ltr' id='par_1_9' title="bbox 221 1578 1719 1863">
     <span class='ocr_line' id='line_1_16' title="bbox 280 1578 1717 1635; baseline -0.001 -13"><span class='ocrx_word' id='word_1_100' title='bbox 280 1579 364 1622; x_wconf 84' lang='lat' dir='ltr'>Sed</span> <span class='ocrx_word' id='word_1_101' title='bbox 396 1581 597 1635; x_wconf 91' lang='lat' dir='ltr'>quoniam</span> <span class='ocrx_word' id='word_1_102' title='bbox 628 1581 719 1635; x_wconf 87' lang='lat' dir='ltr'>ipse</span> <span class='ocrx_word' id='word_1_103' title='bbox 746 1579 994 1635; x_wconf 86' lang='lat' dir='ltr'>Zingerleus</span> <span class='ocrx_word' id='word_1_104' title='bbox 1011 1582 1097 1621; x_wconf 91' lang='lat' dir='ltr'>tam</span> <span class='ocrx_word' id='word_1_105' title='bbox 1115 1578 1360 1621; x_wconf 89' lang='lat' dir='ltr'>dubitanter</span> <span class='ocrx_word' id='word_1_106' title='bbox 1377 1579 1428 1622; x_wconf 89' lang='lat' dir='ltr'>de</span> <span class='ocrx_word' id='word_1_107' title='bbox 1443 1580 1496 1621; x_wconf 88' lang='lat' dir='ltr'>iis</span> <span class='ocrx_word' id='word_1_108' title='bbox 1514 1579 1717 1635; x_wconf 90' lang='lat' dir='ltr'>loquitur,</span> 
     </span>
     <span class='ocr_line' id='line_1_17' title="bbox 221 1655 1719 1711; baseline -0.001 -13"><span class='ocrx_word' id='word_1_109' title='bbox 221 1657 298 1698; x_wconf 90' lang='lat' dir='ltr'>hos</span> <span class='ocrx_word' id='word_1_110' title='bbox 331 1656 504 1711; x_wconf 89' lang='lat' dir='ltr'>quidem</span> <span class='ocrx_word' id='word_1_111' title='bbox 534 1655 650 1698; x_wconf 88' lang='lat' dir='ltr'>locos</span> <span class='ocrx_word' id='word_1_112' title='bbox 683 1656 836 1698; x_wconf 90' lang='lat' dir='ltr'>missos</span> <span class='ocrx_word' id='word_1_113' title='bbox 866 1655 1006 1697; x_wconf 87' lang='lat' dir='ltr'>facere</span> <span class='ocrx_word' id='word_1_114' title='bbox 1031 1668 1275 1711; x_wconf 85' lang='lat' dir='ltr'>possumus,</span> <span class='ocrx_word' id='word_1_115' title='bbox 1304 1669 1438 1711; x_wconf 92' lang='lat' dir='ltr'>quum</span> <span class='ocrx_word' id='word_1_116' title='bbox 1456 1657 1719 1711; x_wconf 84' lang='lat' dir='ltr'>praesertim,</span> 
     </span>
     <span class='ocr_line' id='line_1_18' title="bbox 222 1731 1714 1788; baseline 0 -14"><span class='ocrx_word' id='word_1_117' title='bbox 222 1733 337 1788; x_wconf 92' lang='lat' dir='ltr'>quod</span> <span class='ocrx_word' id='word_1_118' title='bbox 382 1744 512 1787; x_wconf 87' lang='lat' dir='ltr'>supra</span> <span class='ocrx_word' id='word_1_119' title='bbox 558 1732 847 1774; x_wconf 88' lang='lat' dir='ltr'>demonstrare</span> <span class='ocrx_word' id='word_1_120' title='bbox 895 1735 1074 1774; x_wconf 88' lang='lat' dir='ltr'>conatus</span> <span class='ocrx_word' id='word_1_121' title='bbox 1107 1745 1215 1785; x_wconf 91' lang='lat' dir='ltr'>sum,</span> <span class='ocrx_word' id='word_1_122' title='bbox 1248 1731 1420 1787; x_wconf 87' lang='lat' dir='ltr'>Epodos</span> <span class='ocrx_word' id='word_1_123' title='bbox 1451 1731 1714 1774; x_wconf 87' lang='lat' dir='ltr'>Horatianus</span> 
     </span>
     <span class='ocr_line' id='line_1_19' title="bbox 221 1808 1219 1863; baseline 0 -12"><span class='ocrx_word' id='word_1_124' title='bbox 221 1808 383 1851; x_wconf 86' lang='lat' dir='ltr'>Satirae</span> <span class='ocrx_word' id='word_1_125' title='bbox 415 1809 549 1851; x_wconf 90' lang='lat' dir='ltr'>multo</span> <span class='ocrx_word' id='word_1_126' title='bbox 581 1810 636 1851; x_wconf 88' lang='lat' dir='ltr'>sit</span> <span class='ocrx_word' id='word_1_127' title='bbox 666 1809 846 1851; x_wconf 88' lang='lat' dir='ltr'>similior</span> <span class='ocrx_word' id='word_1_128' title='bbox 878 1822 1006 1863; x_wconf 90' lang='lat' dir='ltr'>quam</span> <span class='ocrx_word' id='word_1_129' title='bbox 1037 1808 1219 1863; x_wconf 82' lang='lat' dir='ltr'>Elegiae.</span> 
     </span>
    </p>

    <p class='ocr_par' dir='ltr' id='par_1_10' title="bbox 219 1883 1718 2624">
     <span class='ocr_line' id='line_1_20' title="bbox 284 1883 1717 1941; baseline -0.001 -14"><span class='ocrx_word' id='word_1_130' title='bbox 284 1884 400 1941; x_wconf 85' lang='lat' dir='ltr'>„Ego</span> <span class='ocrx_word' id='word_1_131' title='bbox 432 1898 500 1927; x_wconf 90' lang='lat' dir='ltr'>me</span> <span class='ocrx_word' id='word_1_132' title='bbox 531 1898 674 1927; x_wconf 90' lang='lat' dir='ltr'>senem</span> <span class='ocrx_word' id='word_1_133' title='bbox 701 1884 860 1927; x_wconf 85' lang='lat' dir='ltr'>factum</span> <span class='ocrx_word' id='word_1_134' title='bbox 890 1885 1074 1926; x_wconf 91' lang='lat' dir='ltr'>molliter</span> <span class='ocrx_word' id='word_1_135' title='bbox 1093 1886 1308 1926; x_wconf 88' lang='lat' dir='ltr'>victurum</span> <span class='ocrx_word' id='word_1_136' title='bbox 1329 1883 1717 1939; x_wconf 83' lang='lat' dir='ltr'>exspectaveram.’&#39;</span> 
     </span>
     <span class='ocr_line' id='line_1_21' title="bbox 221 1960 1716 2016; baseline 0 -13"><span class='ocrx_word' id='word_1_137' title='bbox 221 1960 316 2003; x_wconf 92' lang='lat' dir='ltr'>Hoc</span> <span class='ocrx_word' id='word_1_138' title='bbox 355 1965 658 2016; x_wconf 85' lang='lat' dir='ltr'>argumentum</span> <span class='ocrx_word' id='word_1_139' title='bbox 687 1964 751 2003; x_wconf 89' lang='lat' dir='ltr'>est</span> <span class='ocrx_word' id='word_1_140' title='bbox 782 1961 943 2016; x_wconf 87' lang='lat' dir='ltr'>elegiae</span> <span class='ocrx_word' id='word_1_141' title='bbox 975 1962 1001 2002; x_wconf 88' lang='grc'>8</span> <span class='ocrx_word' id='word_1_142' title='bbox 1035 1961 1132 2002; x_wconf 89' lang='lat' dir='ltr'>libri</span> <span class='ocrx_word' id='word_1_143' title='bbox 1164 1960 1226 2002; x_wconf 92' lang='lat' dir='ltr'>IV</span> <span class='ocrx_word' id='word_1_144' title='bbox 1260 1961 1474 2003; x_wconf 84' lang='lat' dir='ltr'>Tristium.</span> <span class='ocrx_word' id='word_1_145' title='bbox 1507 1960 1716 2003; x_wconf 88' lang='lat' dir='ltr'>Versibus</span> 
     </span>
     <span class='ocr_line' id='line_1_22' title="bbox 223 2037 1718 2093; baseline -0.001 -14"><span class='ocrx_word' id='word_1_146' title='bbox 223 2040 365 2079; x_wconf 90' lang='lat' dir='ltr'>autem</span> <span class='ocrx_word' id='word_1_147' title='bbox 402 2038 454 2078; x_wconf 84' lang='lat'>17</span> <span class='ocrx_word' id='word_1_148' title='bbox 484 2051 574 2093; x_wconf 89' lang='lat' dir='ltr'>sqq.</span> <span class='ocrx_word' id='word_1_149' title='bbox 602 2050 739 2093; x_wconf 89' lang='lat' dir='ltr'>aequa</span> <span class='ocrx_word' id='word_1_150' title='bbox 756 2050 801 2079; x_wconf 87' lang='lat' dir='ltr'>se</span> <span class='ocrx_word' id='word_1_151' title='bbox 819 2041 1087 2092; x_wconf 86' lang='lat' dir='ltr'>exspectasse</span> <span class='ocrx_word' id='word_1_152' title='bbox 1106 2040 1228 2092; x_wconf 73' lang='lat' dir='ltr'>poeta</span> <span class='ocrx_word' id='word_1_153' title='bbox 1244 2037 1506 2079; x_wconf 90' lang='lat' dir='ltr'>demonstrat</span> <span class='ocrx_word' id='word_1_154' title='bbox 1522 2038 1718 2092; x_wconf 85' lang='lat' dir='ltr'>exemplo</span> 
     </span>
     <span class='ocr_line' id='line_1_23' title="bbox 221 2113 1718 2169; baseline 0 -14"><span class='ocrx_word' id='word_1_155' title='bbox 221 2114 356 2168; x_wconf 86' lang='lat' dir='ltr'>navis,</span> <span class='ocrx_word' id='word_1_156' title='bbox 388 2127 497 2169; x_wconf 89' lang='lat' dir='ltr'>quae</span> <span class='ocrx_word' id='word_1_157' title='bbox 529 2115 635 2156; x_wconf 89' lang='lat' dir='ltr'>mari</span> <span class='ocrx_word' id='word_1_158' title='bbox 668 2117 868 2169; x_wconf 86' lang='lat' dir='ltr'>quassata</span> <span class='ocrx_word' id='word_1_159' title='bbox 899 2115 945 2155; x_wconf 90' lang='lat' dir='ltr'>in</span> <span class='ocrx_word' id='word_1_160' title='bbox 977 2113 1129 2155; x_wconf 88' lang='lat' dir='ltr'>navale</span> <span class='ocrx_word' id='word_1_161' title='bbox 1161 2113 1345 2167; x_wconf 84' lang='lat' dir='ltr'>ducitur,</span> <span class='ocrx_word' id='word_1_162' title='bbox 1378 2114 1490 2168; x_wconf 92' lang='lat' dir='ltr'>equi,</span> <span class='ocrx_word' id='word_1_163' title='bbox 1522 2115 1598 2168; x_wconf 87' lang='lat' dir='ltr'>qui</span> <span class='ocrx_word' id='word_1_164' title='bbox 1630 2126 1718 2155; x_wconf 89' lang='lat' dir='ltr'>cer-</span> 
     </span>
     <span class='ocr_line' id='line_1_24' title="bbox 219 2189 1715 2245; baseline -0.001 -13"><span class='ocrx_word' id='word_1_165' title='bbox 219 2190 453 2233; x_wconf 89' lang='lat' dir='ltr'>taminibus</span> <span class='ocrx_word' id='word_1_166' title='bbox 498 2192 582 2232; x_wconf 88' lang='lat' dir='ltr'>iam</span> <span class='ocrx_word' id='word_1_167' title='bbox 628 2191 766 2245; x_wconf 86' lang='lat' dir='ltr'>impar</span> <span class='ocrx_word' id='word_1_168' title='bbox 798 2191 961 2232; x_wconf 90' lang='lat' dir='ltr'>otiosus</span> <span class='ocrx_word' id='word_1_169' title='bbox 992 2190 1192 2245; x_wconf 83' lang='lat' dir='ltr'>pascitur,</span> <span class='ocrx_word' id='word_1_170' title='bbox 1226 2189 1387 2243; x_wconf 87' lang='lat' dir='ltr'>militis,</span> <span class='ocrx_word' id='word_1_171' title='bbox 1421 2190 1494 2244; x_wconf 92' lang='lat' dir='ltr'>qui</span> <span class='ocrx_word' id='word_1_172' title='bbox 1529 2190 1715 2231; x_wconf 87' lang='lat' dir='ltr'>emeritis</span> 
     </span>
     <span class='ocr_line' id='line_1_25' title="bbox 223 2265 1717 2321; baseline -0.002 -13"><span class='ocrx_word' id='word_1_173' title='bbox 223 2267 444 2321; x_wconf 87' lang='lat' dir='ltr'>stipendiis</span> <span class='ocrx_word' id='word_1_174' title='bbox 480 2280 596 2308; x_wconf 90' lang='lat' dir='ltr'>arma</span> <span class='ocrx_word' id='word_1_175' title='bbox 629 2265 862 2321; x_wconf 83' lang='lat' dir='ltr'>suspendit,</span> <span class='ocrx_word' id='word_1_176' title='bbox 894 2269 1118 2319; x_wconf 88' lang='lat' dir='ltr'>totumque</span> <span class='ocrx_word' id='word_1_177' title='bbox 1149 2265 1266 2306; x_wconf 90' lang='lat' dir='ltr'>hunc</span> <span class='ocrx_word' id='word_1_178' title='bbox 1296 2265 1439 2306; x_wconf 91' lang='lat' dir='ltr'>locum</span> <span class='ocrx_word' id='word_1_179' title='bbox 1474 2265 1603 2320; x_wconf 87' lang='lat' dir='ltr'>vulgo</span> <span class='ocrx_word' id='word_1_180' title='bbox 1638 2266 1717 2306; x_wconf 89' lang='lat' dir='ltr'>viri</span> 
     </span>
     <span class='ocr_line' id='line_1_26' title="bbox 223 2340 1716 2397; baseline -0.002 -13"><span class='ocrx_word' id='word_1_181' title='bbox 223 2343 334 2384; x_wconf 88' lang='lat' dir='ltr'>docti</span> <span class='ocrx_word' id='word_1_182' title='bbox 380 2355 455 2397; x_wconf 91' lang='lat' dir='ltr'>pro</span> <span class='ocrx_word' id='word_1_183' title='bbox 502 2345 614 2384; x_wconf 89' lang='lat' dir='ltr'>certo</span> <span class='ocrx_word' id='word_1_184' title='bbox 663 2345 859 2383; x_wconf 89' lang='lat' dir='ltr'>statuunt</span> <span class='ocrx_word' id='word_1_185' title='bbox 905 2353 960 2382; x_wconf 82' lang='lat' dir='ltr'>ex</span> <span class='ocrx_word' id='word_1_186' title='bbox 1002 2340 1170 2381; x_wconf 87' lang='lat' dir='ltr'>Horatii</span> <span class='ocrx_word' id='word_1_187' title='bbox 1213 2340 1391 2394; x_wconf 89' lang='lat' dir='ltr'>epistola</span> <span class='ocrx_word' id='word_1_188' title='bbox 1423 2340 1560 2395; x_wconf 90' lang='lat' dir='ltr'>prima</span> <span class='ocrx_word' id='word_1_189' title='bbox 1591 2341 1716 2395; x_wconf 88' lang='lat' dir='ltr'>primi</span> 
     </span>
     <span class='ocr_line' id='line_1_27' title="bbox 222 2415 1716 2473; baseline -0.001 -13"><span class='ocrx_word' id='word_1_190' title='bbox 222 2418 322 2460; x_wconf 89' lang='lat' dir='ltr'>libri</span> <span class='ocrx_word' id='word_1_191' title='bbox 360 2421 579 2473; x_wconf 88' lang='lat' dir='ltr'>sumptum</span> <span class='ocrx_word' id='word_1_192' title='bbox 622 2429 725 2459; x_wconf 89' lang='lat' dir='ltr'>esse.</span> <span class='ocrx_word' id='word_1_193' title='bbox 755 2416 873 2458; x_wconf 81' lang='lat' dir='ltr'>Cur?</span> <span class='ocrx_word' id='word_1_194' title='bbox 908 2415 1017 2466; x_wconf 85' lang='lat' dir='ltr'>Quia</span> <span class='ocrx_word' id='word_1_195' title='bbox 1051 2419 1090 2457; x_wconf 87' lang='lat' dir='ltr'>et</span> <span class='ocrx_word' id='word_1_196' title='bbox 1122 2416 1211 2457; x_wconf 88' lang='lat' dir='ltr'>illic</span> <span class='ocrx_word' id='word_1_197' title='bbox 1243 2415 1294 2457; x_wconf 90' lang='lat' dir='ltr'>de</span> <span class='ocrx_word' id='word_1_198' title='bbox 1326 2419 1571 2458; x_wconf 87' lang='lat' dir='ltr'>senescente</span> <span class='ocrx_word' id='word_1_199' title='bbox 1606 2429 1716 2471; x_wconf 90' lang='lat' dir='ltr'>equo</span> 
     </span>
     <span class='ocr_line' id='line_1_28' title="bbox 224 2491 1716 2548; baseline -0.001 -13"><span class='ocrx_word' id='word_1_200' title='bbox 224 2506 360 2535; x_wconf 89' lang='lat' dir='ltr'>sermo</span> <span class='ocrx_word' id='word_1_201' title='bbox 392 2497 455 2535; x_wconf 86' lang='lat' dir='ltr'>est</span> <span class='ocrx_word' id='word_1_202' title='bbox 483 2493 620 2548; x_wconf 90' lang='lat' dir='ltr'>deque</span> <span class='ocrx_word' id='word_1_203' title='bbox 651 2493 780 2534; x_wconf 89' lang='lat' dir='ltr'>armis</span> <span class='ocrx_word' id='word_1_204' title='bbox 813 2492 865 2533; x_wconf 93' lang='lat' dir='ltr'>ad</span> <span class='ocrx_word' id='word_1_205' title='bbox 893 2491 1099 2546; x_wconf 91' lang='lat' dir='ltr'>templum</span> <span class='ocrx_word' id='word_1_206' title='bbox 1128 2492 1360 2547; x_wconf 84' lang='lat' dir='ltr'>suspensis,</span> <span class='ocrx_word' id='word_1_207' title='bbox 1378 2491 1451 2533; x_wconf 90' lang='lat' dir='ltr'>sed</span> <span class='ocrx_word' id='word_1_208' title='bbox 1468 2494 1716 2547; x_wconf 86' lang='lat' dir='ltr'>praesertim</span> 
     </span>
     <span class='ocr_line' id='line_1_29' title="bbox 228 2567 916 2624; baseline -0.004 -13"><span class='ocrx_word' id='word_1_209' title='bbox 228 2570 327 2624; x_wconf 88' lang='lat' dir='ltr'>quia</span> <span class='ocrx_word' id='word_1_210' title='bbox 359 2569 471 2624; x_wconf 92' lang='lat' dir='ltr'>apud</span> <span class='ocrx_word' id='word_1_211' title='bbox 504 2567 706 2610; x_wconf 86' lang='lat' dir='ltr'>Ovidium</span> <span class='ocrx_word' id='word_1_212' title='bbox 737 2569 916 2623; x_wconf 86' lang='lat' dir='ltr'>legitur:</span> 
     </span>
    </p>

    <p class='ocr_par' dir='ltr' id='par_1_11' title="bbox 463 2659 1487 2716">
     <span class='ocr_line' id='line_1_30' title="bbox 463 2659 1487 2716; baseline -0.002 -13"><span class='ocrx_word' id='word_1_213' title='bbox 463 2661 533 2703; x_wconf 89' lang='lat' dir='ltr'>Me</span> <span class='ocrx_word' id='word_1_214' title='bbox 565 2673 738 2716; x_wconf 88' lang='lat' dir='ltr'>quoque</span> <span class='ocrx_word' id='word_1_215' title='bbox 769 2660 918 2701; x_wconf 89' lang='lat' dir='ltr'>donari</span> <span class='ocrx_word' id='word_1_216' title='bbox 948 2660 1033 2700; x_wconf 93' lang='lat' dir='ltr'>iam</span> <span class='ocrx_word' id='word_1_217' title='bbox 1059 2659 1166 2700; x_wconf 87' lang='lat' dir='ltr'>rude</span> <span class='ocrx_word' id='word_1_218' title='bbox 1198 2662 1366 2714; x_wconf 88' lang='lat' dir='ltr'>tempus</span> <span class='ocrx_word' id='word_1_219' title='bbox 1397 2663 1487 2701; x_wconf 90' lang='lat' dir='ltr'>erat</span> 
     </span>
    </p>
   </div>
   <div class='ocr_carea' id='block_1_9' title="bbox 228 2753 1321 2893">
    <p class='ocr_par' dir='ltr' id='par_1_12' title="bbox 228 2753 1321 2893">
     <span class='ocr_line' id='line_1_31' title="bbox 228 2753 684 2809; baseline -0.004 -13"><span class='ocrx_word' id='word_1_220' title='bbox 228 2755 283 2796; x_wconf 84' lang='lat' dir='ltr'>Et</span> <span class='ocrx_word' id='word_1_221' title='bbox 313 2754 428 2809; x_wconf 90' lang='lat' dir='ltr'>apud</span> <span class='ocrx_word' id='word_1_222' title='bbox 459 2753 684 2795; x_wconf 88' lang='lat' dir='ltr'>Horatium</span> 
     </span>
     <span class='ocr_line' id='line_1_32' title="bbox 639 2837 1321 2893; baseline 0.001 -14"><span class='ocrx_word' id='word_1_223' title='bbox 639 2837 853 2880; x_wconf 88' lang='lat' dir='ltr'>Donatum</span> <span class='ocrx_word' id='word_1_224' title='bbox 886 2839 970 2880; x_wconf 88' lang='lat' dir='ltr'>iam</span> <span class='ocrx_word' id='word_1_225' title='bbox 1002 2838 1107 2880; x_wconf 90' lang='lat' dir='ltr'>rude</span> <span class='ocrx_word' id='word_1_226' title='bbox 1141 2839 1321 2893; x_wconf 86' lang='lat' dir='ltr'>quaeris.</span> 
     </span>
    </p>
   </div>
  </div>
 </body>
</html>
