2034 3334
1105 366 1160 408 94

433 489 532 546 Cur,
579 503 751 546 quaeso.
793 490 865 533 An
897 494 1078 548 propter
1118 492 1294 535 nomina
1323 493 1496 536 illorum
1529 495 1616 550 qui,
1646 497 1876 552 antequam

372 566 425 608 ad
472 566 572 609 deos
620 567 923 623 reciperentur,
964 567 1010 609 in
1042 568 1167 611 terris
1200 569 1445 613 mortalium
1476 571 1613 614 instar
1642 571 1880 615 vixerunt?

371 643 430 684 At
461 643 499 684 si
528 644 713 699 speciem
742 642 1005 687 Horatianae
1034 645 1287 688 imitationis
1318 649 1537 702 tamquam
1569 660 1701 703 grave
1716 649 1877 692 crimen

372 720 506 762 vitare
548 720 757 763 voluisset
799 719 987 777 Curtius,
1028 724 1170 764 tamen
1204 735 1291 764 non
1323 726 1488 780 poterat
1519 723 1626 768 alios
1657 725 1880 769 nominare

370 810 513 853 neque
543 798 714 841 eosdem
752 798 835 841 alio
866 800 1052 842 nomine.
1084 799 1155 841 An
1190 800 1306 855 quod
1336 814 1414 856 pro
1447 800 1647 844 Castor
1678 805 1730 846 et
1761 802 1878 845 Pol-

370 873 469 915 lux
500 874 607 917 alter
637 874 765 918 habet
796 888 915 918 cum
946 875 1185 919 Polluce
1217 872 1438 932 Castor,
1473 878 1579 921 alter
1609 891 1726 921 cum
1759 878 1879 922 Cas-

371 953 493 993 tore
547 950 790 994 Pollux?
844 951 957 994 Nam
1004 965 1115 1008 quae
1161 953 1276 1009 apud
1324 952 1521 997 Curtium
1569 967 1672 997 mox
1717 955 1758 1010 (§
1807 955 1877 1010 11)

308 1019 312 1023 ’
371 1031 640 1082 sequuntur:

545 1136 611 1180 Ne
637 1137 868 1180 Herculem
897 1138 1070 1194 quidem
1098 1142 1140 1181 et
1167 1138 1336 1182 Patrem
1354 1138 1558 1182 Liberum
1576 1140 1697 1196 prius
1714 1140 1876 1183 dicatos

488 1213 590 1257 deos
623 1228 751 1271 quam
785 1215 991 1258 vicissent
1021 1228 1168 1258 secum
1204 1216 1444 1259 viventium
1476 1216 1698 1273 invidiam,

369 1346 517 1376 eorum
549 1337 852 1391 argumentum
878 1349 903 1378 a
929 1348 1058 1377 versu
1085 1334 1319 1378 Horatiano
1348 1348 1477 1392 quem
1505 1336 1733 1379 citavimus
1748 1335 1876 1392 plane

369 1413 433 1454 est
464 1411 665 1454 alienum,

427 1488 628 1532 Vidimus
659 1502 759 1546 ergo
793 1502 902 1546 quae
934 1490 1162 1546 hucusque
1193 1490 1418 1533 attulimus
1453 1491 1510 1539 (et
1542 1493 1645 1533 sunt
1675 1491 1722 1532 ni
1753 1489 1877 1533 fallor

370 1567 514 1609 omnia
555 1579 667 1623 quae
697 1565 863 1609 Hertzii
893 1567 1107 1610 industria
1137 1567 1319 1623 collegit,
1353 1581 1508 1610 sanum
1538 1567 1747 1610 iudicium
1780 1579 1876 1624 pro-

369 1642 498 1698 bavit)
548 1658 677 1700 quam
724 1645 812 1687 sint
858 1658 1005 1701 pauca,
1057 1658 1188 1701 quam
1235 1646 1410 1700 incerta,
1453 1630 1582 1701 qnam
1624 1645 1750 1688 levia.
1779 1643 1876 1688 Hoc

367 1734 505 1764 unum
539 1725 705 1765 constat
735 1735 839 1764 suos
871 1721 953 1764 sibi
985 1721 1188 1765 habuisse
1213 1723 1373 1764 amicos
1402 1721 1719 1778 familiaresque
1736 1720 1876 1764 Hora-

366 1798 489 1854 tium,
519 1799 704 1855 illosque
735 1799 951 1842 interdum
985 1799 1097 1842 inter
1127 1799 1282 1855 pocula
1315 1800 1409 1842 eius
1440 1798 1639 1841 laudasse
1672 1798 1875 1853 carmina,

368 1876 520 1918 satiras
568 1877 694 1919 etiam
737 1875 916 1932 epistola
957 1874 1010 1918 ab
1052 1875 1252 1932 Augusto
1298 1887 1392 1918 esse
1421 1874 1629 1931 probatas.
1662 1873 1746 1917 Sed
1776 1875 1875 1930 quis

365 1951 470 1994 haec
496 1965 691 2008 unquam
719 1952 923 2008 negavit?
952 1951 1060 2003 Quis
1085 1955 1302 2008 praeterea
1330 1953 1467 1994 nescit
1483 1951 1657 1994 iubente
1672 1951 1874 2007 Augusto

366 2041 536 2071 carmen
569 2029 784 2072 saeculare
816 2029 1101 2086 compositum
1134 2032 1176 2071 et
1209 2032 1410 2084 quartum
1442 2027 1600 2071 librum
1633 2028 1872 2071 carminum

367 2104 560 2147 additum
595 2105 648 2148 ab
681 2104 915 2190 Hforatio?
929 2104 1012 2148 Sed
1045 2105 1252 2161 principis
1280 2105 1331 2148 de
1358 2109 1447 2148 arte
1473 2105 1637 2161 poetica
1663 2104 1872 2147 iudicium

367 2182 511 2223 nescio
544 2195 595 2223 an
631 2182 747 2224 haud
774 2183 919 2238 magni
948 2182 1004 2224 sit
1029 2181 1286 2224 faciendum.
1314 2182 1355 2223 A
1382 2182 1486 2224 viris
1511 2184 1655 2224 autem
1681 2181 1876 2236 literatis,

367 2258 661 2314 scriptoribus,
693 2260 829 2315 poetis
855 2258 1034 2301 Horatio
1063 2258 1317 2314 aequalibus
1335 2257 1648 2315 supparibusve
1664 2257 1873 2313 consulto,

366 2335 457 2377 sive
501 2339 671 2392 propter
711 2335 935 2392 invidiam,
965 2336 1056 2378 sive
1090 2335 1206 2392 quod
1240 2348 1338 2378 eum
1374 2337 1706 2390 contemnerent,
1738 2333 1791 2377 de
1821 2347 1872 2377 eo

366 2411 483 2454 sileri
513 2413 628 2455 haud
659 2412 974 2456 affirmaverim.
1007 2411 1145 2455 Vetus
1178 2412 1336 2468 aliquis
1368 2413 1550 2468 scriptor
1580 2424 1666 2467 quo
1692 2411 1871 2454 consilio

365 2488 527 2544 aliquid
560 2490 673 2532 dicat
705 2491 806 2533 sciri
836 2493 987 2546 potest,
1019 2503 1105 2546 quo
1138 2490 1318 2532 consilio
1351 2490 1517 2532 omittat
1548 2488 1712 2544 aliquid
1744 2501 1870 2532 nemo

365 2578 558 2621 unquam
592 2567 760 2610 dixerit.
792 2566 899 2609 Mihi
930 2580 1031 2624 ergo
1063 2568 1100 2610 si
1131 2580 1293 2622 eorum,
1326 2579 1436 2623 quae
1467 2567 1696 2622 hucusque
1722 2566 1869 2622 dispu-

364 2643 463 2696 tavi,
510 2656 680 2685 summa
723 2644 931 2700 quaedam
975 2647 1086 2687 esset
1118 2644 1393 2699 conficienda,
1425 2644 1492 2687 his
1524 2643 1667 2686 verbis
1700 2646 1870 2686 senten-

364 2719 467 2760 tiam
511 2732 650 2762 meam
693 2721 1118 2777 comprehenderem:
1162 2720 1236 2764 Sat
1268 2721 1343 2764 diu
1376 2724 1473 2777 post
1504 2723 1683 2763 mortem
1720 2721 1765 2762 in
1798 2729 1899 2762 ore*

365 2795 587 2839 hominum
631 2796 854 2840 doctorum
897 2810 991 2841 esse
1022 2799 1161 2854 coepit
1191 2797 1409 2852 Horatius,
1441 2798 1544 2852 sive,
1574 2800 1624 2840 ut
1654 2797 1869 2839 locutione

368 2872 504 2927 magis
535 2873 660 2915 etiam
693 2877 865 2917 nostrae
897 2876 1048 2918 aetatis
1074 2874 1323 2918 hominibus
1348 2875 1575 2931 perspicua
1593 2877 1690 2916 utar
1709 2886 1869 2930 „popu-
