2034 3334
986 232 1071 275 125

892 420 1029 463 Lmnn
1060 419 1172 463 VIII.

294 564 321 607 8
348 579 438 621 000.
743 562 874 605 Ν10110
907 594 916 605 .
938 594 946 604 .
967 593 977 604 .
998 595 1007 603 .
1041 563 1111 605 0111
1141 560 1388 618 splendidus
1420 564 1532 605 ostro

412 634 529 677 Inter
559 634 785 676 honoratos
816 632 1042 689 medioque
1073 634 1118 675 in
1150 633 1309 676 vertice
1341 646 1465 675 canos

412 704 553 749 Grinis
583 704 843 755 inhaerebat,
874 705 1020 760 magni
1054 702 1207 746 fiducia
1238 705 1373 760 regni.

230 776 362 819 Plura
401 776 471 818 hic
514 775 739 832 displicent
750 788 763 817 ι·
806 776 987 831 repetita
1028 775 1284 831 praepositio
1326 775 1371 816 in
1413 773 1551 816 hisce:
1595 773 1639 815 in
1679 773 1825 815 vertice

229 848 474 899 inhaerebat,
506 849 650 903 ipsum
683 846 922 888 inhaerendi
948 846 1144 897 verbum,
1171 846 1413 888 coniunctio
1439 859 1525 900 que,
1555 858 1661 901 quae
1687 847 1824 887 totam

230 920 464 962 orationem
496 918 598 961 facit
626 917 856 960 soloecam:
888 920 1007 968 „erat
1033 917 1134 960 huic
1159 918 1272 959 inter
1298 930 1421 958 canos
1446 917 1489 958 in
1518 915 1658 958 medio
1686 917 1823 972 capite

229 991 357 1033 crinis
397 988 667 1046 purpureus''
712 988 792 1031 hoc
832 988 1019 1031 latinum
1062 991 1148 1039 est,
1191 1002 1276 1030 non
1315 1001 1415 1030 vero
1451 988 1591 1038 „inter
1622 1001 1746 1030 canos
1777 988 1823 1028 in

231 1060 432 1117 medioque
473 1060 654 1117 capite''.
703 1059 818 1102 Huic
859 1063 972 1102 certe
1012 1058 1308 1109 incommodo,
1352 1058 1464 1114 quod
1507 1061 1679 1101 omnino
1721 1058 1823 1100 ferri

229 1133 400 1188 nequit,
432 1130 716 1183 „deteriores”
745 1131 971 1173 medentur
997 1130 1158 1173 codices
1185 1129 1423 1186 praebendo
1450 1129 1577 1171 medio
1605 1130 1653 1171 de
1679 1129 1825 1171 vertice

232 1202 305 1245 sed
340 1202 471 1245 simul
502 1206 645 1246 monet
677 1203 935 1259 praepositio
967 1203 1016 1243 de
1046 1203 1092 1243 in
1121 1201 1277 1244 horum
1311 1200 1504 1243 codicum
1538 1199 1734 1256 exemplo
1766 1199 1826 1241 in-

233 1273 423 1315 haerendi
454 1274 636 1316 verbum
668 1287 751 1315 non
784 1273 927 1315 fuisse.
960 1271 1187 1328 Scripsisse
1220 1271 1425 1314 Ovidium
1457 1272 1671 1327 suspicor:

416 1344 634 1387 Pendebat
666 1345 818 1395 crinis,
851 1345 1000 1400 magni
1030 1343 1185 1386 fiducia
1215 1345 1349 1399 regni.

236 1414 553 1458 Pulcherrimus
580 1415 649 1458 1110
675 1416 757 1458 erit
783 1429 930 1458 versus
960 1413 1393 1470 „contemplativus''‚
1416 1427 1541 1470 quem
1560 1414 1627 1456 sui
1644 1416 1826 1470 quatuor

234 1486 409 1543 spondei
439 1488 612 1544 egregie
645 1485 831 1529 deceant.

297 1632 354 1676 60
371 1647 459 1689 sqq.
492 1632 549 1675 Et
580 1636 700 1689 puto,
734 1634 982 1684 vincemur;
1017 1633 1091 1688 qui
1122 1633 1159 1674 si
1192 1635 1335 1674 manet
1366 1632 1506 1673 exitus
1538 1631 1702 1681 urbem,

494 1702 581 1747 Cur
613 1718 716 1746 suus
746 1704 849 1746 haec
878 1703 946 1745 illi
976 1706 1132 1746 reseret
1163 1716 1259 1746 mea
1290 1703 1458 1745 moenia
1489 1701 1663 1744 Mavors

492 1774 549 1816 Et
578 1788 662 1817 non
694 1779 839 1816 noster
871 1772 1017 1817 amor?

235 1844 305 1887 Sic
345 1859 456 1887 nunc
498 1844 611 1887 hunc
651 1844 794 1887 locum
837 1845 1009 1887 exhibet
1050 1843 1304 1895 Ehwaldus,
1348 1843 1487 1886 multo
1524 1846 1636 1886 certe
1667 1842 1824 1885 melius

236 1929 365 1971 quam
407 1916 482 1971 qui
522 1929 599 1971 pro
640 1915 709 1971 qui
748 1915 785 1957 ei
825 1920 955 1957 manet
998 1915 1130 1957 edunt
1171 1915 1261 1971 quis
1305 1915 1407 1956 enim
1439 1918 1482 1958 et
1515 1930 1599 1956 eum
1631 1928 1707 1970 pro
1740 1928 1822 1955 eur.

236 1985 357 2028 Unus
388 1988 533 2028 tamen
564 1990 755 2028 remanet
786 1985 1038 2042 scrupulus:
1075 1987 1197 2036 „haee
1227 2001 1312 2027 mea
1342 1985 1540 2028 moenia”
1567 1983 1826 2041 languidum

236 2070 371 2112 neque
401 2056 531 2098 huius
561 2055 643 2098 loci
675 2061 750 2099 est.
784 2055 916 2098 Tollit
946 2057 1058 2098 hunc
1089 2056 1293 2098 Heinsius
1323 2055 1505 2112 legendo
1532 2054 1724 2096 reserabit
1749 2068 1824 2110 pro

239 2131 382 2169 reseret
424 2142 518 2168 mea.
563 2126 645 2168 Sed
687 2127 955 2169 coniunctivo
995 2127 1065 2169 hic
1095 2128 1246 2181 utique
1278 2140 1397 2182 opus.
1433 2125 1531 2168 Alio
1563 2126 1692 2168 verbo
1725 2125 1825 2167 Ovi-

237 2197 358 2239 dium
389 2210 518 2239 usum
549 2210 638 2240 esse
669 2197 864 2240 arbitror.

301 2342 356 2385 62
385 2358 473 2399 sqq.
913 2343 1073 2386 Melius
1104 2345 1193 2386 sine
1225 2343 1349 2386 caede
1381 2357 1583 2399 moraque

420 2413 698 2469 Impensaque
732 2415 799 2455 sui
832 2415 989 2470 poterit
1020 2428 1216 2470 superare
1248 2412 1423 2457 cruoris·

419 2484 515 2527 Non
546 2488 738 2527 metuam
770 2488 907 2536 certe,
940 2499 992 2527 ne
1025 2487 1120 2541 quis
1152 2490 1227 2527 tua
1258 2490 1450 2541 pectora,
1484 2484 1642 2536 Minos,

422 2555 623 2598 Vulneret
653 2555 916 2611 imprudens,

239 2625 286 2668 Si
327 2640 379 2668 ne
422 2625 664 2682 periculum
706 2625 879 2681 quidem
921 2628 985 2667 est
1015 2639 1067 2668 ne
1098 2627 1193 2683 quis
1224 2625 1475 2681 imprudens
1506 2626 1700 2667 Minoem
1731 2624 1825 2668 vul-

238 2700 379 2748 neret,
423 2698 670 2753 ineptientis
713 2699 776 2738 est
806 2695 915 2738 illud
947 2695 1011 2737 sui
1043 2695 1195 2737 cruoris
1226 2697 1511 2752 praemittere.
1551 2696 1699 2751 Neque
1732 2697 1824 2739 sani

238 2767 424 2810 hominis
455 2770 519 2810 est
549 2766 740 2823 Scyllam
770 2768 829 2809 sic
861 2769 1110 2822 pergentem
1141 2766 1362 2809 inducere:

816 2835 920 2888 Quis
953 2838 1067 2878 enim
1099 2840 1188 2879 tam
1221 2835 1352 2879 durus
1384 2840 1432 2879 ut
1464 2838 1509 2879 in
1541 2841 1584 2879 te

421 2907 615 2964 Dirigere
646 2908 861 2950 immitem
892 2921 975 2950 non
1005 2908 1164 2949 inscius
1196 2907 1350 2950 audeat
1381 2905 1575 2950 hastam?

242 2978 432 3021 Dubium
458 2993 546 3021 0000
572 2993 655 3022 11011
682 2982 821 3035 potest
848 2979 949 3033 quin
977 2979 1035 3020 010
1060 2977 1203 3034 Scylla
1222 2979 1521 3021 ratiocinetur:
1547 2977 1825 3034 „imprudens
