2034 3334
960 399 1016 442 1‘4

236 529 285 570 ut
327 524 482 569 Chloae
521 538 708 570 amorem
749 526 931 569 incutiat
971 523 1163 582 rogatur,
1194 538 1280 569 non
1314 525 1536 583 Cupidinis
1567 525 1734 582 sagittis

236 601 418 646 sed....
461 601 696 644 sublimi
733 601 1006 658 flagello?
1048 601 1247 646 Afferunt
1288 602 1461 658 quidem
1503 601 1616 644 docti
1655 601 1734 644 hos

234 677 391 721 Tibulli
421 690 572 721 versus
600 676 651 732 (I,
683 678 723 733 8,
756 678 783 720 5
814 679 915 734 sq.):

443 777 544 835 Ipsa
573 777 727 821 Venus
757 779 923 835 magico
956 778 1183 835 religatum
1217 777 1391 821 brachia
1420 777 1534 821 nodo

502 854 733 898 Perdocuit
766 855 914 898 multis
946 867 1034 897 non
1068 855 1161 898 sine
1192 853 1454 910 verberibus,

236 965 311 1009 sed
356 965 464 1008 nihil
504 965 551 1006 in
596 965 651 1007 iis
698 966 763 1007 est
806 963 1029 1020 praesidii:
1072 962 1133 1005 ibi
1164 964 1277 1006 enim
1307 966 1432 1020 poeta
1461 963 1654 1019 loquitur
1685 962 1738 1006 de

235 1041 342 1084 dura
373 1041 591 1095 servitute,
622 1053 751 1096 quam
785 1038 866 1082 sub
899 1039 1071 1082 domina
1105 1038 1275 1082 Venere
1306 1039 1362 1082 sit
1392 1051 1632 1096 perpessus.

295 1117 500 1161 Minusne
542 1119 608 1160 est
639 1116 871 1159 ridiculum
903 1115 1021 1172 quod
1050 1115 1132 1171 III,
1164 1116 1218 1157 21
1251 1118 1375 1172 poe'ta
1406 1115 1496 1157 vini
1531 1113 1739 1171 „testam”

236 1195 299 1237 sic
329 1193 586 1251 alloquitur:

535 1292 592 1336 Te
622 1291 751 1335 Liber
782 1294 824 1335 et
855 1292 893 1335 si
924 1291 1035 1335 laeta
1065 1291 1201 1335 aderit
1230 1291 1381 1335 Venus

532 1368 780 1426 Segnesque
815 1367 980 1411 nodum
1015 1367 1180 1412 solvere
1211 1367 1383 1412 Gratiae

593 1445 817 1501 Vivaeque
847 1445 1086 1501 producent
1122 1446 1324 1490 lucernae

652 1520 768 1565 Dum
800 1521 971 1565 rediens
1004 1521 1124 1578 fugat
1154 1526 1268 1565 astra
1298 1522 1511 1566 Phoebus.

296 1631 382 1675 Ubi
413 1644 513 1688 ergo
543 1630 670 1674 Liber
700 1630 904 1674 Liberum
936 1631 1171 1687 producere
1203 1631 1374 1674 dicitur.

297 1708 491 1765 Magisne
522 1710 626 1751 sunt
656 1707 898 1764 probandae
930 1706 1140 1750 absurdae
1165 1707 1264 1751 illae
1288 1707 1521 1750 inferorum
1549 1708 1734 1765 descrip-

237 1785 376 1828 tiones
417 1784 489 1841 (ΙΙ,
524 1785 578 1827 13
612 1787 654 1827 et
687 1785 770 1839 19),
812 1796 924 1839 quae
960 1797 1088 1839 quam
1120 1785 1206 1827 sint
1238 1784 1349 1827 bono
1380 1787 1504 1840 poeta
1534 1784 1736 1841 indignae

238 1863 406 1918 egregie
451 1861 669 1917 apparebit
709 1862 747 1904 si
788 1861 1021 1904 contuleris
1062 1862 1269 1904 eximium
1301 1861 1416 1918 apud
1449 1860 1651 1904 Ovidium
1683 1861 1736 1905 de

240 1937 407 1994 Orpheo
438 1938 601 1980 animas
632 1937 894 1981 carminibus
921 1938 1212 1994 permulcente
1235 1938 1377 1980 locum
1405 1937 1501 1994 (IX,
1528 1938 1585 1980 40
1613 1939 1734 1994 sqq.).

298 2014 500 2057 Minusne
541 2015 684 2070 inepte
723 2018 846 2071 poeta
877 2015 922 2056 in
954 2016 1275 2058 enumeratione
1305 2028 1449 2058 rerum
1482 2015 1735 2072 mythologi-

239 2104 398 2146 carum,
429 2103 539 2146 quae
570 2103 669 2133 cum
701 2090 799 2133 allio
829 2092 911 2134 isto
945 2092 1112 2157 vis-cera
1143 2095 1349 2134 exurente
1380 2093 1618 2148 comparari
1640 2105 1737 2149 pos-

239 2169 336 2223 sint,
366 2168 445 2210 hos
476 2168 619 2224 posuit
650 2180 801 2210 versus
833 2167 980 2224 (Epod.
1013 2167 1119 2222 III):

506 2268 598 2312 Nec
630 2282 790 2312 munus
820 2269 1012 2335 buggeus
1044 2268 1226 2312 efficacis
1257 2269 1458 2313 Herculis

56 2395 59 2402 ,
90 2332 114 2385 ,Δ
158 2397 176 2416 A*
207 2388 226 2406 Α,
262 2333 286 2385 ,Ι
566 2345 724 2389 Inarsi't
749 2346 1025 2388 aestuosius‘?

301 2455 383 2498 Sed
432 2457 485 2499 ad
538 2457 721 2499 alterum
768 2456 1068 2512 disputationis
1114 2456 1255 2498 locum
1301 2457 1612 2500 transeundum
1661 2460 1736 2500 est.

243 2531 437 2583 Quonam
486 2534 592 2575 mihi
638 2533 793 2576 ducere
838 2533 1064 2575 videantur
1111 2536 1260 2576 acutae
1301 2533 1553 2589 lepidaeque
1592 2532 1735 2576 Peerl-

240 2608 399 2664 kampii
446 2608 774 2664 observationes,
821 2609 857 2651 si
901 2613 1015 2652 recte
1060 2610 1114 2652 iis
1160 2613 1347 2664 utamur,
1392 2610 1478 2651 iam
1524 2612 1574 2651 ut
1613 2610 1734 2664 potui

242 2683 437 2725 indicavi.
