2034 3334
1087 308 1142 350 78

364 432 567 476 mendare
598 431 766 475 civibus
797 431 1030 477 Horatium
1061 434 1264 477 iuvenem
1297 437 1464 491 poetam
1498 438 1540 478 et
1571 435 1753 480 vixdum
1782 437 1877 480 cui·

368 522 497 565 quam
531 512 681 551 notum
714 508 927 565 Virgilius
955 509 1134 565 volebat,
1161 523 1262 567 ergo
1280 511 1513 554 sententias
1530 511 1647 555 illius
1666 511 1872 568 quasdam

366 587 458 628 suis
491 585 687 629 versibus
719 585 946 642 inserebat,
977 587 1224 631 immutatas
1257 587 1486 644 paululum
1518 593 1560 632 et
1589 588 1782 646 politas.’'
1809 588 1875 634 De

368 675 453 718 qua
496 662 742 706 coniectura
779 664 883 719 quid
916 676 1111 707 censeam
1145 677 1232 707 non
1265 677 1441 721 possum
1475 665 1630 709 melius
1660 678 1876 723 exponere

367 752 495 794 quam
539 742 724 796 utroque
760 741 950 784 carmine
979 742 1133 797 raptim
1166 741 1468 797 percurrendo.
1500 741 1579 785 Est
1609 746 1754 786 autem
1784 742 1876 786 Ho-

366 817 464 859 ratii
505 817 664 878 epqdos
704 817 821 861 haud
864 813 1066 862 mediocri
1097 819 1225 862 laude
1257 819 1429 876 dignus,
1459 824 1502 863 et
1532 820 1748 878 plerisque
1779 822 1874 866 eius

364 893 512 949 epodis
545 895 702 937 mirum
735 899 945 951 quantum
978 899 1175 952 praestat.
1203 896 1254 939 ln
1284 910 1369 952 quo
1398 897 1588 958 primum
1616 898 1726 942 hanc
1742 912 1874 956 agno-

366 971 529 1014 scimus
562 972 778 1026 virtutem,
810 985 921 1028 quae
952 972 997 1014 in
1030 973 1185 1028 quovis
1217 974 1406 1018 carmine
1431 975 1653 1031 permagni
1678 974 1873 1019 facienda

365 1051 443 1103 est,
475 1048 591 1104 quod
623 1061 747 1115 veros
780 1049 912 1092 animi
946 1049 1123 1092 affectus
1156 1048 1353 1093 versibus
1386 1051 1478 1094 suis
1506 1052 1724 1096 exornarit
1738 1055 1873 1110 poeta.

366 1123 432 1168 De
480 1125 609 1182 longo
655 1112 768 1169 enim
816 1130 858 1169 et
899 1125 1068 1170 infinito
1111 1126 1221 1170 bello
1263 1127 1380 1170 civili
1420 1129 1480 1171 ita
1510 1128 1781 1184 lamentatur,
1814 1130 1876 1175 ita

367 1203 575 1259 queritur,
622 1206 671 1246 ut
716 1216 817 1246 vere
858 1204 1022 1246 tristem
1065 1203 1361 1260 afflictumque
1404 1217 1503 1247 eum
1536 1217 1631 1248 esse
1661 1217 1684 1248 e
1717 1205 1872 1262 quovis

365 1292 495 1323 versu
527 1280 692 1323 audias.
727 1280 853 1331 Quod
883 1281 998 1323 iusto
1031 1280 1203 1336 longius
1231 1285 1296 1323 est
1327 1293 1498 1324 carmen
1530 1282 1747 1338 nimisque
1777 1281 1874 1325 rhe-

364 1357 497 1399 torico
557 1356 658 1400 fuco
705 1361 919 1413 ornatum,
966 1356 1149 1400 libenter
1194 1357 1343 1400 iuveni
1388 1361 1537 1413 poetae
1582 1358 1871 1414 ignoscimus:

365 1433 542 1476 modum
576 1436 721 1478 tenere
752 1435 910 1487 nescit3
939 1434 1286 1490 quotusquisque
1314 1434 1531 1477 seniorum
1560 1437 1625 1478 est
1641 1435 1717 1490 qui
1734 1434 1872 1478 sciat?

362 1508 462 1552 Non
511 1513 653 1554 tamen
696 1514 784 1553 tam
827 1510 878 1553 de
921 1524 1000 1553 sua
1039 1510 1167 1554 laude
1209 1510 1418 1554 sollicitus
1450 1510 1622 1554 videtur
1653 1524 1783 1567 quam
1817 1511 1870 1556 de

363 1587 526 1643 patriae
567 1587 715 1630 salute.
752 1587 1093 1630 Admirationem
1126 1599 1227 1629 vero
1259 1587 1440 1643 legentis
1472 1587 1553 1629 hoc
1583 1588 1746 1631 moveri
1777 1601 1871 1632 car-

364 1665 482 1706 mine
514 1665 613 1720 quis
639 1664 896 1708 contendere
924 1664 1089 1720 possit?
1116 1663 1357 1720 Ingenuam
1376 1664 1658 1708 adolescentis
1675 1679 1870 1710 amamus

364 1739 567 1795 indolem,
600 1753 727 1796 quem
760 1744 876 1783 tanto
919 1740 1077 1784 afficiat
1107 1740 1252 1784 dolore
1285 1740 1503 1783 calamitas
1534 1740 1728 1797 publica:
1764 1741 1870 1784 nihil

365 1819 507 1859 tamen
539 1816 611 1860 ille
641 1816 722 1860 fert
754 1817 868 1873 quod
899 1817 1172 1860 vehementer
1202 1817 1369 1860 animos
1396 1821 1565 1860 nostros
1582 1817 1793 1874 percellat.
1810 1818 1871 1862 At

364 1894 410 1936 in
441 1893 615 1950 Virgilii
655 1894 800 1950 ecloga
836 1894 1050 1950 praeclara
1081 1898 1183 1937 sunt
1214 1895 1369 1950 omnia,
1401 1893 1507 1936 nihil
1539 1897 1604 1937 est
1635 1894 1750 1950 quod
1782 1907 1870 1938 non

365 1984 535 2014 summa
577 1971 757 2028 dignum
798 1972 995 2015 videatur
1035 1971 1325 2015 admiratione.
1369 1971 1538 2014 Vivunt
1568 1971 1614 2014 in
1645 1984 1696 2014 ea
1727 1972 1871 2015 omnia

365 2048 625 2104 spirantque.
666 2047 903 2091 Exsultans
935 2047 988 2091 ob
1022 2061 1166 2104 pacem
1199 2049 1479 2104 compositam
1514 2051 1638 2104 poeta
1668 2061 1748 2091 suo
1777 2048 1870 2104 ipse

363 2125 522 2182 gaudio
562 2126 782 2182 laetisque,
825 2139 934 2181 quae
974 2126 1021 2168 in
1061 2126 1197 2181 ipsius
1227 2128 1370 2168 mente
1401 2138 1520 2168 nunc
1553 2138 1651 2168 cum
1683 2125 1870 2173 maxime

364 2205 617 2258 nascuntur,
648 2202 980 2258 cogitationibus
1012 2202 1180 2258 egregie
1213 2203 1350 2244 utitur
1380 2202 1434 2245 ad
1461 2201 1758 2245 exornandum
1763 2214 1868 2258 gar·

364 2292 464 2321 men
490 2278 832 2336 gratulatorium,
861 2278 977 2334 quod
1001 2278 1056 2320 ad
1077 2279 1265 2321 amicum
1282 2277 1522 2321 Pollionem
1539 2278 1669 2321 mittit
1683 2277 1865 2321 laetissi-

365 2369 483 2398 mum
532 2360 574 2399 et
621 2357 787 2413 ipsum:
830 2356 919 2399 filio
962 2357 1077 2399 enim
1119 2359 1218 2399 nato
1261 2357 1421 2412 optima
1453 2368 1649 2412 quaeque
1680 2355 1720 2398 ei
1749 2367 1870 2412 prae-

365 2433 474 2488 sagit
521 2434 703 2476 animus.
764 2431 878 2484 Quid
924 2436 1067 2476 autem
1117 2433 1184 2476 his
1231 2432 1493 2476 carminibus
1537 2443 1766 2490 com-mune
1811 2431 1868 2474 sit

365 2521 514 2564 rogare
545 2510 679 2564 possit
710 2509 1049 2552 admirabundus
1082 2510 1158 2565 qui
1190 2509 1242 2552 de
1268 2509 1355 2551 illis
1383 2522 1604 2564 nunquam
1632 2507 1865 2550 audiverit:

366 2585 546 2627 alterum
578 2587 690 2628 enim
725 2586 901 2642 plenum
933 2589 998 2629 est
1026 2586 1186 2642 gaudii,
1217 2586 1399 2628 alterum
1429 2598 1452 2629 e
1478 2585 1722 2643 tris-tissima
1736 2583 1869 2627 fluxit

367 2666 520 2704 mente.
566 2662 731 2723 Nempe
771 2663 980 2719 Virgilius
1021 2644 1205 2706 reditum
1249 2664 1368 2705 aurei
1408 2661 1566 2705 saeculi
1599 2661 1868 2717 vaticinatur,

364 2737 571 2780 Horatius
603 2740 782 2781 carmini
815 2753 894 2782 suo
925 2740 1076 2782 inserit
1106 2738 1327 2782 beatorum
1360 2738 1597 2782 insularum
1617 2737 1865 2794 descriptio·

368 2827 488 2857 nem:
537 2814 581 2855 hi
622 2818 763 2857 autem
806 2815 890 2858 loci
921 2819 1007 2858 tam
1038 2816 1151 2859 inter
1181 2828 1227 2859 se
1259 2815 1421 2858 similes
1453 2826 1620 2870 semper
1651 2814 1733 2857 visi
1764 2817 1868 2859 sunt
1912 2847 1918 2862 ι
