2034 3334
935 419 985 459 17

177 549 271 588 dedi
312 549 386 589 sed
427 547 656 588 reIIctis
698 546 863 586 rebus
905 545 1165 584 omnibus
1208 545 1482 593 quaesivi.
1528 544 1634 595 Quid
1666 545 1735 586 hic

176 635 261 664 non
292 625 354 664 ita
385 634 639 673 expressum
671 624 719 662 ut
752 622 859 661 nihil
891 621 987 660 addi
1018 621 1156 670 possit
1167 622 1214 660 ?''

235 710 298 739 vs,
336 700 430 739 171.
495 699 740 748 Respondet
771 697 924 736 Thais:
1152 704 1156 707 ·

828 773 935 822 Quid
966 773 1076 822 istic,
1111 773 1351 812 Phaedria?

266 850 536 900 Quamquam
567 850 688 888 illam
721 849 842 898 cupio
875 849 1095 898 abducere,
1130 850 1257 896 atque
1290 849 1371 887 hac
1403 860 1448 887 re
1481 849 1663 889 arbitror

265 927 312 965 Id
342 925 434 965 fieri
465 936 590 975 posse
621 925 837 975 maxime:
870 934 1024 963 verum
1055 925 1203 963 tamen

265 1002 413 1040 Potius
446 1012 576 1049 quam
607 1002 651 1040 te
683 1000 909 1039 inimicum
942 1000 1137 1049 habeam,
1171 999 1328 1038 faciam
1360 1001 1410 1038 ut
1441 1000 1631 1040 iusseris.

178 1077 438 1116 Scholiasta:
501 1077 656 1128 „quid
713 1075 850 1115 istic
903 1075 1143 1115 consentire
1189 1075 1433 1126 incipientis
1481 1077 1568 1124 est;
1618 1077 1738 1115 deest

177 1163 523 1192 remoramur
555 1154 629 1191 aut
661 1151 760 1200 quid
787 1151 916 1190 tale''.
947 1151 1083 1200 Quam
1111 1151 1444 1200 explicationem
1461 1152 1737 1191 verissimam

178 1239 272 1268 esse
303 1229 349 1267 hi
379 1229 461 1268 loci
488 1229 807 1267 demonstrant:
837 1227 968 1266 Andr.
998 1229 1095 1277 572,
1125 1227 1229 1266 Eun.
1259 1228 1356 1276 388,
1387 1228 1464 1266 Ad.
1497 1228 1578 1266 133
1608 1229 1735 1277 (350),

177 1305 275 1354 956,
310 1305 464 1343 Heaut.
502 1305 627 1343 1053.

238 1381 332 1419 175.
396 1380 481 1418 Vix
512 1380 618 1418 haec
649 1378 823 1417 Thaidis
857 1378 1022 1416 audivit
1053 1378 1347 1417 blandimenta
1384 1388 1482 1417 cum
1520 1379 1738 1417 exclamat

175 1456 406 1495 Phaedria:
1675 1454 1678 1457 ’
1765 1451 1767 1453 “

294 1532 473 1570 Utinam
505 1532 616 1570 istuc
647 1531 827 1569 verbum
860 1541 914 1569 ex
947 1530 1288 1593 animQQres

298 1608 472 1658 „Potius
504 1618 633 1655 quam
665 1608 708 1646 te
740 1607 964 1645 inimicum
995 1606 1206 1645 habeam”
1241 1607 1283 1644 et
1314 1606 1427 1645 istuc
1459 1606 1676 1646 crederem

294 1684 465 1722 Sincere
497 1684 591 1732 dici,
626 1683 794 1731 quidvis
826 1692 1000 1731 possem
1031 1682 1208 1730 perpeti.

176 1758 335 1798 Eadem
366 1759 498 1797 habes
529 1758 738 1797 vocabula
769 1758 880 1806 apud
913 1757 1130 1796 Catullum
1163 1758 1300 1809 1109):

411 1834 650 1872 Iucundum
680 1844 779 1872 mea
809 1834 901 1872 vita
932 1833 1041 1871 mihi
1071 1833 1271 1882 proponis
1303 1843 1498 1872 amorem

471 1909 596 1948 Hunc
627 1910 824 1948 nostrum
856 1909 967 1947 inter
998 1918 1077 1947 nos
1108 1910 1446 1957 perpetuumque
1477 1909 1579 1948 fore.

412 1984 464 2022 Di
494 1985 641 2033 magni
672 1985 799 2023 facite
830 1986 880 2023 ut
910 1995 1040 2023 vere
1071 1985 1323 2033 promittere
1354 1985 1492 2033 possit

473 2059 613 2107 Atque
645 2060 724 2098 hoc
755 2060 978 2098 sincere
1010 2059 1124 2098 dicat
1155 2060 1199 2098 et
1230 2070 1295 2098 ex
1337 2060 1532 2098 animo.

181 2134 292 2184 Quos
309 2145 460 2174 versus
477 2145 626 2173 eorum
643 2144 772 2172 causa
789 2134 1009 2183 exscripsi,
1029 2134 1066 2172 si
1083 2135 1154 2182 qui
1171 2135 1503 2173 demonstrando
1521 2134 1738 2174 Catullum

179 2211 312 2250 etiam
344 2211 387 2249 in
418 2210 716 2259 pulcherrimis
749 2209 834 2247 illis
867 2209 917 2247 de
949 2219 1026 2247 suo
1059 2219 1204 2248 amore
1237 2210 1499 2248 carminibus
1530 2211 1738 2249 vocabula

179 2286 436 2334 surripuisse
488 2285 596 2333 aliis,
640 2286 813 2332 tempus
854 2284 1028 2332 perdere
1068 2284 1294 2323 voluerint.
1337 2285 1507 2323 Interea
1547 2285 1628 2323 hoc
1670 2286 1735 2324 ob-

179 2371 403 2400 servemus
444 2361 590 2399 omnia
630 2360 699 2398 hic
740 2359 906 2407 puellae
947 2359 1078 2398 verba
1113 2370 1139 2398 a
1178 2359 1388 2398 Phaedria
1429 2360 1564 2408 repeti
1604 2362 1653 2398 ut
1684 2361 1735 2398 si-

179 2436 352 2485 gnificet
384 2438 644 2484 quantopere
676 2436 729 2474 iis
762 2435 965 2483 capiatur.

238 2513 348 2569 Tum
379 2513 635 2551 Phaedriam
666 2511 796 2549 Thais
827 2511 950 2558 rogat
982 2510 1081 2556 (179
1122 2512 1233 2558 sq.):

250 2567 259 2575 ”
415 2588 502 2636 Ego
533 2598 619 2626 non
651 2597 706 2625 ex
737 2586 880 2625 animo
912 2585 1073 2623 misera
1104 2585 1228 2623 dico?
1261 2594 1391 2632 quam
1423 2585 1514 2623 ioco

415 2662 524 2701 Rem
555 2661 731 2701 voluisti
763 2672 787 2700 a
818 2671 888 2699 me
921 2660 1096 2699 tandem
1129 2660 1230 2708 quin
1261 2660 1520 2708 perfeceris?

179 2738 370 2786 Respicit
411 2738 491 2776 hac
532 2736 864 2785 interrogatione
909 2745 1059 2774 versus
1104 2736 1288 2784 165-7,
1332 2735 1404 2774 ubi
1447 2746 1527 2774 sua
1557 2736 1668 2776 dona
1699 2737 1737 2776 ei

114 2794 118 2796 ¹
180 2813 412 2862 imputavit
442 2813 662 2860 Phaedria.

239 2889 331 2927 Non
363 2889 522 2934 diutius
548 2888 674 2926 biduo
700 2886 941 2935 praelatum
967 2885 1018 2923 iri
1044 2885 1229 2923 militem
1256 2885 1489 2924 Phaedriae
1515 2887 1737 2925 asseverat

182 2962 311 3002 Thais
342 2964 410 3002 his
441 2964 583 3002 verbis
616 2965 693 3009 (vs.
731 2963 850 3009 183):

1611 3031 1630 3059 2
