<?xml version="1.0" encoding="UTF-8"?>
<!DOCTYPE html PUBLIC "-//W3C//DTD XHTML 1.0 Transitional//EN"
    "http://www.w3.org/TR/xhtml1/DTD/xhtml1-transitional.dtd">
<html xmlns="http://www.w3.org/1999/xhtml" xml:lang="en" lang="en">
 <head>
  <title>
</title>
<meta http-equiv="Content-Type" content="text/html;charset=utf-8" />
  <meta name='ocr-system' content='tesseract 3.04.00' />
  <meta name='ocr-capabilities' content='ocr_page ocr_carea ocr_par ocr_line ocrx_word'/>
</head>
<body>
  <div class='ocr_page' id='page_1' title='image "./dehoratiopota00hartuoft_0524.png"; bbox 0 0 2034 3334; ppageno 0'>
   <div class='ocr_carea' id='block_1_1' title="bbox 1781 0 2034 496">
    <p class='ocr_par' dir='ltr' id='par_1_1' title="bbox 1781 0 2034 496">
     <span class='ocr_line' id='line_1_1' title="bbox 1781 0 2034 496; baseline 0 2838"><span class='ocrx_word' id='word_1_1' title='bbox 1781 0 2034 496; x_wconf 95' lang='lat' dir='ltr'> </span> 
     </span>
    </p>
   </div>
   <div class='ocr_carea' id='block_1_2' title="bbox 1053 392 1137 432">
    <p class='ocr_par' dir='ltr' id='par_1_2' title="bbox 1053 392 1137 432">
     <span class='ocr_line' id='line_1_2' title="bbox 1053 392 1137 432; baseline -0.024 0"><span class='ocrx_word' id='word_1_2' title='bbox 1053 392 1137 432; x_wconf 86' lang='lat'>140</span> 
     </span>
    </p>
   </div>
   <div class='ocr_carea' id='block_1_3' title="bbox 301 514 1876 1243">
    <p class='ocr_par' dir='ltr' id='par_1_3' title="bbox 304 514 1872 559">
     <span class='ocr_line' id='line_1_3' title="bbox 304 514 1872 559; baseline 0.003 -5"><span class='ocrx_word' id='word_1_3' title='bbox 304 514 462 555; x_wconf 87' lang='lat' dir='ltr'>timent</span> <span class='ocrx_word' id='word_1_4' title='bbox 507 516 690 556; x_wconf 76' lang='lat' dir='ltr'>moleste</span> <span class='ocrx_word' id='word_1_5' title='bbox 737 517 926 557; x_wconf 86' lang='lat' dir='ltr'>accurati</span> <span class='ocrx_word' id='word_1_6' title='bbox 974 527 1070 557; x_wconf 91' lang='lat' dir='ltr'>esse</span> <span class='ocrx_word' id='word_1_7' title='bbox 1111 517 1254 557; x_wconf 88' lang='lat' dir='ltr'>solent</span> <span class='ocrx_word' id='word_1_8' title='bbox 1294 518 1338 557; x_wconf 92' lang='lat' dir='ltr'>et</span> <span class='ocrx_word' id='word_1_9' title='bbox 1378 518 1525 558; x_wconf 82' lang='lat' dir='ltr'>omnia</span> <span class='ocrx_word' id='word_1_10' title='bbox 1565 517 1677 558; x_wconf 86' lang='lat' dir='ltr'>scire</span> <span class='ocrx_word' id='word_1_11' title='bbox 1707 516 1872 559; x_wconf 82' lang='lat' dir='ltr'>volunt.</span> 
     </span>
    </p>

    <p class='ocr_par' dir='ltr' id='par_1_4' title="bbox 305 591 1874 720">
     <span class='ocr_line' id='line_1_4' title="bbox 367 591 1874 643; baseline 0.003 -13"><span class='ocrx_word' id='word_1_12' title='bbox 367 591 518 641; x_wconf 84' lang='lat' dir='ltr'>„Vidi”</span> <span class='ocrx_word' id='word_1_13' title='bbox 551 591 697 632; x_wconf 90' lang='lat' dir='ltr'>Davus</span> <span class='ocrx_word' id='word_1_14' title='bbox 729 594 877 633; x_wconf 86' lang='lat' dir='ltr'>narrat</span> <span class='ocrx_word' id='word_1_15' title='bbox 912 594 979 643; x_wconf 88' lang='lat' dir='ltr'>„id</span> <span class='ocrx_word' id='word_1_16' title='bbox 1007 594 1118 643; x_wconf 90' lang='lat' dir='ltr'>quod</span> <span class='ocrx_word' id='word_1_17' title='bbox 1145 593 1336 643; x_wconf 82' lang='lat' dir='ltr'>profecto</span> <span class='ocrx_word' id='word_1_18' title='bbox 1362 593 1621 634; x_wconf 84' lang='lat' dir='ltr'>documento</span> <span class='ocrx_word' id='word_1_19' title='bbox 1647 594 1717 634; x_wconf 82' lang='lat' dir='ltr'>est</span> <span class='ocrx_word' id='word_1_20' title='bbox 1740 593 1874 635; x_wconf 85' lang='lat' dir='ltr'>domi-</span> 
     </span>
     <span class='ocr_line' id='line_1_5' title="bbox 305 669 1834 720; baseline 0.003 -13"><span class='ocrx_word' id='word_1_21' title='bbox 305 678 409 707; x_wconf 90' lang='lat' dir='ltr'>num</span> <span class='ocrx_word' id='word_1_22' title='bbox 442 678 526 713; x_wconf 85' lang='lat' dir='ltr'>non</span> <span class='ocrx_word' id='word_1_23' title='bbox 558 678 709 718; x_wconf 85' lang='lat' dir='ltr'>parare</span> <span class='ocrx_word' id='word_1_24' title='bbox 741 669 908 719; x_wconf 85' lang='lat' dir='ltr'>aliquas</span> <span class='ocrx_word' id='word_1_25' title='bbox 939 670 1126 720; x_wconf 87' lang='lat' dir='ltr'>nuptias,</span> <span class='ocrx_word' id='word_1_26' title='bbox 1160 680 1342 720; x_wconf 90' lang='lat' dir='ltr'>puerum</span> <span class='ocrx_word' id='word_1_27' title='bbox 1373 669 1617 711; x_wconf 78' lang='lat' dir='ltr'>Chremetis</span> <span class='ocrx_word' id='word_1_28' title='bbox 1649 672 1728 716; x_wconf 83' lang='lat' dir='ltr'>(vs.</span> <span class='ocrx_word' id='word_1_29' title='bbox 1761 669 1834 717; x_wconf 80' lang='lat'>82)</span> 
     </span>
    </p>

    <p class='ocr_par' dir='ltr' id='par_1_5' title="bbox 422 744 1844 795">
     <span class='ocr_line' id='line_1_6' title="bbox 422 744 1844 795; baseline 0.002 -12"><span class='ocrx_word' id='word_1_30' title='bbox 422 744 549 784; x_wconf 81' lang='lat' dir='ltr'>Olera</span> <span class='ocrx_word' id='word_1_31' title='bbox 580 746 624 784; x_wconf 89' lang='lat' dir='ltr'>et</span> <span class='ocrx_word' id='word_1_32' title='bbox 653 745 883 795; x_wconf 82' lang='lat' dir='ltr'>pisciculos</span> <span class='ocrx_word' id='word_1_33' title='bbox 913 747 1107 786; x_wconf 86' lang='lat' dir='ltr'>minutos</span> <span class='ocrx_word' id='word_1_34' title='bbox 1137 746 1249 785; x_wconf 84' lang='lat' dir='ltr'>ferre</span> <span class='ocrx_word' id='word_1_35' title='bbox 1280 745 1402 785; x_wconf 93' lang='lat' dir='ltr'>obolo</span> <span class='ocrx_word' id='word_1_36' title='bbox 1429 745 1473 785; x_wconf 90' lang='lat' dir='ltr'>in</span> <span class='ocrx_word' id='word_1_37' title='bbox 1500 755 1680 786; x_wconf 85' lang='lat' dir='ltr'>coenam</span> <span class='ocrx_word' id='word_1_38' title='bbox 1706 745 1844 786; x_wconf 84' lang='lat' dir='ltr'>seni.”</span> 
     </span>
    </p>

    <p class='ocr_par' dir='ltr' id='par_1_6' title="bbox 301 819 1876 1243">
     <span class='ocr_line' id='line_1_7' title="bbox 301 819 1872 873; baseline 0.002 -14"><span class='ocrx_word' id='word_1_39' title='bbox 301 819 538 869; x_wconf 88' lang='lat' dir='ltr'>Postquam</span> <span class='ocrx_word' id='word_1_40' title='bbox 587 821 830 861; x_wconf 79' lang='lat' dir='ltr'>Scholiasta</span> <span class='ocrx_word' id='word_1_41' title='bbox 875 822 1076 872; x_wconf 80' lang='lat' dir='ltr'>exposuit</span> <span class='ocrx_word' id='word_1_42' title='bbox 1117 832 1192 861; x_wconf 92' lang='lat' dir='ltr'>cur</span> <span class='ocrx_word' id='word_1_43' title='bbox 1223 821 1563 872; x_wconf 83' lang='lat' dir='ltr'>pisciculos,</span> <span class='ocrx_word' id='word_1_44' title='bbox 1595 821 1872 873; x_wconf 84' lang='lat' dir='ltr'>minutos,</span> 
     </span>
     <span class='ocr_line' id='line_1_8' title="bbox 301 896 1873 948; baseline 0.002 -12"><span class='ocrx_word' id='word_1_45' title='bbox 301 896 464 937; x_wconf 91' lang='lat' dir='ltr'>obolo</span> <span class='ocrx_word' id='word_1_46' title='bbox 511 897 625 937; x_wconf 88' lang='lat' dir='ltr'>dicta</span> <span class='ocrx_word' id='word_1_47' title='bbox 670 897 770 948; x_wconf 87' lang='lat' dir='ltr'>sint,</span> <span class='ocrx_word' id='word_1_48' title='bbox 815 898 922 938; x_wconf 87' lang='lat' dir='ltr'>haec</span> <span class='ocrx_word' id='word_1_49' title='bbox 962 899 1103 938; x_wconf 82' lang='lat' dir='ltr'>addit:</span> <span class='ocrx_word' id='word_1_50' title='bbox 1151 900 1221 947; x_wconf 88' lang='lat' dir='ltr'>„et</span> <span class='ocrx_word' id='word_1_51' title='bbox 1252 898 1352 947; x_wconf 89' lang='lat' dir='ltr'>quid</span> <span class='ocrx_word' id='word_1_52' title='bbox 1383 898 1422 937; x_wconf 91' lang='lat' dir='ltr'>si</span> <span class='ocrx_word' id='word_1_53' title='bbox 1453 897 1647 938; x_wconf 86' lang='lat' dir='ltr'>minutos</span> <span class='ocrx_word' id='word_1_54' title='bbox 1677 897 1755 938; x_wconf 84' lang='lat' dir='ltr'>sed</span> <span class='ocrx_word' id='word_1_55' title='bbox 1785 906 1873 939; x_wconf 89' lang='lat' dir='ltr'>om·</span> 
     </span>
     <span class='ocr_line' id='line_1_9' title="bbox 301 973 1876 1024; baseline 0.001 -12"><span class='ocrx_word' id='word_1_56' title='bbox 301 973 428 1012; x_wconf 91' lang='lat' dir='ltr'>nibus</span> <span class='ocrx_word' id='word_1_57' title='bbox 438 974 487 1012; x_wconf 87' lang='lat'>?&#39;’</span> <span class='ocrx_word' id='word_1_58' title='bbox 535 974 616 1013; x_wconf 91' lang='lat' dir='ltr'>His</span> <span class='ocrx_word' id='word_1_59' title='bbox 662 974 807 1014; x_wconf 88' lang='lat' dir='ltr'>verbis</span> <span class='ocrx_word' id='word_1_60' title='bbox 854 975 1059 1024; x_wconf 83' lang='lat' dir='ltr'>explicari</span> <span class='ocrx_word' id='word_1_61' title='bbox 1105 975 1276 1015; x_wconf 87' lang='lat' dir='ltr'>videtur</span> <span class='ocrx_word' id='word_1_62' title='bbox 1318 985 1393 1015; x_wconf 90' lang='lat' dir='ltr'>cur</span> <span class='ocrx_word' id='word_1_63' title='bbox 1425 975 1559 1015; x_wconf 88' lang='lat' dir='ltr'>etiam</span> <span class='ocrx_word' id='word_1_64' title='bbox 1590 975 1786 1016; x_wconf 84' lang='lat' dir='ltr'>additum</span> <span class='ocrx_word' id='word_1_65' title='bbox 1815 973 1876 1014; x_wconf 85' lang='lat' dir='ltr'>sit</span> 
     </span>
     <span class='ocr_line' id='line_1_10' title="bbox 301 1048 1875 1100; baseline 0.001 -12"><span class='ocrx_word' id='word_1_66' title='bbox 301 1050 446 1088; x_wconf 90' lang='lat' dir='ltr'>seni:</span> <span class='ocrx_word' id='word_1_67' title='bbox 495 1048 586 1089; x_wconf 88' lang='lat' dir='ltr'>fieri</span> <span class='ocrx_word' id='word_1_68' title='bbox 634 1050 750 1089; x_wconf 92' lang='lat' dir='ltr'>enim</span> <span class='ocrx_word' id='word_1_69' title='bbox 798 1051 967 1100; x_wconf 85' lang='lat' dir='ltr'>poterat</span> <span class='ocrx_word' id='word_1_70' title='bbox 1013 1052 1062 1090; x_wconf 90' lang='lat' dir='ltr'>ut</span> <span class='ocrx_word' id='word_1_71' title='bbox 1107 1051 1265 1091; x_wconf 89' lang='lat' dir='ltr'>minuti</span> <span class='ocrx_word' id='word_1_72' title='bbox 1308 1051 1482 1100; x_wconf 90' lang='lat' dir='ltr'>quidem</span> <span class='ocrx_word' id='word_1_73' title='bbox 1513 1050 1709 1100; x_wconf 84' lang='lat' dir='ltr'>pisciculi</span> <span class='ocrx_word' id='word_1_74' title='bbox 1738 1049 1875 1100; x_wconf 84' lang='lat' dir='ltr'>empti</span> 
     </span>
     <span class='ocr_line' id='line_1_11' title="bbox 302 1126 1876 1177; baseline 0.002 -13"><span class='ocrx_word' id='word_1_75' title='bbox 302 1127 460 1176; x_wconf 85' lang='lat' dir='ltr'>essent,</span> <span class='ocrx_word' id='word_1_76' title='bbox 503 1127 578 1165; x_wconf 91' lang='lat' dir='ltr'>sed</span> <span class='ocrx_word' id='word_1_77' title='bbox 620 1127 771 1166; x_wconf 88' lang='lat' dir='ltr'>tantus</span> <span class='ocrx_word' id='word_1_78' title='bbox 813 1137 962 1166; x_wconf 89' lang='lat' dir='ltr'>eorum</span> <span class='ocrx_word' id='word_1_79' title='bbox 1005 1137 1213 1166; x_wconf 80' lang='lat' dir='ltr'>numerus</span> <span class='ocrx_word' id='word_1_80' title='bbox 1244 1129 1293 1167; x_wconf 91' lang='lat' dir='ltr'>ut</span> <span class='ocrx_word' id='word_1_81' title='bbox 1324 1127 1393 1167; x_wconf 90' lang='lat' dir='ltr'>vel</span> <span class='ocrx_word' id='word_1_82' title='bbox 1424 1136 1610 1177; x_wconf 83' lang='lat' dir='ltr'>magnae</span> <span class='ocrx_word' id='word_1_83' title='bbox 1641 1136 1800 1167; x_wconf 82' lang='lat' dir='ltr'>coenae</span> <span class='ocrx_word' id='word_1_84' title='bbox 1829 1126 1876 1167; x_wconf 86' lang='lat' dir='ltr'>et</span> 
     </span>
     <span class='ocr_line' id='line_1_12' title="bbox 301 1201 1236 1243; baseline 0.002 -3"><span class='ocrx_word' id='word_1_85' title='bbox 301 1201 419 1241; x_wconf 91' lang='lat' dir='ltr'>omni</span> <span class='ocrx_word' id='word_1_86' title='bbox 453 1202 734 1242; x_wconf 89' lang='lat' dir='ltr'>convivarum</span> <span class='ocrx_word' id='word_1_87' title='bbox 767 1213 947 1242; x_wconf 90' lang='lat' dir='ltr'>numero</span> <span class='ocrx_word' id='word_1_88' title='bbox 979 1202 1236 1243; x_wconf 86' lang='lat' dir='ltr'>sufficerent.</span> 
     </span>
    </p>
   </div>
   <div class='ocr_carea' id='block_1_4' title="bbox 300 1353 1876 2014">
    <p class='ocr_par' dir='ltr' id='par_1_7' title="bbox 300 1353 1876 1548">
     <span class='ocr_line' id='line_1_13' title="bbox 361 1353 1874 1406; baseline 0.001 -13"><span class='ocrx_word' id='word_1_89' title='bbox 361 1354 414 1404; x_wconf 91' lang='lat' dir='ltr'>II,</span> <span class='ocrx_word' id='word_1_90' title='bbox 444 1355 483 1404; x_wconf 86' lang='lat'>3,</span> <span class='ocrx_word' id='word_1_91' title='bbox 517 1355 582 1394; x_wconf 92' lang='grc'>11.</span> <span class='ocrx_word' id='word_1_92' title='bbox 615 1354 718 1403; x_wconf 86' lang='lat' dir='ltr'>„Dic</span> <span class='ocrx_word' id='word_1_93' title='bbox 743 1356 787 1394; x_wconf 86' lang='lat' dir='ltr'>te</span> <span class='ocrx_word' id='word_1_94' title='bbox 814 1356 1044 1395; x_wconf 90' lang='lat' dir='ltr'>ducturum</span> <span class='ocrx_word' id='word_1_95' title='bbox 1071 1365 1169 1395; x_wconf 89' lang='lat' dir='ltr'>eam</span> <span class='ocrx_word' id='word_1_96' title='bbox 1197 1365 1327 1404; x_wconf 85' lang='lat' dir='ltr'>quam</span> <span class='ocrx_word' id='word_1_97' title='bbox 1355 1355 1450 1395; x_wconf 89' lang='lat' dir='ltr'>vult</span> <span class='ocrx_word' id='word_1_98' title='bbox 1475 1355 1626 1406; x_wconf 87' lang='lat' dir='ltr'>pater”</span> <span class='ocrx_word' id='word_1_99' title='bbox 1653 1355 1734 1396; x_wconf 90' lang='lat' dir='ltr'>hoc</span> <span class='ocrx_word' id='word_1_100' title='bbox 1749 1353 1874 1395; x_wconf 84' lang='lat' dir='ltr'>herili</span> 
     </span>
     <span class='ocr_line' id='line_1_14' title="bbox 300 1429 1876 1481; baseline 0 -11"><span class='ocrx_word' id='word_1_101' title='bbox 300 1429 388 1470; x_wconf 84' lang='lat' dir='ltr'>filio</span> <span class='ocrx_word' id='word_1_102' title='bbox 429 1431 584 1470; x_wconf 88' lang='lat' dir='ltr'>suadet</span> <span class='ocrx_word' id='word_1_103' title='bbox 623 1431 771 1471; x_wconf 87' lang='lat' dir='ltr'>Davus</span> <span class='ocrx_word' id='word_1_104' title='bbox 783 1443 793 1480; x_wconf 93' lang='lat'>;</span> <span class='ocrx_word' id='word_1_105' title='bbox 837 1433 966 1480; x_wconf 87' lang='lat' dir='ltr'>atque</span> <span class='ocrx_word' id='word_1_106' title='bbox 1007 1431 1080 1471; x_wconf 91' lang='lat' dir='ltr'>illo</span> <span class='ocrx_word' id='word_1_107' title='bbox 1118 1433 1377 1481; x_wconf 83' lang='lat' dir='ltr'>aspernante</span> <span class='ocrx_word' id='word_1_108' title='bbox 1409 1433 1454 1471; x_wconf 91' lang='lat' dir='ltr'>et</span> <span class='ocrx_word' id='word_1_109' title='bbox 1484 1431 1570 1472; x_wconf 84' lang='lat' dir='ltr'>alia</span> <span class='ocrx_word' id='word_1_110' title='bbox 1601 1431 1742 1472; x_wconf 79' lang='lat' dir='ltr'>multa</span> <span class='ocrx_word' id='word_1_111' title='bbox 1771 1430 1876 1471; x_wconf 88' lang='lat' dir='ltr'>dicit</span> 
     </span>
     <span class='ocr_line' id='line_1_15' title="bbox 302 1507 1412 1548; baseline 0.001 -2"><span class='ocrx_word' id='word_1_112' title='bbox 302 1507 354 1546; x_wconf 88' lang='lat' dir='ltr'>ad</span> <span class='ocrx_word' id='word_1_113' title='bbox 387 1507 616 1546; x_wconf 90' lang='lat' dir='ltr'>consilium</span> <span class='ocrx_word' id='word_1_114' title='bbox 648 1517 777 1546; x_wconf 90' lang='lat' dir='ltr'>suum</span> <span class='ocrx_word' id='word_1_115' title='bbox 810 1508 1204 1547; x_wconf 90' lang='lat' dir='ltr'>commendandum</span> <span class='ocrx_word' id='word_1_116' title='bbox 1235 1509 1279 1547; x_wconf 90' lang='lat' dir='ltr'>et</span> <span class='ocrx_word' id='word_1_117' title='bbox 1310 1508 1412 1548; x_wconf 90' lang='lat' dir='ltr'>hoc:</span> 
     </span>
    </p>

    <p class='ocr_par' dir='ltr' id='par_1_8' title="bbox 300 1583 1874 1862">
     <span class='ocr_line' id='line_1_16' title="bbox 792 1583 1400 1633; baseline 0 -10"><span class='ocrx_word' id='word_1_118' title='bbox 792 1584 858 1623; x_wconf 82' lang='lat' dir='ltr'>Ex</span> <span class='ocrx_word' id='word_1_119' title='bbox 890 1594 942 1623; x_wconf 88' lang='lat' dir='ltr'>ea</span> <span class='ocrx_word' id='word_1_120' title='bbox 972 1595 1018 1624; x_wconf 87' lang='lat' dir='ltr'>re</span> <span class='ocrx_word' id='word_1_121' title='bbox 1051 1584 1151 1633; x_wconf 90' lang='lat' dir='ltr'>quid</span> <span class='ocrx_word' id='word_1_122' title='bbox 1182 1583 1259 1624; x_wconf 89' lang='lat' dir='ltr'>fiat</span> <span class='ocrx_word' id='word_1_123' title='bbox 1289 1584 1400 1624; x_wconf 90' lang='lat' dir='ltr'>vide.</span> 
     </span>
     <span class='ocr_line' id='line_1_17' title="bbox 301 1642 1874 1711; baseline 0.001 -13"><span class='ocrx_word' id='word_1_124' title='bbox 301 1660 570 1700; x_wconf 88' lang='lat' dir='ltr'>Annotatur:</span> <span class='ocrx_word' id='word_1_125' title='bbox 603 1658 707 1710; x_wconf 81' lang='grc' dir='ltr'>,,ἀπὸ</span> <span class='ocrx_word' id='word_1_126' title='bbox 739 1664 809 1711; x_wconf 81' lang='grc' dir='ltr'>τῆς</span> <span class='ocrx_word' id='word_1_127' title='bbox 841 1655 1072 1711; x_wconf 76' lang='grc' dir='ltr'><strong><em>ἐμβάσὲως.”</em></strong></span> <span class='ocrx_word' id='word_1_128' title='bbox 1107 1659 1189 1699; x_wconf 91' lang='lat' dir='ltr'>Pro</span> <span class='ocrx_word' id='word_1_129' title='bbox 1221 1657 1420 1711; x_wconf 80' lang='grc' dir='ltr'><strong><em>ἐμβάσεως</em></strong></span> <span class='ocrx_word' id='word_1_130' title='bbox 1447 1659 1517 1700; x_wconf 87' lang='lat' dir='ltr'>vel</span> <span class='ocrx_word' id='word_1_131' title='bbox 1544 1656 1740 1711; x_wconf 75' lang='grc' dir='ltr'>ἐκβάσεως</span> <span class='ocrx_word' id='word_1_132' title='bbox 1755 1642 1874 1706; x_wconf 80' lang='lat' dir='ltr'>(nam</span> 
     </span>
     <span class='ocr_line' id='line_1_18' title="bbox 301 1736 1874 1789; baseline 0.001 -14"><span class='ocrx_word' id='word_1_133' title='bbox 301 1737 382 1776; x_wconf 91' lang='lat' dir='ltr'>hoc</span> <span class='ocrx_word' id='word_1_134' title='bbox 414 1746 581 1785; x_wconf 91' lang='lat' dir='ltr'>quoque</span> <span class='ocrx_word' id='word_1_135' title='bbox 611 1737 782 1786; x_wconf 87' lang='lat' dir='ltr'>legitur)</span> <span class='ocrx_word' id='word_1_136' title='bbox 814 1737 1106 1786; x_wconf 87' lang='lat' dir='ltr'>reponendum</span> <span class='ocrx_word' id='word_1_137' title='bbox 1140 1737 1207 1776; x_wconf 89' lang='lat' dir='ltr'>est</span> <span class='ocrx_word' id='word_1_138' title='bbox 1239 1736 1399 1786; x_wconf 89' lang='lat' dir='ltr'>aliquid</span> <span class='ocrx_word' id='word_1_139' title='bbox 1431 1736 1542 1789; x_wconf 90' lang='lat' dir='ltr'>quod</span> <span class='ocrx_word' id='word_1_140' title='bbox 1575 1745 1874 1776; x_wconf 86' lang='lat' dir='ltr'>assensum</span> 
     </span>
     <span class='ocr_line' id='line_1_19' title="bbox 300 1812 1097 1862; baseline -0.001 -9"><span class='ocrx_word' id='word_1_141' title='bbox 300 1813 371 1853; x_wconf 86' lang='lat' dir='ltr'>vel</span> <span class='ocrx_word' id='word_1_142' title='bbox 403 1813 838 1852; x_wconf 84' lang='lat' dir='ltr'>simulationem</span> <span class='ocrx_word' id='word_1_143' title='bbox 871 1812 1097 1862; x_wconf 86' lang='lat' dir='ltr'>significet.</span> 
     </span>
    </p>

    <p class='ocr_par' dir='ltr' id='par_1_9' title="bbox 301 1886 1874 2014">
     <span class='ocr_line' id='line_1_20' title="bbox 364 1886 1874 1940; baseline -0.001 -11"><span class='ocrx_word' id='word_1_144' title='bbox 364 1890 486 1940; x_wconf 86' lang='lat' dir='ltr'>„Noli</span> <span class='ocrx_word' id='word_1_145' title='bbox 532 1890 755 1929; x_wconf 86' lang='lat' dir='ltr'>metuere”</span> <span class='ocrx_word' id='word_1_146' title='bbox 803 1889 949 1929; x_wconf 87' lang='lat' dir='ltr'>Davus</span> <span class='ocrx_word' id='word_1_147' title='bbox 996 1890 1058 1928; x_wconf 87' lang='lat' dir='ltr'>ait</span> <span class='ocrx_word' id='word_1_148' title='bbox 1102 1899 1181 1939; x_wconf 87' lang='lat' dir='ltr'>„ne</span> <span class='ocrx_word' id='word_1_149' title='bbox 1223 1888 1430 1929; x_wconf 87' lang='lat' dir='ltr'>Chremes</span> <span class='ocrx_word' id='word_1_150' title='bbox 1470 1888 1549 1928; x_wconf 87' lang='lat' dir='ltr'>tibi</span> <span class='ocrx_word' id='word_1_151' title='bbox 1580 1886 1716 1928; x_wconf 86' lang='lat' dir='ltr'>filiam</span> <span class='ocrx_word' id='word_1_152' title='bbox 1746 1897 1874 1928; x_wconf 78' lang='lat' dir='ltr'>suam</span> 
     </span>
     <span class='ocr_line' id='line_1_21' title="bbox 301 1963 1874 2014; baseline -0.001 -9"><span class='ocrx_word' id='word_1_153' title='bbox 301 1976 483 2006; x_wconf 85' lang='lat' dir='ltr'>uxorem</span> <span class='ocrx_word' id='word_1_154' title='bbox 515 1966 609 2005; x_wconf 90' lang='lat' dir='ltr'>det:</span> <span class='ocrx_word' id='word_1_155' title='bbox 643 1965 828 2005; x_wconf 91' lang='lat' dir='ltr'>nimium</span> <span class='ocrx_word' id='word_1_156' title='bbox 861 1966 899 2005; x_wconf 90' lang='lat' dir='ltr'>ei</span> <span class='ocrx_word' id='word_1_157' title='bbox 930 1966 994 2005; x_wconf 91' lang='lat' dir='ltr'>tui</span> <span class='ocrx_word' id='word_1_158' title='bbox 1026 1967 1129 2004; x_wconf 88' lang='lat' dir='ltr'>sunt</span> <span class='ocrx_word' id='word_1_159' title='bbox 1160 1965 1251 2005; x_wconf 86' lang='lat' dir='ltr'>noti</span> <span class='ocrx_word' id='word_1_160' title='bbox 1282 1975 1440 2004; x_wconf 88' lang='lat' dir='ltr'>mores.</span> <span class='ocrx_word' id='word_1_161' title='bbox 1474 1964 1672 2004; x_wconf 85' lang='lat' dir='ltr'>Inveniet</span> <span class='ocrx_word' id='word_1_162' title='bbox 1701 1963 1874 2014; x_wconf 88' lang='lat' dir='ltr'>inopem</span> 
     </span>
    </p>
   </div>
   <div class='ocr_carea' id='block_1_5' title="bbox 220 2040 1873 2092">
    <p class='ocr_par' dir='ltr' id='par_1_10' title="bbox 220 2040 1873 2092">
     <span class='ocr_line' id='line_1_22' title="bbox 220 2040 1873 2092; baseline -0.002 -10"><span class='ocrx_word' id='word_1_163' title='bbox 220 2068 237 2083; x_wconf 77' lang='grc'><strong>.</strong></span> <span class='ocrx_word' id='word_1_164' title='bbox 300 2042 445 2092; x_wconf 90' lang='lat' dir='ltr'>potius</span> <span class='ocrx_word' id='word_1_165' title='bbox 476 2042 726 2091; x_wconf 88' lang='lat' dir='ltr'>generum.&#39;’</span> <span class='ocrx_word' id='word_1_166' title='bbox 761 2042 825 2080; x_wconf 93' lang='lat' dir='ltr'>Ad</span> <span class='ocrx_word' id='word_1_167' title='bbox 858 2043 1011 2091; x_wconf 80' lang='lat' dir='ltr'>poetae</span> <span class='ocrx_word' id='word_1_168' title='bbox 1043 2041 1175 2080; x_wconf 87' lang='lat' dir='ltr'>verba</span> <span class='ocrx_word' id='word_1_169' title='bbox 1205 2040 1466 2080; x_wconf 88' lang='lat' dir='ltr'>inveniet</span> <span class='ocrx_word' id='word_1_170' title='bbox 1497 2040 1719 2090; x_wconf 88' lang='lat' dir='ltr'>inopem</span> <span class='ocrx_word' id='word_1_171' title='bbox 1745 2050 1873 2080; x_wconf 85' lang='lat' dir='ltr'>anno-</span> 
     </span>
    </p>
   </div>
   <div class='ocr_carea' id='block_1_6' title="bbox 301 2115 1874 2701">
    <p class='ocr_par' dir='ltr' id='par_1_11' title="bbox 301 2115 1873 2397">
     <span class='ocr_line' id='line_1_23' title="bbox 301 2115 1873 2169; baseline -0.001 -12"><span class='ocrx_word' id='word_1_172' title='bbox 301 2120 443 2158; x_wconf 88' lang='lat' dir='ltr'>tatum</span> <span class='ocrx_word' id='word_1_173' title='bbox 481 2119 569 2157; x_wconf 87' lang='lat' dir='ltr'>est:</span> <span class='ocrx_word' id='word_1_174' title='bbox 607 2116 834 2169; x_wconf 62' lang='grc' dir='ltr'><em>ηὑποφορά,</em></span> <span class='ocrx_word' id='word_1_175' title='bbox 864 2115 1088 2168; x_wconf 79' lang='grc' dir='ltr'><strong><em>ἐφεκτικῶς,</em></strong></span> <span class='ocrx_word' id='word_1_176' title='bbox 1118 2117 1194 2157; x_wconf 88' lang='lat' dir='ltr'>sed</span> <span class='ocrx_word' id='word_1_177' title='bbox 1226 2127 1306 2156; x_wconf 91' lang='lat' dir='ltr'>nec</span> <span class='ocrx_word' id='word_1_178' title='bbox 1338 2117 1510 2166; x_wconf 87' lang='lat' dir='ltr'>inopem</span> <span class='ocrx_word' id='word_1_179' title='bbox 1541 2116 1762 2165; x_wconf 85' lang='lat' dir='ltr'>quaeret.”</span> <span class='ocrx_word' id='word_1_180' title='bbox 1795 2115 1873 2157; x_wconf 91' lang='lat' dir='ltr'>Ob·</span> 
     </span>
     <span class='ocr_line' id='line_1_24' title="bbox 301 2192 1872 2244; baseline -0.002 -9"><span class='ocrx_word' id='word_1_181' title='bbox 301 2196 556 2236; x_wconf 86' lang='lat' dir='ltr'>scurissima</span> <span class='ocrx_word' id='word_1_182' title='bbox 596 2196 703 2235; x_wconf 89' lang='lat' dir='ltr'>haec</span> <span class='ocrx_word' id='word_1_183' title='bbox 744 2206 882 2244; x_wconf 87' lang='lat' dir='ltr'>neque</span> <span class='ocrx_word' id='word_1_184' title='bbox 923 2195 1062 2235; x_wconf 89' lang='lat' dir='ltr'>multo</span> <span class='ocrx_word' id='word_1_185' title='bbox 1095 2195 1276 2234; x_wconf 89' lang='lat' dir='ltr'>clariora</span> <span class='ocrx_word' id='word_1_186' title='bbox 1306 2204 1416 2242; x_wconf 86' lang='lat' dir='ltr'>quae</span> <span class='ocrx_word' id='word_1_187' title='bbox 1447 2193 1650 2242; x_wconf 86' lang='lat' dir='ltr'>leguntur</span> <span class='ocrx_word' id='word_1_188' title='bbox 1679 2193 1724 2232; x_wconf 90' lang='lat' dir='ltr'>in</span> <span class='ocrx_word' id='word_1_189' title='bbox 1755 2192 1872 2233; x_wconf 76' lang='lat' dir='ltr'>Klot-</span> 
     </span>
     <span class='ocr_line' id='line_1_25' title="bbox 302 2269 1872 2322; baseline -0.003 -11"><span class='ocrx_word' id='word_1_190' title='bbox 302 2273 448 2311; x_wconf 86' lang='lat' dir='ltr'>ziana:</span> <span class='ocrx_word' id='word_1_191' title='bbox 486 2269 700 2322; x_wconf 59' lang='grc' dir='ltr'><strong><em>ηὑποφορὰ</em></strong></span> <span class='ocrx_word' id='word_1_192' title='bbox 731 2269 945 2321; x_wconf 79' lang='grc' dir='ltr'><strong><em>ἐφεκτικός,</em></strong></span> <span class='ocrx_word' id='word_1_193' title='bbox 971 2271 1013 2310; x_wconf 91' lang='lat' dir='ltr'>id</span> <span class='ocrx_word' id='word_1_194' title='bbox 1042 2273 1109 2310; x_wconf 87' lang='lat' dir='ltr'>est</span> <span class='ocrx_word' id='word_1_195' title='bbox 1135 2269 1329 2309; x_wconf 90' lang='lat' dir='ltr'>inveniet</span> <span class='ocrx_word' id='word_1_196' title='bbox 1355 2269 1644 2309; x_wconf 88' lang='lat' dir='ltr'>elevationem</span> <span class='ocrx_word' id='word_1_197' title='bbox 1669 2269 1715 2309; x_wconf 88' lang='lat' dir='ltr'>et</span> <span class='ocrx_word' id='word_1_198' title='bbox 1729 2277 1872 2318; x_wconf 90' lang='lat' dir='ltr'>super-</span> 
     </span>
     <span class='ocr_line' id='line_1_26' title="bbox 301 2345 1650 2397; baseline -0.002 -10"><span class='ocrx_word' id='word_1_199' title='bbox 301 2349 431 2388; x_wconf 86' lang='lat' dir='ltr'>biam.</span> <span class='ocrx_word' id='word_1_200' title='bbox 466 2348 731 2387; x_wconf 88' lang='lat' dir='ltr'>Inveniet</span> <span class='ocrx_word' id='word_1_201' title='bbox 762 2348 996 2397; x_wconf 91' lang='lat' dir='ltr'>inopem:</span> <span class='ocrx_word' id='word_1_202' title='bbox 1030 2347 1105 2386; x_wconf 91' lang='lat' dir='ltr'>sed</span> <span class='ocrx_word' id='word_1_203' title='bbox 1138 2356 1192 2385; x_wconf 91' lang='lat' dir='ltr'>ne</span> <span class='ocrx_word' id='word_1_204' title='bbox 1224 2346 1396 2394; x_wconf 90' lang='lat' dir='ltr'>inopem</span> <span class='ocrx_word' id='word_1_205' title='bbox 1429 2345 1650 2393; x_wconf 86' lang='lat' dir='ltr'>quaerat.’&#39;</span> 
     </span>
    </p>

    <p class='ocr_par' dir='ltr' id='par_1_12' title="bbox 302 2419 1874 2701">
     <span class='ocr_line' id='line_1_27' title="bbox 366 2419 1872 2473; baseline -0.003 -10"><span class='ocrx_word' id='word_1_206' title='bbox 366 2424 671 2473; x_wconf 85' lang='lat' dir='ltr'>„Simulando”</span> <span class='ocrx_word' id='word_1_207' title='bbox 704 2424 851 2463; x_wconf 89' lang='lat' dir='ltr'>Davus</span> <span class='ocrx_word' id='word_1_208' title='bbox 881 2424 1031 2462; x_wconf 90' lang='lat' dir='ltr'>monet</span> <span class='ocrx_word' id='word_1_209' title='bbox 1066 2424 1135 2472; x_wconf 87' lang='lat' dir='ltr'>„te</span> <span class='ocrx_word' id='word_1_210' title='bbox 1165 2431 1348 2461; x_wconf 82' lang='lat' dir='ltr'>uxorem</span> <span class='ocrx_word' id='word_1_211' title='bbox 1385 2421 1539 2460; x_wconf 89' lang='lat' dir='ltr'>ducere</span> <span class='ocrx_word' id='word_1_212' title='bbox 1564 2419 1677 2460; x_wconf 89' lang='lat' dir='ltr'>velle</span> <span class='ocrx_word' id='word_1_213' title='bbox 1702 2420 1872 2470; x_wconf 85' lang='lat' dir='ltr'>patrem</span> 
     </span>
     <span class='ocr_line' id='line_1_28' title="bbox 303 2495 1873 2548; baseline -0.002 -10"><span class='ocrx_word' id='word_1_214' title='bbox 303 2502 427 2539; x_wconf 88' lang='lat' dir='ltr'>tuum</span> <span class='ocrx_word' id='word_1_215' title='bbox 455 2500 745 2548; x_wconf 85' lang='lat' dir='ltr'>negligentem</span> <span class='ocrx_word' id='word_1_216' title='bbox 775 2499 971 2538; x_wconf 88' lang='lat' dir='ltr'>feceris.”</span> <span class='ocrx_word' id='word_1_217' title='bbox 999 2498 1066 2537; x_wconf 91' lang='lat' dir='ltr'>Ad</span> <span class='ocrx_word' id='word_1_218' title='bbox 1093 2497 1484 2546; x_wconf 87' lang='lat' dir='ltr'>negligentem</span> <span class='ocrx_word' id='word_1_219' title='bbox 1511 2495 1744 2546; x_wconf 84' lang='lat' dir='ltr'>feceris,</span> <span class='ocrx_word' id='word_1_220' title='bbox 1763 2505 1873 2544; x_wconf 82' lang='lat' dir='ltr'>quae</span> 
     </span>
     <span class='ocr_line' id='line_1_29' title="bbox 302 2568 1874 2624; baseline -0.003 -10"><span class='ocrx_word' id='word_1_221' title='bbox 302 2578 453 2624; x_wconf 80' lang='lat' dir='ltr'>poetae</span> <span class='ocrx_word' id='word_1_222' title='bbox 510 2577 612 2614; x_wconf 85' lang='lat' dir='ltr'>sunt</span> <span class='ocrx_word' id='word_1_223' title='bbox 668 2575 811 2624; x_wconf 87' lang='lat' dir='ltr'>verba,</span> <span class='ocrx_word' id='word_1_224' title='bbox 867 2575 1122 2614; x_wconf 85' lang='lat' dir='ltr'>annotatur:</span> <span class='ocrx_word' id='word_1_225' title='bbox 1176 2573 1283 2623; x_wconf 90' lang='lat' dir='ltr'>„hoc</span> <span class='ocrx_word' id='word_1_226' title='bbox 1328 2574 1395 2612; x_wconf 90' lang='lat' dir='ltr'>est</span> <span class='ocrx_word' id='word_1_227' title='bbox 1441 2573 1575 2611; x_wconf 81' lang='lat' dir='ltr'>etiam</span> <span class='ocrx_word' id='word_1_228' title='bbox 1620 2571 1666 2611; x_wconf 89' lang='lat' dir='ltr'>in</span> <span class='ocrx_word' id='word_1_229' title='bbox 1709 2568 1874 2621; x_wconf 81' lang='lat' dir='ltr'>paratis</span> 
     </span>
     <span class='ocr_line' id='line_1_30' title="bbox 303 2651 1081 2701; baseline 0 -11"><span class='ocrx_word' id='word_1_230' title='bbox 303 2652 507 2701; x_wconf 88' lang='lat' dir='ltr'>nuptiis.”</span> <span class='ocrx_word' id='word_1_231' title='bbox 541 2652 659 2690; x_wconf 86' lang='lat' dir='ltr'>Haec</span> <span class='ocrx_word' id='word_1_232' title='bbox 690 2662 857 2700; x_wconf 87' lang='lat' dir='ltr'>quoque</span> <span class='ocrx_word' id='word_1_233' title='bbox 889 2651 1081 2691; x_wconf 89' lang='lat' dir='ltr'>obscura.</span> 
     </span>
    </p>
   </div>
   <div class='ocr_carea' id='block_1_7' title="bbox 304 2798 1874 3003">
    <p class='ocr_par' dir='ltr' id='par_1_13' title="bbox 304 2798 1874 3003">
     <span class='ocr_line' id='line_1_31' title="bbox 363 2798 1874 2852; baseline -0.003 -10"><span class='ocrx_word' id='word_1_234' title='bbox 363 2803 414 2851; x_wconf 89' lang='lat' dir='ltr'>H,</span> <span class='ocrx_word' id='word_1_235' title='bbox 450 2804 489 2842; x_wconf 88' lang='lat'>4.</span> <span class='ocrx_word' id='word_1_236' title='bbox 535 2804 627 2841; x_wconf 85' lang='lat' dir='ltr'>Iam</span> <span class='ocrx_word' id='word_1_237' title='bbox 670 2804 834 2842; x_wconf 89' lang='lat' dir='ltr'>accedit</span> <span class='ocrx_word' id='word_1_238' title='bbox 874 2804 997 2852; x_wconf 87' lang='lat' dir='ltr'>pater</span> <span class='ocrx_word' id='word_1_239' title='bbox 1029 2801 1314 2851; x_wconf 81' lang='lat' dir='ltr'>experimenti</span> <span class='ocrx_word' id='word_1_240' title='bbox 1347 2810 1478 2840; x_wconf 87' lang='lat' dir='ltr'>causa</span> <span class='ocrx_word' id='word_1_241' title='bbox 1507 2798 1645 2839; x_wconf 84' lang='lat' dir='ltr'>filium</span> <span class='ocrx_word' id='word_1_242' title='bbox 1676 2798 1874 2839; x_wconf 84' lang='lat' dir='ltr'>iussurus</span> 
     </span>
     <span class='ocr_line' id='line_1_32' title="bbox 304 2874 1874 2927; baseline -0.001 -11"><span class='ocrx_word' id='word_1_243' title='bbox 304 2889 484 2916; x_wconf 80' lang='lat' dir='ltr'>uxorem</span> <span class='ocrx_word' id='word_1_244' title='bbox 534 2879 699 2917; x_wconf 84' lang='lat' dir='ltr'>ducere.</span> <span class='ocrx_word' id='word_1_245' title='bbox 748 2879 857 2927; x_wconf 88' lang='lat' dir='ltr'>Ergo</span> <span class='ocrx_word' id='word_1_246' title='bbox 904 2879 1050 2918; x_wconf 90' lang='lat' dir='ltr'>Davus</span> <span class='ocrx_word' id='word_1_247' title='bbox 1097 2877 1317 2917; x_wconf 86' lang='lat' dir='ltr'>submissa</span> <span class='ocrx_word' id='word_1_248' title='bbox 1357 2886 1461 2916; x_wconf 91' lang='lat' dir='ltr'>voce</span> <span class='ocrx_word' id='word_1_249' title='bbox 1503 2874 1779 2925; x_wconf 84' lang='lat' dir='ltr'>Pamphilum</span> <span class='ocrx_word' id='word_1_250' title='bbox 1810 2874 1874 2915; x_wconf 86' lang='lat' dir='ltr'>sic</span> 
     </span>
     <span class='ocr_line' id='line_1_33' title="bbox 307 2955 740 3003; baseline 0 -10"><span class='ocrx_word' id='word_1_251' title='bbox 307 2955 537 3003; x_wconf 82' lang='lat' dir='ltr'>alloquitur</span> <span class='ocrx_word' id='word_1_252' title='bbox 570 2955 609 2999; x_wconf 70' lang='lat'>(2</span> <span class='ocrx_word' id='word_1_253' title='bbox 638 2958 740 3003; x_wconf 87' lang='lat' dir='ltr'>sq.):</span> 
     </span>
    </p>
   </div>
  </div>
 </body>
</html>
