2034 3334
1018 224 1102 267 133

267 353 428 394 tionem
460 349 657 405 equidem
691 352 903 391 servatam
937 362 1084 390 censeo
1115 350 1158 390 in
1196 347 1530 396 „deterioribus”
1564 351 1606 388 et
1632 348 1675 388 in
1702 346 1856 389 codicis

269 422 318 464 M
365 434 497 464 manu
546 419 700 462 altera:
749 420 941 470 comitum,
989 419 1099 475 quod
1147 432 1275 474 quam
1323 417 1445 460 facile
1491 417 1588 460 sede
1635 431 1710 459 sua
1752 415 1855 472 pelli

268 493 456 548 potuerit
505 492 774 533 annotatione
820 494 970 531 eentum
1011 489 1081 541 (ad
1121 492 1297 541 numero)
1341 489 1482 543 quivis
1527 487 1655 530 videt.
1704 485 1854 542 Capita

267 561 428 619 hydrae
452 563 564 604 inter
589 575 631 603 se
657 562 832 603 comites
857 559 1070 616 appellare
1087 558 1287 602 flosculus
1304 558 1476 601 videtur
1493 572 1592 600 vere
1609 557 1853 600 Ovidianus.

329 705 416 748 110
442 721 531 762 sqq.

452 776 741 832 ‚,Officio’'que
776 790 899 827 „meo
930 778 1021 831 ripa
1053 777 1228 818 sistetur
1260 775 1492 827 (Deianira)
1522 776 1567 816 in
1599 773 1702 817 illa’'

453 846 624 897 „Haec”
660 849 719 888 ait
749 847 943 899 (Nessus)
978 845 1174 896 ffAlcide,
1209 850 1258 887 tu
1290 846 1452 888 viribus
1484 849 1604 887 utere
1636 843 1817 895 nando''‚

450 916 770 972 Pallentemque
802 920 919 959 metu
951 916 1219 972 fluviumque
1250 917 1479 972 ipsumque
1511 917 1736 957 timentem

451 987 643 1030 Tradidit
676 989 837 1030 Aonius
869 987 1068 1042 pavidam
1101 985 1351 1030 Calidonida
1382 986 1529 1028 Nesso.

269 1057 317 1100 Si
358 1059 403 1099 in
442 1059 509 1100 his
552 1058 792 1100 subiectum
824 1061 1016 1099 maneret
1046 1057 1161 1099 idem
1194 1058 1246 1106 (si
1280 1071 1315 1098 e.
1334 1071 1367 1099 c.
1401 1071 1462 1098 vs.
1502 1055 1584 1098 113
1617 1055 1855 1112 legeretur:

270 1129 506 1184 „imposuit
538 1132 658 1185 tergo
685 1128 886 1184 pavidam
914 1126 1164 1171 Calidonida
1191 1126 1397 1178 Nessus'')
1426 1128 1626 1183 egregius
1653 1129 1762 1168 esset
1788 1126 1858 1167 hic

268 1213 473 1241 versuum
516 1198 627 1241 ordo.
672 1197 754 1241 Sed
795 1199 994 1254 quoniam
1036 1201 1230 1239 mutatur
1262 1198 1502 1239 subiectum
1535 1202 1576 1239 et
1609 1200 1732 1252 poeta
1762 1200 1858 1252 post

269 1269 393 1311 Nessi
435 1270 670 1311 orationem
713 1270 773 1311 sic
805 1282 973 1310 narrare
1004 1270 1168 1324 pergit:
1204 1268 1370 1323 „decipi
1403 1282 1445 1309 se
1477 1281 1626 1323 passus
1659 1271 1722 1308 est
1753 1266 1858 1308 Her-

269 1339 426 1390 cules'',
461 1334 639 1381 dubium
672 1353 760 1381 esse
793 1354 874 1381 non
908 1342 1047 1394 potest
1074 1340 1175 1393 quin
1203 1342 1315 1381 recte
1344 1340 1387 1379 in
1415 1338 1504 1380 cod.
1533 1347 1559 1379 λ
1587 1336 1777 1380 vss.112
1795 1351 1854 1392 sq.

268 1412 437 1453 inverso
468 1410 669 1466 legantur
701 1410 861 1452 ordine.

333 1545 582 1588 115—119.
615 1545 679 1588 Ne
711 1546 806 1601 quis
832 1549 956 1601 putet
984 1557 1077 1586 eam
1106 1557 1194 1585 esse
1221 1543 1374 1585 codicis
1402 1544 1451 1585 M
1478 1544 1780 1599 praestantiam
1808 1546 1857 1585 ut

271 1630 376 1671 quos
407 1615 481 1659 ille
514 1618 679 1658 omittit
710 1629 860 1659 versus
892 1629 1060 1671 semper
1090 1615 1176 1656 sint
1207 1613 1338 1656 alicui
1370 1615 1542 1656 obnoxii
1573 1613 1855 1664 dubitationi,

271 1687 465 1729 observet
505 1687 581 1729 hos
622 1701 792 1738 versus,
837 1686 992 1742 quibus
1031 1699 1170 1727 carere
1201 1699 1285 1727 non
1317 1699 1542 1740 possumus
1576 1686 1679 1740 quin
1712 1685 1856 1726 omnia

270 1756 525 1807 dilabantur,
556 1759 600 1799 in
632 1757 720 1800 cod.
749 1757 799 1799 M
829 1756 918 1812 legi
948 1758 993 1798 in
1025 1757 1219 1812 margine
1251 1759 1293 1797 et
1327 1754 1410 1797 115
1445 1755 1618 1811 quidem
1646 1769 1670 1798 a
1696 1756 1855 1811 prima,

273 1827 511 1870 116—119
544 1828 595 1870 ab
628 1827 759 1870 altera
789 1841 933 1870 manu.

335 1972 419 2014 124
453 1972 499 2014 Si
530 1976 572 2015 te
604 1972 722 2015 nulla
754 1974 840 2014 mei
870 1974 1008 2014 movit
1040 1972 1301 2021 reverentia,
1334 1974 1378 2012 at
1409 1971 1542 2013 orbes.

272 2042 492 2099 Ingratam
531 2044 742 2099 synizesin
770 2044 910 2085 vitant
947 2041 1231 2092 „deteriores”
1264 2041 1483 2082 reverentia
1513 2040 1632 2082 movit
1662 2040 1854 2096 legendo.

338 2186 422 2229 153
455 2186 504 2228 In
536 2200 684 2228 cursus
717 2187 886 2228 animus
921 2187 1060 2228 varios
1092 2186 1193 2227 abit.

276 2257 416 2299 Donec
458 2255 541 2298 alia
582 2258 715 2298 mirae
757 2256 933 2297 huiusce
976 2255 1201 2297 locutionis
1243 2254 1468 2296 afferantur
1509 2254 1726 2310 exempla,
1760 2269 1858 2297 cum

276 2327 327 2370 D.
373 2327 550 2369 Heinsio
593 2327 848 2381 recipiamus
894 2325 1047 2368 codicis
1095 2324 1280 2367 Palatini
1329 2324 1578 2367 lectionem:
1639 2326 1859 2374 „incursus

277 2399 445 2440 animus
486 2398 624 2438 varios
666 2396 836 2438 habet''.
879 2395 1008 2437 Nulla
1049 2399 1112 2437 est
1151 2396 1197 2436 in
1235 2395 1448 2437 codicibus
1476 2395 1735 2450 frequent-ior
1766 2409 1860 2438 con-

277 2468 387 2510 fusio
420 2481 549 2522 quam
581 2469 661 2508 ista
692 2468 803 2508 inter
833 2467 947 2507 hahet
978 2469 1020 2507 et
1052 2465 1146 2507 abit.

340 2600 425 2644 1¹76
986 2600 1129 2641 tollens
1160 2600 1212 2641 ad
1243 2599 1379 2642 sidera
1409 2599 1587 2655 palmas.

279 2672 534 2714 Rectissime
565 2670 793 2712 Ehwaldus
823 2670 891 2712 hic
923 2670 1091 2712 Heinsii
1122 2671 1405 2712 coniecturam
1437 2672 1600 2712 tendens
1630 2672 1801 2726 recepit.

340 2815 425 2860 179
444 2831 503 2871 sq.
936 2813 1013 2856 Vel
1045 2816 1080 2855 si
1114 2814 1381 2856 miserandus
1413 2818 1454 2857 et
1486 2815 1617 2866 hosti,

461 2886 552 2927 Hoc
585 2890 670 2935 est,
709 2886 745 2926 si
779 2885 858 2926 tibi
891 2899 1011 2934 sum,
1045 2885 1146 2926 diris
1178 2885 1435 2927 cruciatibus
1466 2900 1640 2942 aegram

460 2956 735 3010 Invisamque
767 2956 954 2996 animam
987 2960 1214 3009 natamque
1245 2954 1459 2997 laboribus
1491 2956 1621 2998 aufer.
