2034 3334
990 230 1075 276 12¹7

235 369 415 412 rumque
460 353 625 397 editur:
668 353 826 406 ⁸aenens
862 348 986 408 falsa
1033 357 1090 394 est
1136 368 1182 395 ea
1213 353 1383 408 fabula,
1428 366 1497 395 me
1539 352 1679 396 iudice
1723 352 1822 395 ferri

234 428 404 484 nequit:
440 425 575 477 „falsa
605 428 670 468 est
702 440 748 466 ea
781 423 954 467 fabula''
988 423 1162 466 nullum
1193 423 1386 466 admittit
1419 423 1677 466 vocabulum
1708 423 1823 480 quod

234 500 449 554 praeterea
489 495 599 538 illud
630 495 788 551 fabula
819 498 1008 538 exornet.
1042 494 1189 551 Neque
1220 493 1350 551 longa
1382 498 1478 537 utar
1508 494 1823 551 disputatione,

232 568 306 611 sed
346 570 514 624 recepta
556 565 770 623 praeclara
814 565 1015 609 Merkelii
1058 565 1351 609 emendatione
1392 581 1506 607 verus
1549 569 1642 622 (pro
1674 568 1826 618 verum)

232 639 352 690 hauc,
386 652 492 695 quae
524 637 614 680 sola
645 636 799 680 ovidio
832 637 962 695 digna
992 636 1176 688 videtur,
1209 651 1397 694 propono
1428 636 1678 680 lectionem:

414 709 503 753 Nec
533 708 634 753 Iove
665 711 716 751 tu
745 712 896 760 natus,
929 707 1024 751 falsi
1055 722 1131 751 nec
1161 709 1351 765 imagine
1384 709 1499 750 tauri

414 779 554 823 Ducta
586 783 661 822 tua
692 782 765 822 est*
786 777 1174 837 genitrix—falsa
1204 782 1269 822 est
1300 792 1347 822 ea
1378 777 1598 821 fabula—
1616 791 1743 821 verus

415 850 472 893 Et
504 851 619 893 ferus
654 864 689 894 e.
709 865 750 906 q.
769 864 802 893 s,

232 920 343 965 Cum
368 921 483 977 falsi
514 921 687 976 imaqine
718 921 827 963 tauri
859 921 910 964 cf.
944 920 1019 972 III,
1057 921 1102 963 1:
1138 919 1329 972 „fallacis
1360 921 1553 976 imagine
1586 919 1744 962 tauri''.

300 1066 400 1110 138.
441 1067 684 1110 Abeuntem
724 1081 897 1110 cernens
938 1067 1132 1110 Minoem
1174 1070 1217 1109 et
1259 1065 1343 1109 alia
1383 1066 1645 1109 lamentatur
1681 1063 1826 1122 Scylla

236 1142 279 1181 et
309 1138 434 1181 haec:
1679 1152 1681 1154 ·

417 1207 491 1250 Me
523 1209 746 1260 miseram,
778 1222 1001 1265 properare
1031 1208 1160 1261 iubet,
1194 1208 1446 1264 divulsaque
1478 1209 1608 1251 remis

420 1278 543 1321 Unda
574 1283 707 1321 sonat.

236 1349 332 1393 Non
373 1348 640 1392 sollicitanda
680 1349 782 1392 haec
814 1349 968 1392 codicis
999 1350 1049 1392 M
1081 1349 1233 1401 lectio,
1267 1364 1343 1406 pro
1377 1363 1458 1406 qua
1491 1348 1680 1392 Kornius
1711 1348 1827 1390 iuvat

237 1420 350 1476 quod
381 1433 508 1476 supra
540 1422 749 1476 scriptum
780 1424 866 1471 est,
901 1422 1065 1476 recipit.
1099 1421 1350 1476 Requiritur
1381 1422 1494 1462 enim
1521 1419 1685 1475 aliquid
1715 1418 1828 1475 quod

238 1492 327 1534 suis
369 1491 582 1547 adspicere
622 1490 757 1533 oculis
800 1493 934 1547 possit
973 1491 1130 1548 Scylla.
1175 1491 1301 1534 Videt
1331 1495 1479 1534 autem
1511 1490 1672 1533 Minois
1704 1492 1826 1532 iussu

237 1564 325 1605 iam
357 1561 451 1604 vela
482 1561 675 1619 expandi.
710 1560 773 1606 Cf.
807 1561 926 1613 XIII,
961 1561 1073 1604 419:

972 1633 1078 1674 iubet
1108 1633 1175 1675 uti
1206 1633 1352 1675 navita
1384 1633 1525 1675 ventis

238 1704 316 1747 ubi
354 1705 399 1745 in
437 1704 530 1759 ipso
570 1702 710 1746 codice
752 1703 916 1760 legitur
946 1703 1071 1746 iuvat.
1106 1703 1233 1746 Vides
1266 1717 1394 1760 quam
1426 1702 1551 1746 facile
1583 1702 1685 1744 haec
1714 1702 1828 1743 inter

240 1789 284 1818 se
316 1777 631 1831 permutentur.

303 1907 388 1952 157
422 1908 618 1951 Destinat
648 1909 761 1950 hunc
792 1907 972 1951 thalami
1002 1908 1147 1950 Minos
1178 1921 1396 1950 removere
1426 1908 1632 1963 pudorem

240 1979 303 2022 De
345 1979 593 2021 Minotauro
625 1980 783 2035 agitur,
817 1980 891 2034 qui
921 1980 1157 2020 rectissime
1189 1978 1348 2020 dicitur
1378 1978 1514 2034 pudor
1545 1979 1712 2020 thalami
1742 1980 1771 2020 i.
1791 1992 1826 2021 e.

242 2050 404 2092 Minois
446 2049 645 2092 connubii
685 2050 776 2091 sive
816 2049 1043 2104 Pasiphaes
1084 2048 1235 2105 pudor.
1277 2048 1372 2091 Non
1404 2063 1507 2106 ergo
1540 2050 1709 2090 thalami
1741 2052 1830 2091 ten-

240 2121 443 2172 tandum,
476 2119 577 2163 licet
607 2121 652 2162 in
685 2119 825 2162 codice
857 2119 905 2161 M
934 2118 1060 2162 litera
1090 2118 1107 2159 i
1138 2120 1194 2161 sit
1224 2120 1269 2160 in
1301 2132 1460 2162 rasura.

306 2265 391 2308 162
423 2265 519 2308 Non
551 2278 670 2307 secus
703 2277 750 2306 ac
781 2263 956 2320 liquidis
987 2263 1207 2321 Phrygius
1238 2263 1490 2306 Maeandros
1521 2265 1566 2305 in
1598 2263 1724 2306 undis

426 2335 572 2378 Ludit.

243 2406 365 2450 Nihil
405 2407 475 2448 hic
518 2405 775 2448 mutandum
816 2408 961 2448 monet
1001 2404 1232 2448 Ehwaldus
1274 2409 1444 2462 propter
1484 2405 1709 2456 Senecam,
1755 2405 1826 2447 sed

242 2492 377 2533 neque
418 2476 531 2533 apud
571 2475 773 2519 Senecam
812 2480 876 2518 est
913 2476 1082 2532 liquidis
1112 2476 1244 2528 undis,
1276 2490 1412 2532 neque
1444 2478 1671 2532 quisquam
1705 2489 1831 2518 sanus

244 2549 371 2590 homo
410 2549 470 2589 sic
501 2560 690 2603 unquam
723 2550 786 2589 est
816 2545 998 2588 locutus.
1042 2546 1174 2590 Unice
1205 2546 1316 2589 mihi
1346 2545 1486 2603 placet
1518 2546 1694 2602 liquidos
1727 2576 1737 2588 .
1759 2579 1768 2588 .
1789 2577 1799 2587 .
1819 2577 1829 2588 .

244 2618 290 2659 in
320 2633 436 2659 arcus
467 2617 578 2673 quod
610 2620 652 2659 et
685 2616 859 2659 Heinsio
890 2615 1065 2672 placuit.

236 2774 239 2777 ’
306 2756 408 2802 279.
450 2757 586 2801 Iratae
620 2757 781 2800 Dianae
812 2757 913 2800 haec
944 2757 1072 2800 verba
1103 2761 1225 2800 sunt:

915 2828 971 2870 At
1001 2842 1083 2870 non
1113 2829 1289 2884 impune
1319 2828 1527 2880 feremus,

427 2899 626 2955 Quaeque
657 2899 931 2940 inhonoratae
962 2912 1045 2940 non
1077 2901 1120 2940 et
1151 2898 1343 2941 dicemur
1373 2898 1551 2942 inultae.

246 2968 413 3023 Impune
443 2970 542 3026 fert
582 2971 657 3025 qui
696 2968 900 3024 deliquit,
943 2983 1025 3011 non
1060 2970 1097 3011 is
1131 2971 1204 3025 qui
1234 2970 1439 3013 iniuriam
1470 2971 1659 3026 accepit,
1691 2973 1733 3012 et
1768 2973 1832 3012 est
