2034 3334
882 451 934 488 21

155 582 301 612 amore
332 573 458 622 plane
484 575 780 624 immutatum,
812 575 1086 614 Gnathonem
1113 575 1353 623 parasitum
1382 575 1715 623 appropinquan-

155 649 245 686 tem
291 649 420 698 videt,
469 650 540 698 qui
587 661 612 688 a
659 651 799 689 milite
847 651 1019 689 adducit
1060 650 1249 699 puellam
1292 651 1379 689 iam
1421 650 1572 690 Thaidi
1609 651 1716 690 dono

155 723 362 771 dandam;
405 725 634 764 honestam
669 727 761 765 eius
794 727 949 765 faeiem
981 726 1128 765 laudat
1160 726 1311 774 tristis,
1347 736 1445 764 cum
1476 726 1604 774 probe
1636 726 1718 765 sibi

154 799 212 837 sit
243 800 439 839 conscius
466 811 595 848 quam
623 813 726 850 prae
754 802 828 840 illa
859 802 1062 841 sordeant
1090 802 1210 850 dona,
1240 812 1348 849 quae
1365 802 1456 850 ipse
1473 802 1540 840 sui
1558 802 1719 841 domini
1777 781 2030 844 ἍΛΛι]

154 874 296 913 verbis
327 875 506 914 iamiam
538 877 596 915 sit
629 878 901 916 adducturus.

703 1188 852 1227 Ac'rUs
885 1188 926 1226 II
959 1188 1102 1227 SOENA
1138 1188 1173 1226 1.

213 1329 431 1368 Accedens
460 1330 628 1369 Gnatho
655 1341 803 1369 seeum
830 1330 1018 1378 loquitur
1043 1339 1174 1377 seque
1191 1329 1417 1376 tamquam
1435 1329 1540 1367 artis
1557 1329 1714 1377 parasi-

154 1405 265 1443 ticae
297 1406 619 1444 emendatorem
652 1406 850 1444 laudibus
883 1405 1018 1444 effert.
1057 1404 1277 1454 „Quanto”
1312 1404 1372 1442 ait
1406 1415 1510 1453 „ego
1542 1406 1713 1453 praesto

154 1480 326 1519 miseris
368 1481 738 1531 homuncionibus,
783 1481 854 1529 qui
895 1481 1015 1519 illam
1058 1482 1197 1519 artem
1239 1480 1413 1528 antiquo
1445 1481 1714 1529 simplicique

153 1557 279 1596 modo
313 1559 566 1596 exercent!''

211 1643 274 1673 vs.
310 1634 394 1672 234
426 1643 489 1681 sq.

330 1709 518 1749 Conveni
559 1709 684 1748 hodie
711 1709 943 1747 adveniens
976 1709 1190 1756 quendam
1222 1709 1309 1747 mei
1340 1709 1422 1747 loci
1453 1708 1553 1747 111110
1585 1709 1712 1755 atque

1462 1784 1649 1832 [ordinis,

330 1861 562 1900 Hominem
603 1861 717 1900 haud
758 1861 977 1910 impurum
1009 1862 1160 1900 itidem
1192 1861 1331 1910 patria
1363 1861 1433 1909 qui
1466 1860 1709 1908 abligurrie-

1414 1937 1496 1982 [rat
1526 1936 1649 1974 bona.

156 2010 274 2049 Son:
321 2041 338 2059 „
357 2011 498 2048 haud
539 2011 839 2059 impurum:
882 2012 945 2050 sic
977 2012 1205 2050 laudamus
1238 2022 1310 2050 eos
1342 2012 1387 2049 in
1419 2011 1572 2058 quibus
1604 2010 1711 2048 nihil

155 2086 221 2124 est
263 2086 372 2134 quod
413 2096 671 2134 magnopere
713 2087 986 2125 efferamus.’'
1031 2087 1152 2135 Ergo,
1193 2096 1455 2134 quamquam
1492 2086 1708 2134 mediocri,

155 2162 303 2199 tamen
344 2161 486 2208 aliqua
525 2161 650 2199 laude
693 2162 880 2209 aspergit
923 2162 1144 2200 hominem
1186 2162 1423 2210 parasitus:
1458 2161 1511 2199 in
1547 2161 1712 2199 laude

156 2237 271 2274 enim
312 2237 392 2275 1100
433 2237 552 2285 ponit
594 2237 703 2284 quod
745 2237 932 2284 patria
969 2237 1383 2285 abligurrierat
1414 2236 1565 2274 bona.
1599 2236 1711 2274 Nam

154 2313 226 2360 qui
241 2313 359 2351 victu
376 2323 501 2361 pareo
520 2313 742 2360 sobrioque
761 2313 828 2350 est
845 2313 1085 2361 contentus,
1106 2313 1177 2350 ille
1196 2313 1234 2350 ei
1252 2295 1320 2351 est
1346 2313 1454 2360 imp
1467 2322 1599 2350 urus
1628 2312 1653 2350 1.
1674 2322 1708 2350 0.

155 2387 350 2426 sordidus
382 2398 634 2436 avarusque.

218 2463 307 2511 „Me
335 2463 488 2512 aspice,
517 2474 587 2502 me
615 2463 796 2512 imitare,
826 2473 1032 2511 meaeque
1059 2464 1112 2501 da
1137 2473 1294 2502 nomen
1317 2463 1525 2502 militiae’'
1545 2463 1712 2502 Gnatho

154 2538 364 2576 miserum
396 2539 616 2577 hominem
647 2541 886 2578 monuerat.
920 2540 1213 2588 Responderat
1244 2540 1314 2578 ille
1347 2542 1424 2585 (vs.
1446 2540 1567 2586 244):

273 2613 330 2652 At
362 2624 438 2662 ego
471 2614 621 2653 infelix
652 2625 788 2662 neque
822 2615 1026 2653 ridiculus
1058 2625 1153 2654 esse
1185 2625 1320 2663 neque
1352 2615 1501 2664 plagas
1532 2615 1621 2664 pati

274 2689 471 2728 Possum.

156 2762 237 2801 Η10
268 2763 367 2811 quid
398 2764 455 2802 sit
486 2764 766 2803 ridiculus
795 2765 1033 2813 quaeritur;
1065 2766 1210 2813 quaeri
1236 2776 1319 2804 non
1351 2767 1498 2815 posset
1525 2766 1562 2804 si
1590 2766 1713 2804 Scho-

156 2837 309 2876 liastae
336 2839 471 2877 nostri
499 2839 687 2887 aliquam
715 2840 766 2878 ad
794 2840 907 2878 hunc
933 2840 1075 2878 locum
1093 2841 1348 2879 haberemus
1367 2842 1711 2889 annotationem;

159 2922 270 2951 nam=
303 2924 415 2952 nuno
455 2925 604 2954 vereor
645 2916 694 2953 ut
724 2915 851 2954 multi
882 2917 996 2954 reote
1030 2926 1144 2974 eum⁴
1162 2916 1415 2965 intelligant.
1450 2917 1715 2956 Gravissime

163 2997 265 3027 vero
297 2991 442 3028 errant
473 2990 545 3038 qui
576 2990 659 3029 huo
690 2991 867 3030 trahunt
898 2959 1297 3031 Iuvenalis—'versus
1329 2993 1641 3031 nobilissimos:
