2034 3334
981 297 1068 344 130

221 418 477 476 quibusdam
523 423 624 463 sunt
670 420 818 464 traditi
860 421 1088 466 codicibus,
1141 421 1226 467 Hic
1266 437 1436 482 quoqne
1475 425 1622 482 ipsum
1661 423 1808 482 potius

219 494 390 547 poetam
417 504 602 548 agnosco
629 491 921 544 dubitantem,
949 507 1077 550 quam
1103 493 1453 552 interpolatorem
1478 509 1556 539 sua
1571 497 1814 540 commenta

220 564 382 605 temere
412 563 684 607 inserentem.

281 707 369 752 679
395 723 486 766 sqq.
520 709 626 754 Hiat
657 709 822 768 aliquid
851 711 897 754 in
927 711 1068 756 hisce:

396 779 564 824 Interea
594 783 752 825 totiens
783 781 988 826 haustum
1022 787 1184 827 cratera
1214 782 1370 841 repleri

397 851 558 909 Sponte
588 867 665 896 sua
696 867 772 910 per
802 867 931 911 seque
962 854 1114 899 vident
1144 869 1405 899 succrescere
1434 857 1558 899 vina:

397 924 587 967 Attoniti
615 925 806 968 novitate
837 930 1008 982 pavent.

213 992 363 1051 Neque
403 998 550 1038 tamen
590 995 864 1052 probaverim
905 995 1106 1040 editionis
1139 995 1320 1040 Aldinae
1350 996 1580 1041 lectionem
1610 997 1804 1055 quotiens.

179 1043 196 1063 ’
213 1064 395 1109 Videant
427 1065 636 1110 doctiores
650 1065 659 1109 l

274 1205 467 1251 693-7,
494 1206 580 1250 Hic
607 1221 775 1265 quoque
801 1208 1068 1265 perturbatio
1089 1208 1299 1266 quaedam
1315 1207 1661 1266 deprehenditur,
1678 1219 1810 1266 quam
1894 1270 1897 1274 Ι

209 1277 524 1334 interpolatoris
563 1277 690 1336 culpa
731 1283 874 1322 natam
924 1293 1036 1323 nunc
1080 1281 1165 1324 viri
1209 1279 1323 1324 docti
1365 1284 1550 1324 censent.
1594 1278 1808 1338 Equidem

209 1348 377 1392 facilius
408 1350 519 1392 mihi
549 1349 665 1407 fingo
695 1351 840 1408 ip'sum
871 1355 1041 1407 poetam
1074 1356 1188 1394 certo
1220 1351 1365 1408 aliquo
1397 1351 1466 1395 die
1495 1353 1542 1395 in
1571 1349 1809 1410 pangendis

208 1419 405 1462 versibus
449 1420 588 1464 eidem
628 1421 861 1464 obnoxium
901 1422 1035 1472 vitio,
1069 1435 1198 1478 quam
1228 1421 1474 1475 falsarium,
1506 1424 1581 1479 qui
1611 1434 1713 1479 prae
1742 1434 1807 1465 ce-

207 1491 312 1533 teris
354 1494 515 1534 certam
556 1493 662 1536 certi
702 1491 803 1534 libri
835 1495 1003 1549 partem
1043 1491 1223 1550 elegerit
1253 1494 1349 1545 cui,
1383 1491 1502 1536 nulla
1532 1506 1577 1536 re
1609 1494 1803 1543 coactus,

207 1575 308 1604 suos
338 1561 574 1606 versiculos
605 1561 677 1606 vel
707 1566 899 1606 assueret
930 1562 1000 1607 vel
1029 1564 1247 1607 insereret.

268 1704 354 1750 713
388 1707 499 1749 Ante
530 1706 690 1764 gradus
721 1707 875 1765 templi
906 1723 1005 1751 cum
1036 1713 1197 1752 starent
1227 1709 1334 1752 forte
1366 1708 1532 1766 locique

386 1776 617 1821 Nan-arent
648 1792 784 1821 casus.

204 1846 316 1900 Quid
359 1849 524 1904 aptius,
569 1848 727 1905 quidve
770 1851 994 1893 venustius
1035 1863 1165 1906 quam
1199 1851 1270 1899 τὴν
1303 1849 1599 1902 καταστροφήν
1631 1847 1799 1892 fabulae

203 1916 294 1960 fieri
334 1917 439 1961 dum
477 1920 570 1962 eius
602 1934 802 1976 personae
834 1935 900 1963 res
932 1925 1030 1964 ante
1061 1925 1175 1964 aetas
1207 1921 1289 1964 sibi
1320 1922 1365 1963 in
1396 1922 1650 1964 memoriam
1680 1932 1798 1964 revo-

201 1986 323 2031 cant?
365 1987 618 2033 Communis
654 1990 724 2033 hic
755 1993 950 2034 omnium
982 1996 1206 2048 poetarum
1238 1990 1381 2043 locus,
1414 1991 1486 2034 sed
1516 2004 1615 2048 prae
1646 1990 1799 2034 ceteris

200 2057 380 2102 dilectus
407 2058 573 2104 Ovidio.
613 2060 672 2104 Ut
697 2075 749 2104 ex
774 2063 941 2119 ingenti
967 2061 1263 2119 exemplorum
1290 2063 1410 2119 copia
1436 2075 1573 2105 unum
1600 2060 1794 2105 afferam:

199 2129 276 2181 XI,
311 2128 399 2174 '712
416 2143 498 2187 sq.:

382 2201 583 2258 Dumque
616 2207 810 2246 moratur
838 2204 901 2246 ibi
932 2203 1122 2260 dumque
1157 2236 1166 2247 .
1187 2236 1196 2247 .
1217 2237 1226 2247 .

383 2272 583 2330 Dumque
616 2278 761 2317 notata
791 2273 898 2317 locis
929 2276 1220 2318 reminiscitur
1250 2278 1365 2325 acta,
1397 2273 1640 2330 fretumque

382 2344 616 2400 Prospicit‚
649 2346 695 2387 in
726 2344 912 2401 liquida,
946 2347 1084 2402 spatio
1114 2345 1319 2396 distante,
1354 2347 1501 2387 tuetur

381 2414 638 2471 Nescioquid
668 2417 790 2471 quasi
821 2429 972 2472 corpus
1003 2429 1126 2471 aqua.

198 2482 280 2526 Sed
312 2487 541 2540 quominus
572 2486 641 2528 hic
673 2485 845 2529 flosculo
876 2485 950 2529 illo
983 2485 1194 2529 Ovidiano
1225 2486 1312 2528 tuti
1337 2484 1595 2528 laetaremur
1621 2483 1790 2557 obstitit

198 2554 435 2597 Merkelius
466 2560 509 2599 et
540 2557 660 2599 nobis
692 2557 851 2613 locoque
882 2561 1077 2598 navarent
1107 2571 1223 2598 curas
1250 2556 1448 2599 obtrusit.
1482 2553 1611 2608 Quasi
1635 2567 1736 2598 vero
1762 2565 1788 2596 a

197 2625 408 2667 stantibus
455 2626 625 2668 aedium
673 2626 814 2670 sordes
861 2626 1091 2683 pulvisque
1137 2629 1451 2669 removeantur.
1499 2624 1597 2667 Alia
1643 2625 1788 2667 omnia

196 2693 325 2748 paulo
368 2700 465 2737 ante
508 2699 672 2753 experti
717 2711 867 2740 sumus
907 2699 1099 2749 (ineunte
1141 2710 1286 2739 mense
1325 2696 1449 2739 Iunio
1481 2695 1584 2738 haec
1615 2694 1784 2746 scribo).

194 2762 250 2804 Et
291 2763 399 2806 illud
441 2781 567 2816 casua,
611 2767 725 2822 quod
768 2781 897 2823 quam
929 2768 1157 2823 egregium
1187 2767 1245 2808 sit
1275 2779 1400 2814 nemo
1432 2779 1517 2807 non
1549 2765 1704 2815 sentit,
1737 2765 1785 2806 in

194 2832 407 2876 codicibus
439 2840 503 2877 est
535 2837 756 2887 omnibus,
790 2852 906 2878 curas
937 2851 959 2879 e
986 2838 1226 2879 coniectura
1250 2840 1401 2878 natum
1427 2840 1512 2878 est:
1551 2835 1654 2891 quid
1682 2849 1784 2892 ergo

193 2903 367 2957 posthac
400 2909 546 2947 tutum
578 2908 666 2948 iam
698 2909 778 2949 erit
809 2921 832 2949 a
866 2912 1135 2963 praepostera
1166 2906 1388 2949 doctorum
1419 2903 1654 2962 sapientIa?
1695 2905 1779 2949 Sed

193 2971 309 3014 adest
341 2973 596 3025 Ehwaldus,
648 2979 713 3018 vir
760 2978 850 3018 sani
890 2977 1074 3027 iudicii,
1107 2978 1181 3032 qui
1225 2977 1369 3019 omnia
1409 2977 1494 3018 ista
1534 2979 1709 3031 respuat
1738 2979 1782 3018 et

190 3049 405 3085 narrarent
451 3060 563 3086 casus
610 3047 661 3088 ab
708 3046 837 3089 exilio
885 3052 1065 3089 revocet.
1108 3046 1220 3088 Nam
1263 3046 1374 3100 quod
1414 3045 1604 3088 Kornius
1646 3045 1782 3089 edidit
