2034 3334
917 217 1001 260 155

224 336 311 380 253
329 351 389 394 sq.
424 336 557 381 Cuius
590 352 719 394 equos
749 340 935 395 pretium
966 353 1041 394 pro
1074 343 1194 382 nocte
1227 345 1477 395 poposcerat
1508 341 1641 383 hostis

421 408 553 451 Arma
583 412 736 464 negate
768 409 878 451 mihi
910 409 1123 464 fueritque
1151 410 1374 466 benignior
1405 411 1526 453 Aiax.

165 477 348 520 Memini
387 492 457 521 me
500 479 601 521 haec
642 481 687 520 in
729 478 831 521 ludo
873 479 1062 521 literario
1096 481 1156 522 sic
1187 482 1330 535 pueris
1359 482 1655 537 interpretari:
1691 483 1756 532 „si

164 548 275 590 mihi
301 562 419 591 arma
445 550 729 606 negaveritis,
759 550 868 592 Aiax
897 551 1120 607 benignior
1146 551 1254 592 mihi
1282 565 1371 594 esse
1393 552 1625 594 censendus
1643 553 1752 595 erit’'

163 631 316 675 eosque
349 618 494 662 docere
525 620 593 662 hic
625 619 828 675 Ulyssem
859 621 1064 676 respicere
1096 619 1206 662 illud
1239 622 1378 664 Aiacis
1415 622 1524 664 102:

421 689 612 732 Dividite
644 693 686 732 et
717 704 813 746 pars
846 692 902 732 sit
933 692 1069 733 maior
1101 690 1319 733 Diomedis
1348 693 1392 734 in
1425 691 1525 735 illis.

162 758 244 802 Sed
286 761 414 802 nimis
455 759 585 817 longe
613 760 724 803 illud
757 763 1006 803 arcessitum
1039 765 1080 803 et
1112 775 1371 820 quemquam
1403 763 1484 804 sibi
1516 764 1644 806 Aiace
1675 765 1757 806 ini-

160 830 352 885 quiorem
379 829 555 887 Ulysses
580 845 632 873 ne
659 830 818 887 fingere
845 831 1019 887 quidem
1037 835 1188 888 potest.
1217 832 1365 888 Ipsum
1382 833 1493 875 illud
1513 834 1751 884 „dividite”

159 900 416 943 contumelia
458 905 547 943 erat
589 902 851 944 acerbissimi
883 901 1129 944 adversarii.
1163 902 1350 946 Haerere
1382 918 1485 961 ergo
1519 919 1587 947 me
1620 905 1754 948 fateor

158 983 294 1026 neque
336 971 462 1013 fateri
500 971 655 1028 pudet:
698 972 837 1014 haesit
878 976 920 1014 et
952 971 1186 1029 Bentleyus
1217 972 1291 1016 ille
1323 974 1425 1017 adeo
1457 980 1506 1017 ut
1538 975 1644 1018 duos
1676 976 1752 1018 hos

159 1054 308 1083 versus
340 1041 537 1084 delendos
569 1056 659 1085 esse
693 1042 938 1086 declararet.

227 1182 328 1227 371.
362 1185 523 1228 Sanum
555 1200 644 1228 esse
676 1201 758 1228 non
790 1199 936 1242 posse:

405 1256 573 1312 Proque
609 1261 671 1299 tot
701 1270 909 1299 annorum
937 1271 1037 1299 cura
1068 1259 1221 1313 quibus
1254 1261 1405 1301 anxius
1437 1262 1506 1316 egi

164 1325 274 1368 mihi
316 1331 502 1378 constat,
545 1327 618 1369 sed
657 1328 759 1383 quid
791 1341 993 1384 reponam
1026 1328 1179 1371 dubius
1211 1343 1321 1371 sum.
1354 1329 1534 1373 Nildum
1565 1333 1754 1387 proposi—

163 1401 260 1439 tum
290 1402 355 1439 est
387 1397 499 1454 quod
530 1399 581 1440 ab
615 1400 732 1441 omni
762 1403 882 1455 parte
915 1398 1091 1455 placeat.

735 1942 1020 1986 CORRIGEN
1029 1944 1169 1986 DUM.

211 2223 390 2258 Lecturos
427 2234 516 2269 rogo
555 2226 599 2257 ut
636 2226 726 2257 ante
765 2224 894 2258 omnia
933 2224 1142 2259 absurdum
1181 2225 1324 2259 tollant
1364 2225 1556 2261 mendum.
1599 2226 1747 2272 Pagina

161 2290 263 2324 enim
288 2290 335 2325 80
360 2291 462 2325 linea
487 2291 532 2325 13
558 2290 664 2325 aliud
691 2302 807 2336 agens
833 2291 964 2337 scripsi
992 2291 1124 2326 Artem
1153 2292 1338 2327 Poeticam
1364 2304 1449 2327 cum
1473 2293 1606 2327 Artem
1627 2293 1744 2329 Ama-

162 2358 299 2392 tor-iam
325 2358 471 2393 vellem.
