2034 3334
933 377 987 414 85

179 501 282 540 urbe
313 501 536 540 narratum
568 500 656 539 ruri
687 510 773 538 non
804 509 899 539 0550
931 498 1248 548 Ctesiphonem.
1281 500 1340 539 At
1365 499 1437 538 ubi
1464 509 1647 548 persona
1674 501 1742 538 051

179 564 475 626 adolescentis,
508 577 551 615 et
582 575 864 625 proficiscitur
895 576 948 614 ad
979 575 1130 615 villam
1163 576 1206 614 et
1238 575 1438 617 continuo
1470 575 1591 625 redit,
1621 576 1667 614 ut
1696 575 1742 616 111

179 653 382 697 Eunucho
413 652 664 691 Phaedria.”
697 652 875 700 Egregie
903 651 1010 690 haec
1037 651 1264 690 observata
1290 651 1503 690 videntur.
1533 651 1597 690 Sit
1624 651 1740 689 enim

111 766 115 769 ,
179 730 310 768 (1111110
351 729 480 767 1101110
521 727 694 777 Demea,
729 728 787 766 sit
818 737 1016 767 morosus
1048 728 1091 766 et
1123 727 1264 766 omnis
1295 727 1540 766 venustatis
1573 737 1738 777 expers,

179 805 224 843 at
254 814 389 843 senex
420 805 499 853 est,
533 803 814 853 grandaevuS,
849 802 1019 842 infirmo
1053 813 1238 852 corpore.
1272 803 1486 842 Lubenter
1514 786 1613 852 ergo
1641 813 1741 842 eum

178 879 269 918 10111
314 879 524 929 videmus,
567 879 748 918 ludibrio
790 879 937 918 haberi
979 880 1022 918 et
1064 879 1388 918 absurdissimis
1424 879 1742 918 narrationibus

178 955 275 994 inde
307 955 507 1004 ablegari,
541 955 613 993 ubi
644 955 888 1003 praesentia
915 954 1007 993 eius
1035 955 1216 993 minime
1243 965 1349 1003 opus
1378 956 1467 993 est:
1496 955 1542 994 at
1558 955 1742 994 eundem

177 1030 439 1079 longioribus
480 1030 622 1078 rumpi
663 1029 1027 1069 ambulationibus
1070 1040 1195 1078 aegre
1227 1030 1429 1068 ferimus:
1463 1031 1631 1078 agreste
1663 1031 1743 1069 hoc

178 1105 300 1145 nobis
341 1106 521 1155 videtur,
567 1105 748 1155 crudele,
784 1106 1086 1155 inhumanum,
1122 1107 1164 1144 et
1196 1106 1240 1144 in
1271 1106 1415 1144 locum
1446 1106 1742 1145 delectationis

180 1181 368 1221 comicae
401 1181 578 1220 acerbus
611 1181 786 1229 quidam
819 1181 940 1220 venit
970 1181 1289 1220 misericordiae
1321 1191 1488 1221 sensus.

237 1257 341 1296 Hec.
385 1257 469 1296 725
507 1267 569 1306 sq.
613 1257 778 1296 Laches
811 1258 854 1295 et
888 1257 1134 1306 Phidippus,
1168 1258 1313 1305 patres
1345 1257 1415 1295 hic
1446 1257 1637 1307 virginis,
1672 1258 1743 1297 ille

179 1333 348 1374 iuvenis
389 1333 461 1381 qui
505 1343 601 1372 00111
634 1332 770 1382 duxit,
807 1333 858 1371 de
890 1332 1123 1371 liberorum
1156 1332 1394 1371 commodis
1427 1332 1538 1371 inter
1569 1343 1616 1371 se
1649 1343 1742 1372 con-

178 1407 366 1448 sultant:
399 1409 548 1447 vident
579 1408 696 1447 enim
729 1408 902 1447 illorum
934 1408 1107 1457 nuptias
1138 1418 1292 1456 parum
1324 1419 1419 1447 0550
1451 1407 1612 1458 11111105,
1641 1419 1742 1458 nup-

179 1486 272 1524 tam
320 1495 346 1523 a
390 1485 548 1523 marito
591 1494 769 1533 peregre
811 1484 893 1522 iter
923 1484 1107 1523 faciente
1140 1484 1403 1534 discessisse,
1437 1484 1551 1523 hunc
1582 1485 1741 1534 autem,

180 1560 268 1599 iam
313 1571 548 1610 reversum,
598 1560 785 1609 recipere
833 1570 931 1599 eam
976 1559 1101 1598 nolle.
1151 1559 1258 1608 Quid
1303 1560 1364 1599 rei
1411 1560 1469 1598 sit
1509 1561 1742 1608 quaerunt:

179 1636 356 1676 tandem
387 1636 598 1686 suspicari
630 1636 842 1684 incipiunt
873 1635 1098 1674 Bacchidis
1129 1636 1389 1686 peregrinae,
1423 1646 1608 1684 quacum
1641 1636 1744 1674 olim

179 1713 302 1762 vixit,
335 1713 473 1752 teneri
506 1711 757 1752 etiamnunc
795 1711 1113 1750 adolescentem
1142 1722 1300 1751 amore.
1329 1712 1451 1751 Hanc
1479 1722 1577 1760 ergo
1610 1721 1744 1750 arces-

179 1789 359 1827 sendam
406 1799 501 1828 esse
547 1789 784 1828 decernunt
831 1789 874 1827 et
919 1787 989 1826 vel
1036 1787 1168 1826 minis
1219 1787 1288 1826 vel
1340 1788 1536 1836 precibus
1582 1797 1745 1835 permo—

180 1865 366 1903 vendam
411 1866 461 1903 ut
506 1866 748 1903 amatorem
797 1874 926 1902 suum
972 1863 1160 1901 missurn
1201 1863 1344 1902 100101.
1388 1863 1524 1911 Igitur
1565 1863 1617 1902 ad
1650 1873 1746 1901 eam

180 1940 344 1979 Laches
390 1950 570 1989 puerum
616 1939 766 1988 mittit,
813 1939 1049 1987 Phidippus
1091 1949 1205 1988 vero,
1239 1941 1469 1988 postquam
1501 1949 1548 1977 50
1580 1949 1747 1986 quoque

181 2025 354 2064 operam
397 2014 597 2054 omnibus
634 2014 774 2054 modis
807 2014 1011 2053 daturum
1042 2014 1242 2062 promisit
1275 2015 1322 2053 ut
1353 2024 1432 2052 sua
1463 2014 1746 2062 Lachetisque

182 2092 433 2139 permaneat
464 2090 662 2139 affinitas,
698 2090 811 2128 hunc
842 2091 987 2138 rogat:

375 2166 456 2205 Sed
487 2166 561 2204 vin
593 2166 745 2204 adesse
778 2175 849 2203 me
880 2175 978 2214 una,
1015 2165 1117 2203 dum
1151 2165 1282 2203 istam
1315 2164 1550 2203 convenis?

183 2242 228 2280 at
269 2242 363 2280 ille:
411 2241 572 2290 „immo
615 2240 683 2279 abi
722 2241 851 2279 vero’'
886 2240 1127 2288 respondet.
1160 2183 1746 2279 Hicfflnotat:

188 2316 364 2365 „Melius
405 2315 767 2365 pronuntiaveris,
812 2315 850 2353 51
891 2314 1103 2353 renitente
1145 2316 1188 2353 et
1214 2315 1482 2363 improbante
1513 2315 1594 2354 hoc
1624 2315 1748 2353 vultu

184 2392 323 2430 dicere
354 2391 569 2440 acceperis
603 2391 873 2440 Phidippum,
907 2391 1031 2438 quasi
1062 2401 1147 2429 non
1179 2391 1373 2439 oporteat
1399 2390 1608 2429 interesse
1634 2401 1747 2435 soce-

184 2477 294 2505 rum.
328 2467 426 2505 Ideo
457 2468 602 2505 mutat
637 2466 899 2505 sententiam
932 2466 1096 2505 Laches
1128 2467 1171 2504 et
1202 2465 1365 2513 relegat
1396 2476 1496 2504 eum
1528 2466 1571 2504 in
1602 2476 1746 2514 procu-

185 2542 397 2581 rationem
440 2542 617 2580 011011115
659 2541 763 2580 101.”
803 2541 992 2590 Egregie,
1027 2543 1075 2580 ut
1108 2541 1267 2590 opinor,
1302 2540 1489 2579 Terentii
1522 2541 1748 2580 consilium

185 2617 426 2666 perspexit:
469 2617 676 2655 adversus
708 2617 1031 2655 meretriculam
1064 2617 1179 2655 enim
1211 2617 1443 2665 imperiosa
1474 2617 1604 2655 verba
1635 2617 1746 2655 vale—

186 2692 293 2731 bunt
338 2692 456 2742 nihil,
505 2692 725 2731 blanditiis
772 2693 853 2731 erit
896 2693 1193 2741 aggredienda.
1237 2693 1327 2731 Hoc
1361 2694 1508 2731 autem
1539 2694 1588 2731 ut
1619 2692 1750 2732 faciat

187 2767 355 2806 iuvenis
395 2769 517 2816 pater
548 2768 624 2806 vix
655 2767 828 2815 quidem
861 2768 936 2806 sed
970 2767 1111 2815 aliquo
1143 2769 1291 2806 tamen
1321 2768 1448 2806 modo
1482 2778 1507 2806 a
1537 2778 1584 2806 se
1617 2747 1764 2816 impes

187 2843 340 2891 trabit;
384 2844 542 2891 nuptae
582 2852 684 2881 vero
725 2843 846 2890 pater
886 2844 935 2881 ut
978 2852 1075 2881 cum
1108 2841 1220 2881 filiae
1253 2852 1356 2881 suae
1387 2843 1536 2891 pellice
1570 2842 1750 2881 comiter

188 2917 303 2966 loqui
349 2918 486 2967 possit
531 2919 703 2958 tantum
746 2917 867 2956 abest
899 2918 948 2956 ut
981 2917 1113 2959 etiam
1145 2918 1295 2959 adesse
1327 2928 1426 2958 eum
1457 2918 1615 2970 pudeat
1646 2918 1749 2959 dum
