2034 3334
1022 411 1077 451 74

816 568 963 608 Acrus
994 568 1032 607 V
1064 569 1208 610 SanA
1240 571 1280 611 5.

323 692 511 732 Advenit
541 703 689 744 senex,
724 704 750 734 a
780 694 1048 735 Parmenone
1080 697 1299 746 cognoscit
1331 707 1415 746 qua
1440 697 1597 738 iniuria
1621 697 1833 739 afficiatur

263 769 389 819 filius,
433 769 477 808 in
519 770 647 809 aedes
688 770 863 811 Thaidis
905 772 1117 823 irrumpit,
1161 773 1279 813 mala
1319 773 1459 814 multa
1498 774 1692 814 minatus
1732 774 1831 815 Par·

262 845 438 885 menoni
465 846 630 886 auctori
658 847 934 888 calamitatis.
953 848 1255 890 Praemittitur
1270 860 1426 890 scenae
1442 850 1549 890 haec
1565 849 1832 895 scholiastae

263 922 509 962 annotatio:
546 922 881 972 „Annotandum
913 925 1024 974 quod
1057 925 1186 965 huius
1212 925 1330 966 senis
1357 936 1515 966 nomen
1541 926 1653 976 apud
1679 925 1831 967 Teren-

262 998 373 1037 tium
425 1009 511 1038 non
558 1000 648 1038 est:
696 1000 807 1049 apud
855 1001 1137 1041 Menandrum
1186 1002 1335 1042 Simon
1381 1002 1579 1043 dicitur.”
1625 1002 1833 1043 Nomen

262 1075 402 1124 apud
445 1075 773 1115 Terentium
816 1087 921 1116 non
958 1079 1067 1117 est:
1101 1078 1229 1128 recte,
1263 1088 1391 1117 nemo
1424 1078 1540 1118 enim
1571 1088 1723 1119 senem
1751 1089 1832 1120 suo

261 1151 436 1191 nomine
457 1152 688 1201 alloquitur
705 1154 748 1192 et
764 1153 837 1202 qui
853 1153 953 1192 huic-
969 1163 1124 1193 scenae
1140 1154 1446 1204 suprascripsit
1461 1153 1620 1194 nomen
1636 1155 1669 1207 L
1681 1155 1781 1196 ach
1793 1166 1831 1196 e-

260 1229 370 1266 tem
398 1228 439 1267 id
466 1239 544 1268 suo
571 1228 673 1268 fecit
699 1229 922 1270 arbitratu.
950 1230 1104 1280 Apud
1130 1230 1489 1271 Menandrum
1523 1230 1642 1271 Simo
1662 1230 1830 1272 dicitur.

261 1304 298 1343 A
344 1305 461 1352 quo?
501 1305 666 1354 Nempe
707 1305 759 1344 ab
802 1305 943 1355 aliquo
985 1317 1170 1355 quocum
1212 1308 1256 1346 in
1288 1317 1418 1347 scena
1442 1309 1654 1348 versatur.
1686 1307 1832 1348 Aliam

262 1379 528 1420 Scholiastae
570 1381 917 1422 observationem
958 1382 1197 1423 videamus.
1233 1383 1357 1423 Solus
1388 1383 1564 1423 relictus
1594 1383 1830 1424 Parmeno:

265 1466 554 1506 „quamquam
596 1458 749 1497 vide0'’
791 1458 853 1497 ait
898 1468 995 1507 „me
1036 1469 1197 1508 poenas
1238 1460 1454 1510 daturum,
1487 1461 1636 1508 tamen
1666 1446 1831 1510 gau'deo

260 1532 371 1580 quod
402 1542 456 1572 ne
487 1533 738 1573 meretrices
769 1534 941 1582 quidem
975 1535 1150 1584 impune
1182 1535 1271 1574 sint
1302 1535 1481 1585 laturae,

378 1608 490 1648 Nam
522 1609 610 1648 iam
642 1610 714 1650 diu
747 1610 937 1659 aliquam
970 1621 1148 1650 causam
1180 1612 1413 1660 quaerebat
1443 1621 1579 1651 senex

381 1685 517 1735 Quam
551 1686 604 1725 ob
636 1696 728 1725 rem
755 1686 923 1735 insigne
950 1686 1109 1735 aliquid
1136 1687 1297 1726 faceret
1323 1687 1408 1735 eis3
1437 1697 1551 1726 nunc
1576 1688 1805 1737 repperit.”

260 1761 325 1799 Ad
352 1761 432 1799 hos
459 1771 559 1810 ergo
587 1771 741 1800 versus
769 1762 898 1806 (1000
926 1764 1004 1810 sq.)
1033 1762 1275 1801 Scholiasta
1301 1763 1502 1801 annotat:
1534 1763 1831 1812 „Manifestius

259 1837 340 1876 hoc
371 1837 601 1876 Menander
637 1837 846 1886 explicat:
884 1838 972 1876 iam
1009 1838 1174 1886 pridem
1202 1838 1409 1877 infestum
1435 1838 1653 1879 meretrici
1678 1849 1830 1880 senem

259 1914 357 1962 post
403 1914 651 1962 corruptum
699 1913 750 1952 ab
793 1924 844 1953 ea
890 1913 1148 1953 Phaedriam
1191 1924 1305 1954 nunc
1346 1915 1522 1954 demum
1564 1925 1612 1955 se
1652 1915 1832 1956 inventa

260 1999 391 2028 causa
421 1989 783 2029 vindicaturum.”
816 1989 910 2029 Hae
942 1991 1244 2030 annotationes
1270 1990 1382 2030 inter
1408 2001 1456 2030 se
1482 1991 1654 2031 iunctae
1679 1991 1830 2031 docere

259 2076 338 2105 nos
369 2066 569 2105 videntur
600 2067 710 2116 apud
743 2067 1023 2106 Menandrum
1055 2067 1217 2107 diutius
1248 2068 1291 2106 in
1323 2078 1453 2107 scena
1483 2067 1648 2107 versari
1678 2077 1830 2107 senem
2007 2111 2009 2115 ,

260 2144 303 2181 et
344 2152 443 2181 cum
485 2143 677 2192 pluribus
714 2144 829 2192 loqui
861 2154 992 2192 quam
1025 2145 1135 2193 apud
1168 2144 1432 2184 Terentium.
1464 2144 1611 2193 Neque
1641 2144 1804 2184 mirum
1775 2151 1838 2424 “4
1995 2155 2015 2247 ἒ

2008 2219 2016 2236 ,

260 2228 358 2256 cum
391 2219 507 2257 enim
539 2219 693 2268 scenis,
727 2219 799 2258 ubi
831 2219 994 2259 Thraso
1022 2220 1275 2269 Gnathoque
1303 2220 1529 2268 loquentes
1554 2219 1815 2259 inducimtur

259 2294 403 2333 fabula
430 2296 557 2334 aucta
583 2297 710 2347 esset,
740 2306 793 2334 ne
821 2296 952 2334 nimis
979 2295 1107 2345 longa
1132 2294 1265 2344 fieret,
1296 2295 1379 2334 alio
1404 2295 1512 2344 loco,
1530 2295 1657 2344 idque
1674 2305 1774 2335 vers

259 2368 390 2408 finem
423 2371 655 2410 coartanda
684 2371 777 2410 fuit.
813 2372 932 2410 idem
965 2374 1009 2410 et
1040 2372 1084 2410 in
1109 2371 1273 2411 Andria
1298 2371 1462 2410 factum
1489 2381 1585 2410 esse
1611 2370 1814 2410 novimus

320 2446 384 2484 Ad
402 2446 564 2494 primos
582 2448 728 2485 autem
746 2458 898 2486 versus
916 2457 1070 2486 scenae
1087 2448 1309 2496 primaque
1321 2447 1438 2485 senis
1450 2446 1581 2485 verba
1593 2446 1690 2492 (971
1704 2448 1826 2495 sqq.):
1862 2451 1871 2464 '

438 2521 502 2559 Ex
534 2532 631 2560 meo
663 2523 897 2571 propinquo
929 2533 1026 2562 rure
1058 2523 1138 2562 hoc
1169 2523 1289 2571 capio
1322 2522 1558 2561 commodi:

437 2597 581 2645 Neque
619 2598 708 2646 agri
740 2608 877 2646 neque
910 2598 1028 2637 urbis
1060 2598 1206 2638 odium
1238 2609 1309 2637 me
1341 2607 1532 2646 unquam
1563 2597 1755 2646 percipit.

438 2673 519 2710 Ubi
553 2674 688 2712 satias
721 2675 859 2723 coepit
890 2673 982 2713 fieri
1014 2675 1235 2713 commuto
1266 2674 1409 2713 locum

261 2749 437 2785 annotat
458 2748 697 2787 Scholiasta.
715 2750 859 2794 (verba
876 2752 1023 2788 autem
1040 2750 1133 2788 eius
1150 2749 1357 2800 impedita
1373 2750 1475 2787 sunt
1487 2749 1738 2796 corruptave
1749 2747 1825 2786 sed

260 2833 414 2860 sensus
441 2825 702 2871 perspicuus)
732 2825 904 2873 pulchre
932 2826 1001 2864 hic
1022 2835 1171 2864 senem
1188 2827 1281 2863 tam
1298 2825 1485 2863 otiosum
1503 2823 1643 2862 induci
1661 2824 1705 2861 et
1720 2822 1825 2861 mali

260 2898 364 2935 nihil
393 2900 698 2947 suspicantem,
729 2911 810 2947 quo
838 2901 977 2947 magis
1005 2901 1149 2938 audito
1176 2900 1291 2938 malo
1318 2899 1600 2948 perturbetur.
1619 2898 1762 2947 Recte,
1782 2898 1826 2936 et

260 2973 333 3011 illa
357 2984 521 3020 quoque
540 2974 735 3021 repetitio
759 2985 778 3012 c
793 2985 815 3012 a
829 2975 915 3022 pio
935 3005 942 3013 .
965 3005 972 3013 .
994 3005 1001 3013 .
1027 2986 1051 3023 p
1065 2975 1177 3013 erci
1190 2986 1215 3024 p
1229 2975 1271 3013 it
1294 2975 1519 3023 ipsumque
1537 2972 1824 3022 compositum
