2034 3334
926 433 981 472 33

174 561 435 601 Scholiasta:
482 562 628 610 „grate
670 559 884 608 expressit
920 559 1043 598 stulti
1075 559 1303 598 infantiam
1334 559 1500 609 militis,
1535 559 1607 607 qui
1638 559 1739 598 ante

172 637 267 676 vult
313 636 493 685 intelligi
541 635 650 684 quod
698 635 843 684 sentit,
892 645 1023 683 quam
1071 635 1161 682 ipse
1210 634 1366 674 dicat.⁷’
1416 634 1739 674 Eiusdemmodi

172 712 329 761 legitur
373 711 615 751 observatio
662 711 715 750 ad
760 720 824 749 VS.
874 711 972 759 412,
1017 710 1087 748 ubi
1130 710 1193 748 sic
1235 710 1285 749 de
1329 720 1408 749 sua
1445 710 1555 759 apud
1593 720 1739 758 regem

173 788 312 836 gratia
343 797 516 826 narrare
548 787 708 835 pergit:

987 861 1182 900 Invidere
1214 871 1366 900 omnes
1398 861 1519 910 mihi,

395 938 583 978 Mordere
617 938 881 977 clanculum:
915 948 992 985 ego
1025 947 1110 976 non
1141 937 1262 976 flocci
1296 938 1501 985 pendere:

397 1014 591 1053 Invidere
623 1023 774 1052 omnes
806 1013 926 1051 mihi.

112 1118 118 1121 -
178 1090 306 1139 „Mire
338 1092 405 1131 est
434 1090 550 1129 facta
580 1090 738 1128 nullius
765 1089 963 1138 ponderis
990 1089 1189 1137 repetitio
1216 1089 1269 1128 ad
1296 1089 1498 1128 inertiam
1524 1090 1739 1138 loquentis

175 1166 543 1214 exprimendam.”
586 1165 821 1204 Prudenter
868 1164 972 1203 haec
1020 1164 1249 1203 observata
1293 1165 1516 1213 videntur;
1564 1166 1640 1204 sed
1686 1176 1739 1204 ne

175 1241 260 1280 illic
292 1241 464 1289 quidem
495 1240 665 1288 obloqui
697 1239 961 1278 scholiastae
995 1239 1148 1288 ausim,
1183 1239 1255 1277 ubi
1288 1241 1365 1284 (vs.
1399 1240 1499 1285 432)
1533 1241 1586 1279 ad
1618 1251 1738 1280 voca-

173 1317 322 1356 bulum
357 1316 583 1365 „emoriri”
617 1316 723 1354 haec
754 1315 841 1354 fere
872 1315 1074 1353 annotat:
1107 1314 1290 1363 „vitiosa
1315 1314 1455 1353 forma
1482 1325 1565 1363 qua
1586 1317 1740 1356 militis

173 1392 361 1431 stultitia
406 1391 671 1440 significetur
718 1392 761 1429 et
806 1390 1037 1439 rideatur’',
1081 1390 1182 1428 licet
1222 1390 1361 1438 primo
1408 1393 1584 1439 aspectu
1631 1393 1740 1431 satis

174 1467 358 1507 absurda
399 1477 450 1506 ea
491 1466 733 1505 observatio
775 1466 910 1505 videri
952 1466 1100 1514 possit.
1146 1466 1209 1504 Sit
1251 1476 1355 1505 sane
1393 1467 1624 1506 emoriri
1656 1478 1741 1507 non

173 1543 330 1582 vitiosa
370 1542 521 1591 forma,
566 1543 633 1581 est
674 1544 822 1580 tamen
863 1542 1008 1580 minus
1055 1542 1229 1590 usitata,
1275 1543 1318 1580 et
1359 1552 1434 1580 cur
1474 1543 1601 1582 miles
1643 1554 1740 1582 eam

174 1620 374 1658 adhibeat
419 1619 584 1658 nullam
631 1618 762 1657 aliam
809 1628 986 1656 causam
1034 1618 1157 1656 video
1200 1628 1330 1665 quam
1372 1619 1605 1658 stultitiam
1648 1619 1740 1657 eius

172 1694 518 1742 barbariemque3
552 1683 763 1748 saepeque
796 1694 839 1732 in
872 1694 1092 1732 comoedia
1123 1704 1259 1732 unum
1286 1694 1455 1742 aliquod
1481 1695 1739 1733 vocabulum

173 1770 311 1809 rarius
338 1771 390 1809 ad
416 1770 706 1818 spectantium
734 1769 966 1808 cachinnos
994 1769 1245 1808 excitandos
1273 1769 1487 1808 efficacius
1515 1772 1581 1809 est
1608 1781 1736 1818 quam

173 1845 300 1894 longa
331 1847 458 1894 atque
490 1845 751 1894 ineptiarum
781 1845 907 1893 plena
938 1845 1166 1883 sententia.

234 1931 296 1959 VS.
331 1921 429 1959 406.
462 1921 600 1959 Verbo
632 1921 828 1959 nostin
860 1920 1149 1968 interrogatus
1183 1920 1351 1959 Gnatho
1385 1922 1635 1970 respondet:

1291 1997 1380 2035 scio

369 2069 497 2118 Quasi
528 2070 600 2109 ubi
631 2070 751 2109 illam
783 2072 1013 2118 exspueret
1045 2071 1268 2110 miseriam
1301 2082 1356 2110 ex
1388 2072 1545 2110 animo.

175 2144 257 2183 Hic
288 2145 387 2193 quid
418 2146 499 2184 sibi
531 2146 636 2184 velit
667 2146 923 2184 vocabulum
957 2146 1046 2184 ubi
1080 2147 1260 2185 minime
1292 2148 1496 2196 intelligo.
1531 2148 1595 2186 Ex
1621 2158 1737 2196 prae-

177 2220 342 2259 cedenti
368 2231 496 2259 versu
523 2220 746 2268 irrepsisse
774 2230 938 2269 censeo,
968 2221 1037 2259 hic
1063 2232 1165 2260 vero
1196 2223 1344 2271 „quasi
1372 2224 1457 2261 ut”
1485 2223 1736 2271 legendum:

176 2296 237 2333 sic
270 2296 386 2334 enim
419 2296 595 2334 demum
627 2297 741 2334 recte
774 2296 973 2344 procedet
1005 2297 1153 2335 oratio.

239 2371 579 2420 „Perpaucorum
636 2371 861 2410 hominum
918 2382 993 2409 rex
1047 2373 1140 2410 est”
1189 2373 1357 2411 dixerat
1404 2373 1580 2412 Thraso.
1628 2374 1738 2411 Tum

177 2446 345 2484 Gnatho
379 2450 456 2491 (vs.
490 2447 614 2493 409):

838 2521 978 2559 Immo
1011 2522 1226 2560 nullorum
1260 2523 1442 2561 arbitror

473 2597 516 2635 Si
547 2599 692 2635 tecum
732 2597 850 2635 vivit.

177 2673 369 2711 Annotat
401 2672 661 2711 Scholiasta:
699 2672 804 2721 „hoc
841 2659 1019 2711 aversus
1052 2682 1105 2710 ne
1137 2673 1263 2711 miles
1295 2674 1482 2712 audiat.”
1517 2674 1659 2724 Recte,
1689 2677 1737 2714 ut

177 2748 335 2796 opinor,
370 2747 470 2786 licet
501 2748 614 2786 idem
647 2748 797 2786 addat:
835 2749 1003 2797 „potest
1034 2749 1182 2786 tamen
1214 2750 1257 2786 et
1288 2749 1412 2788 aliter
1443 2750 1666 2798 intelligi.’'

236 2822 436 2861 Narravit
482 2823 643 2861 Thraso
692 2823 903 2870 quomodo
951 2823 1164 2870 quondam
1214 2824 1256 2861 in
1299 2834 1431 2863 coena
1471 2826 1735 2872 praefectum

178 2898 402 2947 quendam,
447 2909 472 2936 a
514 2908 596 2945 quo
638 2899 753 2935 esset
794 2898 1032 2945 lacessitus,
1079 2898 1193 2936 ultus
1236 2899 1304 2937 sit.
1348 2899 1575 2938 Exclamat
1611 2901 1733 2939 Para-

178 2972 288 3010 situs
321 2974 418 3018 (417
453 2976 554 3020 sq.):

1612 3046 1630 3073 3
