2034 3334
946 375 1030 415 234

199 500 331 553 plicat
376 500 631 541 Scholiasta.
675 501 757 541 Sed
798 501 896 551 quis
936 511 1129 550 unquam
1170 501 1234 540 sic
1273 501 1444 541 locutus
1485 501 1553 540 est
1583 474 1670 547 nisi
1696 483 1796 558 qui·
1831 482 1835 487 ”

199 577 382 627 putaret,
417 578 461 616 et
491 587 571 616 suo
603 577 695 617 iure
726 579 911 628 putaret,
945 577 1089 618 maius
1119 577 1202 617 sibi
1234 577 1395 626 aliquid
1426 587 1523 617 esse
1555 575 1771 626 agendum

198 661 331 701 quam
359 652 537 692 anxiam
569 653 883 703 grammaticae
914 654 1242 703 praeceptonun
1274 652 1637 693 observationem.

258 802 312 843 Et
351 813 531 853 possum
562 804 727 843 multas
758 803 892 844 etiam
924 804 1110 843 virtutes
1140 803 1441 851 virtutumque
1471 801 1635 841 similia
1663 799 1774 842 vitia

198 890 254 919 ex
285 890 370 920 uno
402 880 483 919 hoc
513 879 605 919 loco
637 880 838 929 proferre.
874 874 956 919 Sed
987 879 1094 919 haec
1124 878 1234 918 mihi
1265 878 1461 918 sufficere
1491 877 1694 917 videntur
1718 875 1774 918 ad

198 955 598 1006 demonstrandum,
647 955 689 994 id
735 956 847 1004 quod
893 955 1002 995 mihi
1049 955 1222 1004 quidem
1265 955 1334 994 est
1372 953 1771 1004 persuasissimum,

198 1041 336 1080 neque
378 1030 566 1070 Andriae
602 1031 886 1071 Menandreae
917 1031 1143 1081 prologum
1175 1041 1313 1079 neque
1345 1029 1593 1069 Perinthiae
1616 1028 1772 1069 'actum

198 1107 386 1158 priorem
434 1117 530 1147 esse
575 1108 770 1158 potuisse
816 1109 910 1148 tam
958 1108 1179 1158 egregium
1222 1117 1354 1156 quam
1396 1106 1503 1146 haec
1545 1106 1612 1145 est
1654 1104 1774 1144 senis

198 1183 426 1233 libertique
452 1183 700 1225 Terentiani
727 1184 1028 1224 confabulatio.
1057 1184 1200 1232 Atque
1227 1183 1297 1222 hic
1323 1181 1552 1222 Terentius
1578 1181 1623 1221 in
1649 1175 1702 1221 ea
1726 1190 1773 1221 re

199 1259 252 1299 ab
293 1260 468 1299 auctore
509 1270 588 1300 suo
630 1261 792 1300 recedit
833 1271 943 1309 quae
973 1259 1279 1300 tantummodo
1311 1259 1365 1298 ad
1396 1257 1567 1298 fabulae
1597 1256 1773 1296 initium

198 1336 425 1385 pertineat.
472 1336 511 1375 N
512 1346 596 1376 unc
642 1336 694 1376 de
740 1336 878 1376 altera
922 1336 997 1376 illa
1038 1335 1328 1386 discrepantia
1368 1334 1619 1376 Terentium
1660 1336 1774 1377 inter

199 1412 566 1461 Menandrumque
613 1422 742 1462 agam
789 1414 918 1462 atque
959 1413 1109 1452 lectori
1150 1412 1408 1462 persuadere
1440 1412 1626 1453 conabor
1654 1412 1718 1453 ita
1747 1422 1776 1453 a

199 1488 399 1528 Terentio
446 1489 671 1538 exemplar
717 1499 813 1529 esse
860 1490 1145 1528 immutatum
1191 1489 1240 1527 ut
1285 1498 1342 1527 ex
1382 1488 1528 1528 fabula
1567 1488 1774 1529 mediocri

199 1565 372 1614 egregia
401 1565 865 1614 praestantissimaque
897 1565 1109 1614 quaedam
1140 1565 1403 1604 nasceretur.

262 1640 464 1690 „Charini
505 1641 767 1690 Byrriaeque
808 1642 1046 1691 personae'’
1080 1640 1323 1680 Scholiasta
1354 1641 1417 1680 ait
1450 1641 1521 1691 „in
1552 1641 1773 1683 Menandri

199 1717 363 1757 Andria
404 1727 489 1757 non
525 1719 670 1756 erant:
705 1717 868 1758 addidit
899 1728 974 1757 eas
1006 1717 1276 1757 Terentius.”
1310 1717 1404 1756 Non
1435 1727 1538 1767 rogo
1569 1726 1685 1758 nuno
1713 1737 1773 1745 -

199 1793 242 1832 id
273 1793 325 1832 de
356 1803 440 1842 quo
471 1803 600 1833 nemo
631 1804 707 1843 pro
739 1795 856 1833 certo
888 1793 1103 1833 affirmare
1135 1793 1369 1842 quidquam
1401 1793 1541 1842 possit
1573 1815 1627 1822 —
1660 1793 1774 1834 unde

200 1879 274 1909 eas
315 1869 536 1909 sumserit.
576 1870 658 1909 Sed
689 1880 799 1919 quae
830 1870 960 1909 fuerit
991 1869 1108 1909 illius
1139 1869 1425 1909 additamenti
1456 1869 1525 1909 vis
1555 1878 1773 1919 exponam

201 1945 522 1995 comparatione
554 1946 742 1995 quadam
774 1946 1055 1986 instituenda.

259 2021 388 2061 Pater
429 2022 605 2071 quidam
645 2022 742 2061 vult
781 2021 920 2061 filium
956 2032 1085 2062 suum
1118 2021 1333 2071 virginem
1365 2021 1595 2072 quandam,
1630 2021 1772 2062 civem

199 2098 406 2148 Atticam,
439 2108 622 2138 uxorem
649 2098 826 2147 ducere;
854 2098 961 2138 haec
987 2098 1027 2137 ei
1052 2099 1143 2137 stat
1167 2097 1398 2137 sententia.
1425 2098 1486 2138 At
1509 2096 1625 2137 filius
1650 2096 1773 2137 illam

200 2185 286 2214 non
317 2174 424 2213 vult.
458 2174 623 2213 Tamen
654 2174 835 2213 simulat
861 2184 907 2214 se
933 2174 1046 2223 patri
1072 2183 1240 2213 morem
1267 2174 1507 2222 gesturum.
1534 2173 1628 2214 Hoc
1653 2172 1771 2213 enim

200 2250 239 2289 ei
281 2250 557 2289 mendacium
590 2250 913 2289 commendavit
943 2259 1097 2290 servus
1128 2250 1232 2288 dum
1264 2251 1425 2289 narrat·
1442 2249 1625 2299 virginis
1654 2248 1772 2288 illius

199 2327 369 2375 patrem
400 2326 489 2364 iam
521 2335 703 2374 negasse
735 2336 782 2365 se
813 2324 949 2365 filiam
980 2336 1108 2364 suam
1139 2325 1356 2375 daturum,
1390 2325 1594 2374 quoniam
1620 2334 1771 2374 cogno-

199 2401 312 2441 verit
352 2411 560 2450 generum
601 2402 683 2441 sibi
725 2402 992 2441 destinatum
1023 2401 1181 2441 habere
1213 2402 1415 2440 amicam.
1448 2401 1591 2449 Atque
1622 2400 1668 2440 in
1697 2399 1772 2440 illo
1855 2455 1857 2458 ι

201 2477 542 2516 commendando
598 2478 823 2518 mendacio
879 2478 961 2517 hoc
1014 2487 1122 2516 usus
1177 2479 1246 2516 est
1291 2487 1444 2516 servus
1490 2476 1771 2525 argumento:

204 2554 333 2603 „dum
379 2556 428 2593 tu
474 2555 705 2594 ducturum
751 2556 795 2594 te
841 2554 1036 2603 simulas,
1078 2563 1346 2601 uxoremque
1386 2553 1465 2592 tibi
1506 2552 1772 2594 destinatam
1831 2585 1834 2592 .

200 2630 301 2668 dare
343 2632 515 2669 recusat
555 2632 678 2680 pater
709 2632 814 2681 eius,
848 2632 1013 2670 interea
1044 2631 1159 2669 certe
1190 2630 1382 2668 invisum
1413 2629 1518 2668 illud
1549 2627 1770 2668 matrimo-

201 2707 322 2746 nium
365 2707 572 2756 differtur,
612 2709 743 2756 tuque
775 2717 954 2746 securus
985 2705 1205 2746 amoribus
1236 2706 1323 2744 tuis
1354 2705 1439 2744 frui
1469 2706 1593 2754 potes
1624 2703 1767 2743 iucun-

201 2783 386 2830 damque
433 2782 552 2821 illam
596 2793 694 2821 cum
738 2783 877 2822 amica
919 2784 996 2821 tua
1026 2782 1165 2821 vitam
1195 2780 1469 2830 producere.”
1503 2779 1585 2818 Sed
1616 2788 1771 2828 parum

200 2858 393 2907 feliciter,
428 2858 563 2897 immo
596 2858 893 2897 infelicissime
924 2858 1031 2897 haec
1056 2857 1250 2897 sollertia
1275 2857 1410 2895 cedit:
1438 2854 1771 2904 deprehenditur

200 2934 315 2971 servi
348 2933 482 2982 dolus,
516 2943 653 2981 neque
685 2933 919 2981 quidquam
950 2933 1039 2972 iam
1069 2932 1207 2972 restat
1237 2941 1370 2980 quam
1400 2932 1449 2971 ut
1479 2929 1770 2970 invitissimus
