2034 3334
1019 257 1080 302 50

250 383 392 427 verbis
433 382 516 426 dici
557 396 656 426 cum
698 383 786 425 iam
831 380 998 425 dictum
1034 384 1099 424 est
1130 379 1182 424 de
1204 379 1390 435 placidie
1420 381 1494 439 agi
1525 376 1706 425 diebus?
1737 379 1852 425 Iacet

249 455 358 496 unda
389 453 512 495 marie
543 456 587 496 et
617 457 752 495 ventos
783 456 892 495 arcet
923 451 1071 495 Aeolus
1102 466 1270 506 eqo-essu.
1304 451 1454 496 Nonne
1489 453 1551 495 bis
1581 452 1698 496 idem
1725 454 1852 511 poeta

248 524 318 567 hic
345 522 477 567 dicit?
507 524 728 567 Ambabus
755 537 858 581 ergo
885 523 1085 580 equidem
1110 523 1311 567 manibus
1337 523 1495 581 arripio
1525 521 1850 575 „deteriorum”

249 595 432 639 duorum
465 594 659 638 codicum
689 593 943 638 lectionem:
1354 608 1356 610 ·

431 665 551 709 Tunc
582 668 653 710 via
685 670 781 709 tuta
811 667 956 709 maris.

309 737 392 781 Hic
425 737 624 795 equidem
655 739 801 794 ipsum
835 736 1042 780 Ovidium
1074 750 1257 794 agnosco
1283 737 1330 779 in
1356 735 1439 780 fine
1466 735 1621 795 longae
1647 739 1692 780 et
1717 735 1854 780 ἔπεισ-

249 808 358 851 οδίων
399 808 548 865 plenae
590 809 845 851 narrationis
876 807 1123 865 legentibus
1152 808 1198 850 in
1231 808 1428 850 animum
1459 808 1699 851 revocantis
1736 806 1850 851 unde

248 881 392 923 omnia
431 882 515 923 ista
555 881 731 922 initium
772 880 1028 922 sumserint:
1063 893 1088 922 a
1120 880 1236 921 tristi
1266 877 1343 922 illa
1375 877 1528 937 Ceycis
1558 880 1848 937 navigatione.

247 951 352 995 Tam
397 950 611 1007 praeclara
654 954 799 993 autem
845 950 957 993 mihi
998 949 1127 993 lectio
1170 948 1248 992 illa
1280 948 1455 993 videtur
1483 953 1533 993 ut
1564 949 1733 995 credere
1763 963 1849 995 non

247 1025 409 1080 possim
449 1021 573 1065 illam
617 1023 862 1065 coniectura
902 1022 987 1064 viri
1030 1021 1166 1071 docti,
1207 1020 1406 1077 quamvis
1438 1024 1592 1064 acutus
1622 1023 1667 1064 et
1697 1019 1848 1065 doctus

252 1093 328 1136 ille
369 1094 524 1144 fuerit,
565 1094 827 1135 restitutam.
873 1092 958 1135 Hic
1003 1091 1267 1142 „deteriore”
1301 1091 1442 1135 codice
1473 1095 1670 1135 servatam
1699 1091 1848 1136 Ovidii

247 1177 427 1207 manum
459 1163 569 1206 mihi
601 1177 678 1220 pro
709 1167 824 1206 certo
857 1165 1020 1206 constat
1042 1162 1086 1215 ¹).

308 1234 446 1277 Locus
472 1233 568 1285 ille,
597 1235 671 1290 qui
695 1248 780 1290 quo
807 1233 934 1276 modo
961 1236 1072 1276 esset
1097 1232 1369 1289 accipiendus
1396 1246 1466 1276 me
1485 1232 1538 1276 ad
1554 1232 1847 1290 dispositionis

248 1304 651 1363 Ovidianaevlucem
679 1305 1074 1348 demonstraturum
1100 1302 1319 1360 pollicitus
1343 1318 1464 1354 sum,
1492 1303 1659 1361 legitur
1671 1295 1845 1348 in‘libro

246 1375 365 1419 XIII.
409 1375 626 1418 Lubenter
666 1377 710 1418 in
752 1389 801 1418 eo
841 1374 935 1418 loco
967 1377 1177 1418 immoror
1207 1375 1308 1431 quia
1337 1374 1701 1418 iucundissimum
1733 1373 1846 1419 mihi

245 1451 418 1503 tempus
449 1450 492 1489 et
524 1445 794 1489 dulcissimos
827 1447 986 1489 amicos
1017 1447 1062 1488 in
1094 1449 1285 1488 mentem
1318 1449 1503 1488 revocat.

305 1518 543 1574 Postquam
583 1519 629 1559 in
659 1531 878 1560 armorum
911 1517 1071 1560 iudicio
1103 1517 1156 1559 ab
1189 1520 1373 1572 utroque
1402 1515 1676 1574 litigantium
1709 1517 1845 1561 oratio

245 1592 311 1631 est
338 1588 486 1631 habita

307 1658 395 1702 382
427 1659 550 1702 Mota
581 1673 736 1701 manus
767 1672 990 1715 procerum
1024 1662 1089 1701 est
1121 1662 1164 1701 et
1195 1657 1298 1715 quid
1330 1657 1529 1701 facundia
1558 1661 1702 1715 posset

426 1729 488 1772 Re
519 1731 684 1786 patuit:
717 1729 925 1785 fortisque
958 1730 1043 1773 viri
1074 1728 1178 1771 tulit
1208 1742 1328 1772 arma
1360 1729 1558 1772 disertus.

242 1800 359 1844 Haec
402 1814 482 1857 ego
521 1814 605 1857 quo
637 1799 763 1843 modo
795 1802 882 1842 iam
915 1814 1022 1856 puer
1053 1800 1162 1842 mihi
1195 1802 1276 1842 sim
1309 1802 1615 1856 interpretatus
1645 1814 1748 1844 mox
1779 1799 1844 1843 di-

240 1886 358 1922 cam,
407 1871 480 1914 sed
525 1885 600 1928 per
642 1870 806 1914 multos
846 1885 977 1914 annos
1018 1870 1166 1914 eodem
1210 1871 1523 1928 interpretabar
1563 1871 1712 1924 modo;
1746 1871 1840 1915 fieri

242 1957 364 1999 posse
407 1946 457 1984 ut
499 1944 703 1985 existeret
744 1941 900 1999 aliquis
931 1943 1006 1998 qui
1038 1941 1175 1984 alium
1207 1944 1261 1984 iis
1292 1944 1430 1985 inesse
1462 1956 1637 1986 sensum
1667 1945 1839 2000 putaret

241 2013 319 2056 hoc
351 2013 461 2055 mihi
491 2027 544 2056 ne
575 2015 621 2055 in
653 2017 842 2056 mentem
874 2012 1047 2070 quidem
1078 2013 1276 2056 veniebat
1310 2026 1515 2069 unquam.
1547 2011 1737 2057 Tandem
1761 2012 1840 2057 ali·

240 2084 408 2140 quando
449 2085 494 2126 in
536 2085 766 2141 gymnasio
809 2083 1007 2126 Leidensi
1049 2084 1159 2126 mihi
1202 2083 1271 2126 hic
1311 2082 1431 2127 locus
1472 2098 1572 2127 cum
1614 2082 1839 2141 discipulis

238 2160 328 2198 erat
370 2155 629 2198 tractandus.
674 2155 780 2198 Ecce
822 2169 1056 2211 puerorum
1099 2169 1212 2197 unus
1245 2180 1300 2187 ——
1335 2156 1514 2198 minime
1556 2153 1719 2198 stultus
1759 2153 1837 2199 ille

238 2230 329 2268 erat
362 2251 418 2257 —
451 2227 691 2269 versionem
734 2226 845 2267 mihi
886 2226 1117 2277 recitabat,
1151 2239 1259 2281 quae
1291 2226 1401 2268 mihi
1433 2225 1663 2268 falsissima
1692 2225 1840 2269 absur-

237 2296 496 2353 dissimaque
525 2297 763 2339 videbatur.
798 2295 940 2339 Facile
967 2301 1115 2339 autem
1131 2300 1345 2340 errantem
1363 2297 1473 2339 mihi
1490 2298 1534 2339 in
1551 2298 1670 2340 viam
1686 2295 1839 2340 ductu-

238 2382 310 2409 rus
338 2367 524 2417 videbar,
552 2367 623 2410 sed
651 2382 788 2423 neque
814 2366 891 2410 ille
917 2382 1052 2424 neque
1079 2367 1395 2410 commilitones
1422 2369 1515 2410 eius
1542 2381 1719 2411 manum
1735 2367 1835 2415 dare

237 2438 455 2480 volebant:
500 2440 544 2480 in
587 2439 735 2481 eadem
778 2441 991 2481 sententia
1031 2439 1278 2495 perstabant
1309 2453 1478 2489 omnes,
1510 2452 1623 2481 unus
1652 2442 1695 2482 et
1726 2437 1836 2482 alter

237 2509 288 2551 ad
322 2511 680 2551 commentarium
714 2511 796 2552 sibi
827 2512 1069 2566 inspectum
1099 2510 1370 2566 provocabat.
1412 2509 1698 2565 Inspiciebam
1727 2522 1832 2567 ergo

235 2579 392 2629 libros,
426 2579 657 2622 adultiores
689 2580 980 2636 doctioresque
1013 2579 1285 2623 consulebam
1314 2605 1369 2612 -
1397 2594 1544 2622 omnes
1573 2593 1673 2622 cum
1700 2593 1833 2636 puero

237 2664 331 2691 meo
376 2650 510 2692 facere
553 2650 775 2700 videbam,
819 2665 888 2693 me
931 2665 1031 2693 cum
1071 2653 1310 2694 inveterata
1352 2664 1446 2693 mea
1487 2651 1684 2706 opinione
1716 2653 1830 2693 stare

284 2857 318 2898 1)
351 2857 391 2887 Et
422 2866 485 2896 quo
510 2855 609 2897 magis
632 2858 783 2898 appareat
806 2866 901 2897 quam
925 2857 967 2888 sit
993 2866 1101 2888 revera
1125 2854 1320 2887 Ovidiunum
1343 2854 1401 2886 illo
1429 2855 1517 2886 ‚tum
1539 2852 1591 2884 via
1614 2854 1686 2884 tuta
1709 2849 1830 2884 marie”

237 2911 391 2953 respicere
422 2910 502 2941 illud
536 2909 645 2950 Ceycis
676 2910 738 2941 iter
771 2910 854 2951 quod
886 2912 935 2942 tot
965 2911 1127 2952 tantisque
1157 2909 1256 2942 fuerit
1278 2907 1449 2941 obnoxium
1472 2906 1639 2950 periculis,
1665 2906 1770 2948 cogite
1792 2906 1832 2938 de

236 2965 294 2996 illo
332 2965 369 3002 X,
395 2964 465 3003 66);

593 3018 833 3060 Eurydicenque
857 3029 944 3050 suam
968 3018 1031 3050 ium
1057 3020 1127 3050 tuto
1149 3017 1278 3060 respicit
1300 3016 1459 3059 Orpheus.
