2034 3334
1021 371 1105 412 124

274 507 374 536 vero
422 507 575 547 corpus
621 498 813 547 reposuit
851 496 1182 538 Westerhovius
1222 508 1298 548 pro
1344 498 1494 539 alius
1539 498 1847 541 subaudiet

272 574 474 623 legendo:
500 565 503 570 ⁴
527 573 779 624 psallere
826 573 1065 614 subaudi
1109 575 1163 614 et
1203 574 1405 614 restim
1446 574 1664 615 ducere.
1705 574 1845 626 Quam

273 651 565 691 coniecturam
606 650 644 689 si
685 649 783 699 quis
824 650 919 690 ideo
960 650 1004 689 in
1045 650 1219 691 textum
1250 650 1543 700 recipiendum
1574 652 1704 701 neget
1733 651 1846 702 quod

272 737 298 766 a
323 726 483 766 tradita
507 726 691 766 lectione
712 726 898 766 nimium
916 727 1100 776 recedat,
1119 737 1263 777 prave,
1282 737 1354 766 me
1370 726 1521 777 iudice,
1540 725 1844 769 ratiocinetur:

271 803 522 843 testimonio
554 802 698 852 potius
729 802 804 842 illa
834 804 914 853 est,
948 813 1034 843 non
1065 813 1192 853 posse
1225 803 1527 843 commentarii
1558 803 1733 843 textum
1757 801 1846 844 leni

270 878 415 918 sanari
447 879 628 919 medela.

329 955 432 995 Hec.
476 955 551 1005 ΙΙΙ,
594 956 634 1005 4,
683 956 748 995 10.
793 955 916 995 Sosia
956 966 1122 1005 servus,
1166 955 1294 995 modo
1331 965 1431 996 cum
1462 954 1637 996 domino
1667 964 1844 1005 peregre

269 1041 482 1081 reversus,
527 1031 787 1071 Parmenoni
827 1042 953 1071 servo
995 1033 1144 1072 narrat
1174 1032 1280 1081 quot
1310 1032 1581 1081 quantasque
1611 1039 1845 1072 aerumnae
1927 1055 1934 1064 x

270 1107 313 1146 in
344 1107 456 1147 mari
487 1108 546 1147 sit
577 1118 820 1157 perpessus.

508 1183 610 1223 Dies
641 1184 832 1234 triginta,
867 1186 944 1224 aut
974 1184 1072 1234 plus
1104 1194 1167 1234 eo,
1201 1183 1246 1223 in
1277 1183 1380 1224 navi
1410 1184 1485 1235 fui,

506 1259 615 1299 Cum
648 1260 814 1300 interea
845 1270 1018 1310 semper
1048 1261 1238 1300 mortem
1269 1260 1579 1310 exspectabam
1609 1259 1757 1301 miser.

507 1336 574 1376 Ita
606 1347 741 1386 usque
773 1337 958 1376 advorsa
988 1337 1251 1386 tempestate
1283 1336 1352 1376 usi
1383 1346 1550 1376 sumus.

269 1412 350 1452 Hic
391 1413 626 1452 Parmeno:
674 1413 936 1463 „Odiosum”
980 1413 1212 1463 exclamat,
1256 1414 1386 1462 atque
1426 1413 1490 1452 sic
1525 1412 1666 1462 pergit
1695 1411 1842 1452 Sosia:

272 1487 424 1537 „Haud
465 1490 579 1528 clam
620 1499 692 1528 me
734 1490 845 1529 est.‘’
883 1489 949 1528 Ad
980 1489 1096 1529 hunc
1126 1489 1271 1529 locum
1302 1490 1347 1529 et
1377 1489 1463 1528 alia
1493 1488 1711 1539 adscripta
1738 1489 1845 1528 sunt

268 1565 312 1603 et
343 1565 471 1604 haec:
510 1565 666 1604 Haud
704 1565 846 1605 clam
883 1575 964 1605 me
992 1566 1094 1612 est]
1122 1564 1318 1616 ,.,Λιτότης
1344 1575 1420 1614 pro
1446 1564 1534 1615 Ego
1560 1563 1756 1604 maxime
1782 1564 1842 1604 in·

268 1640 414 1689 telligo
461 1652 593 1690 quam
639 1641 838 1681 odiosum
884 1642 955 1681 sit.
999 1642 1111 1681 Nam
1152 1641 1226 1690 qui
1266 1641 1450 1692 iungunt
1491 1642 1534 1681 et
1574 1640 1639 1681 sic
1677 1639 1841 1692 legunt,

267 1718 413 1756 errant
454 1718 498 1757 et
538 1728 623 1757 non
661 1717 951 1767 intelligunt.‘’
984 1718 1079 1757 Non
1110 1718 1258 1767 magni
1290 1718 1502 1758 momenti
1534 1717 1641 1758 haec
1671 1718 1741 1757 est
1770 1726 1841 1757 an-

267 1794 454 1842 notati03
483 1793 674 1842 aliquam
700 1795 849 1833 tamen
875 1794 1114 1833 utilitatem
1139 1794 1282 1844 habet,
1312 1794 1413 1843 quia
1438 1793 1562 1834 nobis
1587 1793 1842 1834 facultatem

266 1869 442 1918 praebet
488 1870 772 1919 cognoscendi
818 1871 1030 1918 quantum
1077 1870 1122 1909 in
1166 1869 1469 1910 Westerhovio
1510 1869 1641 1909 fuerit
1680 1867 1840 1919 ingenii

267 1956 472 1985 acumen:
506 1946 543 1985 is
575 1946 692 1985 enim
723 1946 855 1985 verba
886 1956 1017 1986 sensu
1050 1956 1176 1986 cassa
1206 1956 1328 1986 nam
1371 1945 1463 1995 qui
1505 1946 1748 1996 iungunt
1788 1945 1843 1986 et

266 2021 349 2061 sic
395 2022 590 2071 legunt
633 2023 827 2061 errant
868 2023 930 2062 ita
971 2023 1181 2062 correxit:
1224 2022 1355 2062 Nam
1398 2021 1490 2071 qui
1531 2021 1843 2071 seiungunt

267 2099 319 2136 et
360 2098 443 2137 sic
484 2098 684 2146 legunt
726 2098 851 2137 odio
894 2108 1035 2148 sum,
1081 2099 1289 2138 errant.
1876 2133 1886 2147 „v

325 2173 498 2213 Phorm.
528 2173 580 2222 II,
614 2175 650 2223 1,
679 2174 735 2213 43
763 2184 855 2223 sqq.
875 2174 1158 2224 Lepidissime
1176 2174 1387 2214 Phaedria
1402 2173 1583 2213 fratrem
1599 2172 1841 2222 patruelem

266 2250 559 2299 Antiphonem
602 2250 713 2299 apud
755 2250 872 2289 illius
914 2252 1083 2299 patrem
1125 2250 1315 2290 defendit
1353 2251 1397 2290 et
1433 2249 1531 2289 aliis
1571 2248 1842 2299 argumentis

267 2327 310 2364 et
342 2326 443 2365 hoc:
482 2326 552 2375 „Si
584 2326 680 2374 quis
713 2327 843 2366 homo
875 2328 1062 2376 astutus,
1095 2327 1145 2366 ut
1175 2326 1379 2366 Phormio
1411 2327 1490 2376 est,

504 2402 688 2441 Insidias
721 2403 894 2442 nostrae
926 2403 1029 2442 fecit
1060 2402 1387 2451 adolescentiae,

503 2478 565 2517 Ac
597 2478 714 2527 vicit,
748 2480 953 2518 nostrane
984 2488 1036 2518 ea
1067 2478 1193 2527 culpa
1224 2478 1292 2517 est
1323 2487 1378 2517 an
1410 2476 1633 2517 iudicum?

505 2554 583 2602 Qui
616 2564 744 2603 saepe
776 2555 949 2604 propter
980 2554 1189 2594 invidiam
1221 2553 1420 2593 adimunt
1451 2553 1589 2603 diviti,

504 2630 591 2668 Aut
623 2631 795 2678 propter
827 2630 1170 2670 misericordiam
1201 2629 1364 2669 addunt
1395 2629 1614 2678 pauperi.”

270 2705 330 2742 Ad
360 2705 487 2742 verba
516 2705 606 2752 qui
640 2716 807 2754 saepe
826 2728 879 2733 —
898 2706 1070 2745 diviti
1099 2705 1392 2745 annotationis
1419 2705 1604 2744 miserae
1625 2703 1839 2753 quaedam

266 2783 498 2827 supersunt
526 2781 729 2828 laciniae3
749 2781 907 2830 legitur
929 2782 1068 2821 enim:
1091 2782 1278 2831 „Notum
1296 2781 1422 2820 alteri
1439 2781 1512 2829 qui
1528 2779 1775 2828 invident”;
1792 2780 1840 2820 at

267 2856 485 2902 praeclara
508 2857 745 2903 sagacitate
763 2857 863 2905 quid
881 2857 985 2895 olim
1003 2858 1214 2906 scriptum
1230 2857 1361 2896 fuerit
1377 2855 1706 2895 Westerhovius
1721 2854 1837 2894 inve·

268 2930 466 2979 stigavit;
488 2932 669 2970 coniecit
686 2932 823 2970 enim:
847 2932 1033 2981 „Notum
1051 2932 1234 2973 alterare
1251 2932 1319 2972 ius
1330 2932 1404 2981 qui
1414 2931 1651 2971 invident.”
1665 2930 1838 2981 opusne
