2034 3334
0 3059 9 3309 2‚„‹,v-.-v---·1q⁴
0 2970 3 2998 υ-

971 243 1025 286 31

201 366 323 410 Nihil
366 367 449 409 isto
480 364 678 416 flosculo,
713 366 787 420 qui
819 364 924 407 duos
953 363 1109 420 implet
1140 378 1310 419 versuS,
1344 364 1501 407 dicitur
1531 378 1661 420 quam
1693 365 1795 407 hoc:

202 441 460 494 „postquam
491 435 759 492 aliquamdiu
791 439 1035 492 pugnatum
1068 435 1176 477 est.’'

263 507 351 551 824
380 522 468 564 sqq.
510 507 733 563 Nusquam
774 506 865 549 vidi
895 507 1133 562 imaginem
1163 507 1502 549 invenustiorem
1534 506 1679 557 hacce,
1714 520 1797 562 qua

206 593 356 635 corpus
379 577 558 622 Romuli
573 579 617 620 in
635 578 762 620 deum
780 579 971 620 conversi
988 581 1260 634 comparatur
1278 591 1376 620 cum
1393 577 1548 634 glande
1565 577 1796 627 Balearica,

208 663 316 705 quae
346 651 391 692 in
422 650 605 692 nubium
636 650 812 705 regione
843 647 1062 704 liquescit:

914 717 1078 775 Corpus
1111 718 1291 761 mortale
1323 733 1398 776 per
1430 733 1553 762 auras

383 790 611 848 Dilapsum
642 794 790 833 tenues
807 803 817 842 3
853 791 912 832 810
943 789 1031 832 lata
1061 789 1265 846 plumbea
1294 790 1424 832 funda

383 862 519 904 Missa
551 860 659 904 solet
691 860 831 903 medio
863 859 987 916 glans
1018 861 1277 903 intabescere
1308 860 1433 904 caelo.

199 931 341 989 Turpe
380 932 627 988 nescioquid
669 935 712 974 et
753 931 840 974 vile
883 931 1010 974 habet
1051 931 1319 973 intabescendi
1352 932 1554 983 verbum,
1588 931 1795 988 planeque

200 1007 266 1046 est
305 1003 536 1060 indignum
567 1017 651 1059 quo
683 1001 949 1059 significetur
979 1016 1131 1058 corpus
1166 1001 1339 1057 aliquod
1370 1006 1570 1045 naturam
1602 1002 1795 1046 divinam

197 1073 389 1116 induere.

262 1143 351 1187 830
379 1158 466 1200 sqq.
516 1144 563 1186 In
596 1144 763 1187 caelum
795 1143 988 1186 sublatus
1019 1144 1096 1186 ubi
1127 1148 1190 1186 est
1220 1143 1453 1195 Romulus,
1485 1144 1591 1188 Iuno

381 1216 469 1258 Irin
501 1216 553 1257 ad
585 1214 817 1258 Hersiliam
850 1214 1100 1257 descendere
1130 1214 1271 1257 limite
1302 1229 1431 1258 curvo

383 1285 572 1342 Imperat
603 1290 646 1328 et
677 1299 835 1328 vacuae
869 1299 945 1327 sua
975 1286 1034 1327 sic
1065 1285 1265 1328 mandata
1297 1286 1473 1329 referre:

386 1356 448 1408 „O
480 1361 522 1399 et
553 1356 604 1398 de
636 1356 780 1406 Latia,
812 1370 836 1398 o
868 1359 910 1398 et
942 1355 992 1398 de
1024 1360 1151 1412 gente
1184 1355 1338 1398 Sabina

382 1427 691 1483 Praecipuum,
724 1430 942 1477 matrona,
975 1426 1124 1478 decus,
1158 1426 1412 1483 dignissima
1444 1430 1554 1470 tanti

380 1498 491 1540 Ante
524 1498 655 1540 fuisse
687 1499 792 1548 viri,
825 1499 1008 1540 coniunx
1040 1511 1151 1540 nunc
1183 1511 1273 1540 esse
1306 1497 1488 1550 Quirini,

381 1568 492 1611 Siste
524 1573 621 1611 tuos
651 1567 821 1611 fletus.''

199 1638 382 1682 Minime
412 1639 644 1695 pulchrum
673 1638 784 1681 illud
810 1642 875 1681 est
901 1639 1012 1695 quod
1038 1641 1176 1694 ipsam
1210 1638 1535 1690 allocutionem,
1570 1654 1653 1696 qua
1689 1639 1793 1682 Iridi

199 1710 253 1752 ad
294 1710 529 1752 Hersiliam
559 1709 771 1752 utendum
804 1714 892 1760 est,
926 1711 966 1752 ei
997 1710 1171 1752 subiicit
1200 1709 1319 1752 Iuno.
1353 1709 1519 1762 Quanto
1552 1709 1792 1767 elegantius

197 1780 308 1823 foret
347 1782 514 1837 ipsique
555 1786 731 1823 naturae
763 1782 1011 1823 conveniret
1043 1782 1206 1837 magis,
1241 1782 1277 1822 si
1309 1780 1485 1823 dearum
1516 1783 1706 1823 maxima
1737 1782 1794 1824 fa-

201 1850 344 1893 mulae
386 1865 485 1894 suae
522 1851 822 1893 tantummodo
864 1853 1095 1907 imperaret
1126 1851 1229 1907 quid
1262 1855 1370 1894 esset
1404 1852 1714 1904 nuntiandum,
1750 1857 1793 1895 at

198 1921 301 1964 haec
331 1921 500 1972 deinde,
527 1920 709 1964 muliere
734 1920 810 1964 illa
836 1923 1041 1977 primaria
1067 1926 1312 1977 conspecta,
1341 1924 1636 1978 praemitteret
1661 1923 1792 1965 verba

199 1991 525 2034 admirationem
557 2005 679 2034 suam
712 1993 926 2034 testantia.

261 2061 346 2104 849
394 2062 491 2118 Ipsa
523 2075 689 2118 quoque
721 2061 909 2104 Hersilia
941 2061 1017 2104 dea
1047 2062 1158 2104 facta
1188 2064 1234 2103 in
1265 2061 1432 2104 caelum
1464 2063 1628 2105 evolat:

378 2131 502 2174 Hanc
532 2132 730 2174 manibus
761 2133 874 2174 notis
907 2131 1122 2174 Romanae
1155 2132 1348 2175 conditor
1378 2133 1496 2174 urbis

378 2202 551 2258 Excipit
583 2206 626 2244 et
657 2203 847 2257 priscum
878 2203 1038 2257 pariter
1069 2216 1169 2244 cum
1200 2216 1372 2257 corpore
1402 2217 1556 2245 nomen

379 2273 528 2315 Mutat
559 2272 806 2327 Horamque
838 2275 975 2314 vocat.

197 2342 313 2385 Illud
360 2343 466 2384 notis
514 2342 617 2398 quid
663 2342 745 2384 sibi
785 2341 892 2384 velit
933 2341 1245 2398 intelligimus,
1291 2342 1364 2385 sed
1406 2344 1615 2386 sentimus
1658 2344 1789 2387 simul

197 2427 327 2469 quam
368 2414 425 2455 sit
465 2411 746 2468 languidum,
789 2413 1083 2467 miramurque
1125 2426 1201 2454 cur
1240 2416 1365 2468 poeta
1407 2427 1490 2455 non
1521 2414 1590 2456 hic
1621 2428 1788 2471 quoque

196 2483 354 2537 cupidis
380 2484 619 2538 scripserit,
646 2492 696 2524 ut
724 2482 801 2532 XI,
821 2481 877 2524 63
906 2483 1156 2538 cupidisque
1183 2482 1458 2538 amplectitur
1482 2484 1607 2527 ulnis.
1640 2485 1789 2528 Cet-era

196 2554 258 2595 ita
300 2558 400 2594 sunt
442 2553 678 2607 composita
718 2557 768 2594 ut
809 2554 883 2594 vix
915 2551 1033 2594 aliud
1063 2552 1298 2608 quidquam
1330 2553 1426 2595 inde
1460 2553 1621 2596 efficere
1653 2557 1787 2611 possis

197 2637 325 2678 quam
368 2623 470 2665 hoc:
514 2638 538 2663 a
580 2622 748 2663 Romulo
789 2636 1038 2664 conversum
1081 2636 1171 2665 0880
1215 2622 1427 2666 Hersiliae
1466 2638 1640 2680 corpus,
1674 2625 1786 2682 quod

196 2707 331 2749 neque
364 2692 507 2736 voluit
538 2699 662 2748 poeta
693 2696 736 2734 et
767 2697 831 2735 cst
863 2692 1230 2735 absurdissimum.

255 2834 348 2886 XV,
384 2834 409 2878 7
459 2834 601 2877 Numa
644 2833 887 2890 Pompilius
928 2836 1046 2890 regio
1088 2836 1261 2876 nomine
1293 2837 1336 2877 et
1366 2849 1542 2878 munere
1573 2850 1656 2878 non
1687 2851 1784 2879 con-

198 2907 339 2947 tentus

826 2987 935 3030 quae
967 2975 1022 3016 sit
1053 2988 1197 3016 rerum
1227 2978 1380 3017 natura
1411 2977 1603 3031 requirit.
