2034 3334
1022 390 1105 430 164

334 518 400 558 15.
434 527 497 566 sq.
560 517 672 556 Nam
703 516 815 566 quod
846 515 921 556 isti
952 515 1101 556 dicunt
1131 514 1347 566 malevoli,
1382 514 1584 556 homines
1609 515 1776 558 nobiles

564 593 673 632 Eum
706 592 900 632 adiutare
932 591 1188 640 assidueque
1219 601 1306 631 una
1336 585 1574 632 scribere.'

270 669 630 717 Assidueque
676 678 783 707 una
828 667 1108 714 scribere]
1162 654 1274 717 „non
1314 667 1378 707 sic
1421 667 1525 707 dicit
1556 667 1842 718 adversarius,

270 745 345 784 sed
378 744 447 784 hic
481 744 667 784 oratorie
700 744 865 783 crimen
896 753 982 782 non
1013 743 1198 792 tangit.”
1232 742 1388 782 Mirum
1420 743 1501 783 hoc
1533 742 1721 784 officium
1752 753 1843 784 ora·

271 821 378 860 toris
410 820 575 860 crimen
607 820 660 860 ab
693 819 940 860 adversario
966 818 1183 869 prolatum
1214 828 1320 858 non
1352 820 1601 868 tangere.
1633 818 1720 859 Res
1750 819 1846 870 ipsa

271 895 461 936 declarat
486 897 586 945 quid
613 896 672 936 sit
698 895 941 945 legendum.
970 895 1139 935 Revera
1164 894 1354 935 Terentii
1381 895 1616 935 adversarii
1641 895 1846 936 dixerunt

272 973 558 1012 interdum
604 973 673 1012 vel
716 983 883 1022 saepe
915 982 1016 1012 eum
1048 982 1074 1012 a
1104 971 1319 1012 nobilibus
1353 971 1563 1022 adiutum,
1596 981 1683 1012 non
1712 973 1843 1012 sem·

270 1059 364 1098 per
405 1049 475 1088 vel
507 1049 751 1088 assidue.
785 1048 1012 1088 Terentius
1043 1049 1205 1099 autem,
1240 1058 1322 1097 quo
1355 1047 1513 1087 melius
1544 1047 1648 1088 illud
1680 1047 1844 1088 crimen

269 1124 449 1173 refellat,
499 1125 540 1164 id
586 1125 691 1164 facit
737 1126 847 1174 quod
896 1126 1088 1164 oratores
1134 1124 1288 1174 solent,
1331 1125 1381 1164 ut
1421 1125 1674 1174 augendo
1715 1125 1844 1173 atque

270 1202 669 1251 exaggerando
721 1201 840 1250 prius
886 1201 1037 1240 reddat
1083 1200 1326 1240 ridiculum.
1375 1200 1457 1240 Pro
1503 1210 1609 1240 non
1654 1199 1845 1250 tangit

271 1279 418 1316 autem
466 1278 590 1316 extat
638 1277 758 1316 varia
803 1276 930 1316 lectio
980 1276 1274 1325 impingit,
1324 1276 1368 1315 in
1410 1286 1493 1325 quo
1523 1275 1633 1316 latet
1662 1274 1844 1316 verbum

270 1353 549 1403 aptissimum
582 1353 635 1392 ad
666 1351 998 1402 significandum
1031 1352 1072 1392 id
1104 1352 1216 1401 quod
1249 1351 1468 1392 dicebam:
1502 1351 1768 1392 intendit.

332 1430 401 1469 23.
434 1439 497 1478 sq.
592 1429 726 1468 Senes
757 1429 830 1478 qui
861 1429 990 1478 primi
1022 1428 1210 1478 venient,
1245 1428 1275 1467 ii
1306 1430 1476 1477 partem
1507 1427 1723 1478 aperient:

595 1505 644 1544 In
676 1506 840 1554 agendo
871 1506 1041 1554 partem
1073 1505 1316 1544 ostendent.

330 1582 396 1621 Ad
428 1580 559 1620 verba
591 1581 644 1620 in
676 1581 890 1630 agendo
921 1582 1141 1630 partem
1173 1581 1481 1620 ostendent
1511 1581 1743 1620 annotatur
1772 1580 1844 1621 hic

272 1667 368 1696 esse
415 1654 705 1708 ἀποσιώπησιν,
751 1667 860 1706 quae
908 1657 1131 1696 annotatio
1179 1656 1272 1706 hoc,
1315 1657 1366 1695 ut
1407 1656 1568 1706 opinor,
1611 1656 1694 1696 sibi
1723 1656 1841 1697 vult:

272 1733 389 1772 verbi
446 1733 754 1772 ostendent
801 1733 1014 1771 omissum
1062 1742 1158 1771 esse
1205 1732 1449 1772 subiectum
1496 1732 1679 1773 iidem.
1727 1732 1843 1783 Quae

271 1811 532 1858 sequuntur:
570 1808 665 1858 „hic
697 1809 813 1848 enim
851 1809 940 1848 iam
976 1819 1062 1848 non
1099 1818 1227 1848 senes
1263 1808 1498 1857 accipiendi
1534 1810 1682 1848 essent
1707 1808 1843 1849 immo

270 1886 413 1935 potius
447 1887 614 1924 ceterae
647 1885 883 1934 personae”
917 1895 1030 1924 nunc
1061 1885 1125 1924 sic
1157 1884 1404 1934 accipienda
1435 1886 1538 1924 sunt
1567 1885 1617 1924 ut
1648 1886 1844 1925 essent

272 1962 352 2000 sit:
402 1960 659 2009 alioquin
708 1961 806 2007 (nisi
847 1971 923 2010 per
963 1957 1240 2011 ἀποσιώπησιν
1271 1960 1415 1999 10011111
1446 1961 1842 2010 interpretaremur)

274 2038 482 2076 essent.
515 2037 638 2078 Nunc
668 2039 767 2086 apte
799 2037 906 2076 haec
937 2037 1173 2076 adduntur:
1211 2036 1312 2086 „sed
1340 2036 1422 2085 ipsi
1447 2046 1575 2076 senes
1602 2036 1646 2077 in
1662 2037 1843 2076 statario

275 2114 521 2153 charactere
553 2116 721 2164 partem
755 2113 959 2163 aperient,
994 2112 1038 2151 in
1069 2112 1254 2151 motorio
1285 2113 1455 2161 partem
1486 2112 1758 2152 ostendent.”

336 2264 367 2303 Ι.
405 2266 440 2314 1,
479 2266 514 2304 1.
550 2265 779 2310 Storax]
817 2263 1020 2313 „nomina
1049 2272 1331 2311 personarum
1363 2262 1406 2301 in
1439 2262 1660 2303 comoedia
1684 2262 1842 2303 habere

275 2341 432 2379 debent
462 2341 676 2380 rationem
709 2342 752 2379 et
784 2339 1106 2388 etymologiam.
1140 2338 1311 2377 Etenim
1344 2338 1577 2378 absurdum
1605 2340 1684 2389 est,
1712 2339 1841 2380 comi-

277 2427 375 2456 cum
418 2418 564 2465 aperte
597 2416 853 2465 argumenta
884 2413 1137 2463 confingere,
1171 2413 1239 2452 vel
1272 2423 1430 2452 nomen
1461 2424 1669 2462 personae
1699 2414 1840 2455 incon·

276 2503 431 2541 gruum
473 2493 586 2541 dare,
630 2492 699 2530 vel
741 2491 928 2530 officium
969 2490 1080 2539 quod
1112 2489 1171 2528 sit
1201 2499 1228 2528 a
1258 2489 1432 2528 nomine
1464 2490 1728 2530 diversum.”
1759 2490 1841 2531 Pro
1889 2528 1892 2531 .

277 2569 608 2617 confingere
679 2568 908 2616 legendum
969 2566 1140 2605 videtur
1201 2565 1649 2614 confingentem:
1714 2575 1840 2617 „cum

277 2644 453 2682 dubium
496 2654 580 2682 non
622 2643 680 2682 sit
722 2643 823 2691 quin
866 2642 1056 2682 comicus
1098 2641 1189 2690 ipse
1225 2651 1303 2680 suo
1345 2640 1555 2680 arbitratu
1585 2643 1843 2691 argumenta

277 2719 503 2768 confingat,
549 2720 781 2758 absurdum
823 2719 882 2758 sit
922 2728 1022 2757 eum
1054 2707 1249 2766 personis
1280 2717 1380 2756 dare
1413 2718 1590 2756 nomina
1619 2717 1840 2766 officiaque

276 2796 387 2834 inter
419 2806 465 2833 se
498 2795 750 2833 certantia.’'

338 2872 558 2919 Sequitur:
598 2871 714 2919 „Nisi
747 2881 821 2919 per
852 2868 1089 2921 ἀντίφρασιν
1116 2879 1275 2908 nomen
1302 2869 1556 2918 imposuerit
1581 2869 1837 2920 ioculariter,

278 2951 323 2986 ut
368 2948 405 2985 M
419 2958 515 2995 ysa
530 2958 625 2995 rgy
639 2948 790 2985 rides
832 2947 874 2984 in
916 2946 1068 2985 Plauto
1109 2946 1263 2984 dicitur
1300 2946 1522 2994 trapezita.
1555 2946 1609 2985 Et
1639 2946 1727 2986 fere
1758 2946 1839 2986 hoc
