2034 3334
962 361 1017 403 87

242 491 426 532 iocosam
456 488 625 530 Horatii
658 487 710 530 de
742 487 997 542 heredipetis
1029 485 1281 542 reprehendi
1314 486 1486 528 satiram
1519 484 1589 540 (ΙΙ,
1617 485 1671 540 5),
1698 484 1745 526 id

244 571 459 622 tamquam
492 565 771 607 falsissimum
804 563 1008 606 Hertzius
1039 562 1251 606 refutavit.

303 643 439 688 Multo
486 642 622 684 maior
661 641 756 683 laus
799 644 863 683 est
906 653 991 695 qua
1022 643 1190 695 poetam
1223 642 1402 681 exornat
1434 638 1744 680 Petronius

243 720 372 774 (118),
404 719 479 774 qui
514 717 682 760 Horatii
714 718 996 760 curiosam
1028 716 1375 759 felicitatem
1408 729 1495 769 una
1525 728 1625 758 cum
1655 714 1744 757 Ho-

243 808 359 838 mero
394 794 663 855 Virgilioque
694 794 896 836 nominat.

250 855 258 858 β
301 872 490 915 Pertinet
534 874 677 914 autem
721 883 769 913 ea
811 870 907 912 laus
949 870 1002 912 ad
1033 869 1212 911 formam
1244 869 1492 925 praesertim
1527 881 1744 922 versuum,

241 961 493 1002 sermonem,
525 947 755 990 verborum
788 947 1012 990 delectum.

301 1024 701 1076 Quintilianus
733 1023 804 1078 (X,
838 1024 876 1078 1,
909 1023 979 1076 96)
1011 1026 1238 1079 postquam
1265 1021 1494 1064 Horatium
1524 1022 1744 1064 satiricum

243 1102 424 1144 summis
467 1100 622 1144 extulit
662 1099 864 1143 laudibus
896 1103 938 1142 et
969 1099 1132 1142 iambos
1164 1100 1257 1142 eius
1290 1099 1442 1141 leviter
1472 1098 1612 1154 attigit
1642 1098 1746 1140 haec

242 1177 379 1220 addit:
433 1176 709 1232 „Lyricorum
755 1176 870 1219 idem
916 1175 1121 1218 Horatius
1169 1175 1258 1218 fere
1300 1174 1419 1218 solus
1459 1175 1544 1231 legi
1575 1174 1744 1231 dignus.

242 1254 352 1297 Nam
401 1257 443 1297 et
488 1254 673 1310 insurgit
719 1253 948 1309 aliquando
996 1256 1038 1295 et
1078 1252 1232 1308 plenus
1275 1255 1340 1295 est
1380 1251 1673 1306 iucunditatis,
1706 1255 1747 1294 et

242 1331 390 1388 gratiis
422 1334 464 1374 et
495 1331 626 1372 variis
656 1329 808 1386 figuris
841 1333 882 1372 et
914 1329 1057 1372 verbis
1088 1329 1333 1371 felicissime
1371 1327 1555 1371 audax.'’

301 1407 467 1450 Floruit
514 1410 656 1450 autem
698 1406 929 1449 Petronius
971 1405 1275 1462 SPQAEEQUQ
1307 1403 1599 1456 Quintilianus
1633 1406 1746 1448 circa

241 1498 277 1526 a.
311 1485 366 1526 35
399 1497 437 1540 p.
456 1483 498 1526 O.
546 1486 675 1526 natus
718 1486 803 1526 est:
846 1483 1019 1525 illorum
1061 1495 1160 1539 ergo
1205 1485 1319 1526 aetas
1353 1481 1405 1525 ab
1438 1481 1607 1525 Horatii
1639 1483 1742 1525 satis

240 1564 305 1604 est
335 1564 508 1604 remota.

300 1636 616 1680 Caecilium
648 1636 961 1693 Epirotam,
992 1636 1192 1679 libertum
1226 1637 1373 1692 Attici,
1401 1636 1631 1679 Horatium
1660 1637 1744 1679 dis-

243 1714 397 1770 cipulis
443 1715 534 1756 suis
577 1726 796 1756 enarrasse
837 1713 1040 1756 Hertzius
1072 1705 1301 1756 contendit.
1334 1713 1580 1756 Admodum
1615 1712 1745 1756 dubia

242 1804 311 1834 res
358 1794 432 1833 est.
479 1789 599 1846 Haec
641 1791 756 1832 enim
800 1790 852 1832 de
894 1802 943 1832 eo
986 1793 1087 1832 sunt
1128 1789 1321 1832 Suetonii
1354 1789 1506 1833 verba:
1546 1790 1745 1844 „Primus

245 1867 400 1910 dicitur
441 1866 590 1910 Latine
631 1879 686 1909 ex
722 1870 910 1922 tempore
942 1866 1196 1922 disputasse,
1228 1868 1481 1922 primusque
1513 1866 1744 1923 Virgilium

245 1946 288 1986 et
319 1943 424 1986 alios
454 1946 599 1999 poe’tas
631 1956 765 2000 noyos
796 1943 1037 1999 praelegere
1069 1942 1299 1999 coepisse.”

305 2019 370 2062 De
410 2019 639 2062 Valerio
686 2018 864 2062 Probo
907 2033 984 2075 pro
1027 2023 1140 2062 certo
1177 2023 1354 2062 constat.
1384 2019 1428 2062 Is
1461 2021 1576 2063 enim
1609 2019 1746 2062 Hora-

247 2096 355 2139 tium
395 2096 611 2138 recensuit
651 2095 999 2151 teste—Suetonio
1030 2096 1085 2147 in,
1107 2096 1267 2139 Anecd.
1301 2095 1435 2139 Paris.
1468 2096 1596 2152 (apud
1626 2096 1745 2140 Reiff.
1780 2127 1783 2133 s

198 2227 208 2231 -
246 2186 286 2229 p.
320 2172 591 2224 137—141):
629 2171 735 2225 „His
768 2173 841 2226 (sc.
874 2172 1002 2224 notis)
1034 2172 1136 2215 solis
1167 2173 1212 2214 in
1240 2172 1589 2216 annotationibus
1615 2173 1746 2215 Ennii
1769 2195 1784 2236 ss
1818 2171 1886 2206 >¹²⁸
1942 2176 1947 2184 '

248 2247 404 2290 Lucilii
435 2250 476 2290 et
506 2247 805 2290 historicorum
839 2249 909 2290 usi
939 2252 1042 2291 sunt
1074 2248 1364 2304 Vargunteius
1390 2249 1560 2292 Ennius
1576 2249 1746 2292 Aelius-

250 2337 334 2380 que
374 2327 416 2367 et
456 2327 670 2379 postremo
699 2323 866 2367 Probus
899 2326 975 2380 qui
1005 2325 1100 2367 illas
1131 2326 1178 2367 in
1208 2325 1390 2381 Virgilio
1423 2329 1464 2368 et
1495 2325 1673 2368 Horatio
1707 2329 1747 2369 et

248 2399 445 2443 Lucretio
501 2402 700 2456 apposuit
745 2403 793 2443 ut
839 2400 1026 2444 Homero
1072 2401 1388 2444 Aristarchus.''
1434 2402 1557 2445 Vixit
1604 2407 1745 2446 autem

250 2477 568 2520 eruditissimus
624 2476 696 2519 ille
745 2478 1048 2538 grammaticus
1097 2478 1242 2520 eodem
1289 2478 1376 2521 fere
1423 2481 1614 2534 tempore
1660 2493 1746 2535 quo

90 2593 104 2613 Ἰ
252 2551 545 2603 Quintilianus
577 2556 618 2595 et
647 2537 906 2608 Propeftiiis,
939 2557 1003 2596 sat
1035 2554 1109 2596 diu
1142 2567 1241 2610 ergo
1273 2558 1368 2610 post
1399 2555 1637 2598 Horatium.
1828 2615 1831 2620 ‹

311 2629 573 2672 Velleius
618 2628 960 2672 Paterculus
1007 2633 1141 2673 aetate
1182 2630 1359 2673 Horatio
1401 2631 1536 2674 multo
1578 2633 2013 2688 propior

253 2705 324 2761 (Π,
357 2705 427 2760 36)
475 2704 705 2761 Catullum,
751 2704 995 2761 Virgilium,
1035 2706 1264 2762 Tibullum,
1306 2706 1510 2750 Ovidium
1543 2710 1748 2765 nominat,

255 2782 307 2825 de
350 2781 530 2824 Horatio
575 2785 696 2824 tacet.
738 2781 802 2825 De
831 2782 1044 2825 industria
1076 2796 1175 2826 eum
1208 2787 1347 2826 tacere
1378 2785 1678 2828 contenderem
1710 2788 1747 2829 si

254 2862 464 2901 constaret
493 2871 527 2901 e.
558 2872 646 2914 cap.
682 2858 764 2900 102
792 2858 983 2902 eiusdem
1015 2858 1114 2901 libri
1147 2873 1347 2916 apparere
1379 2860 1607 2905 Horatium
1641 2862 1740 2906 Vel·
1792 2891 1795 2894 >
