2034 3334
952 367 1007 405 63

201 504 274 544 „se
314 493 503 543 primum
543 493 810 542 interposuit,
853 493 902 530 ut
943 490 1286 530 adolescentulus
1318 491 1468 540 potuit,
1502 490 1590 530 iam
1621 491 1756 530 fracto

197 569 378 608 milite.”
1219 563 1221 565 ’
1440 621 1443 625 Α

257 646 551 686 Convitiorum
583 645 755 684 illorum
786 653 921 682 unum
953 644 1020 681 est
1052 646 1129 689 (vs,
1165 642 1286 688 798)’;
1324 642 1581 691 „Furcifen”
1616 642 1757 681 Perite

198 724 344 762 autem
372 722 551 761 annotat
578 719 840 758 Scholiasta:
873 718 1141 768 „incongrue,
1170 719 1219 756 ut
1246 718 1471 766 imperitus
1494 718 1754 767 adolescens,

196 798 378 837 liberum
419 796 647 836 servilibus
689 795 888 834 convitiis
920 793 1154 843 exagitat.”
1189 793 1248 832 Cf.
1283 794 1335 832 ad
1368 794 1465 843 862,
1499 794 1572 832 ubi
1603 794 1759 833 ancilla

198 884 248 913 eo
279 873 452 912 nomine
484 872 632 911 utitur.

255 950 430 989 Placare
456 948 601 987 studet
626 947 943 986 adolescentem
969 945 1110 984 subito
1133 945 1377 984 animosum
1394 945 1558 985 factum
1575 945 1756 995 Gnatho,

198 1026 300 1074 quin
326 1025 459 1064 etiam
484 1023 677 1062 medium
703 1033 750 1061 se
777 1022 1020 1071 interponit,
1040 1021 1150 1069 quod
1168 1022 1344 1070 apparet
1360 1032 1414 1060 ex
1431 1022 1585 1072 verbis,
1606 1022 1758 1071 quibus

199 1111 299 1139 eum
341 1100 570 1148 alloquitur
611 1099 816 1138 Chremes
857 1109 920 1136 vs.
956 1098 1063 1137 799:
1101 1097 1220 1145 „Non
1251 1099 1298 1135 tu
1330 1097 1429 1136 hinc
1461 1097 1553 1135 abis
1565 1098 1613 1136 ‘?”
1647 1097 1757 1136 Tum

198 1176 339 1215 subito
372 1176 442 1215 ille
475 1176 527 1214 ad
559 1175 745 1214 militem
778 1184 1009 1213 conversus
1043 1176 1119 1219 (vs.
1154 1174 1238 1212 800
1271 1176 1372 1221 sq.):

319 1252 417 1290 Scin
444 1253 491 1290 tu
517 1253 566 1290 ut
592 1251 669 1290 tibi
696 1261 765 1289 res
792 1261 838 1288 se
865 1250 1053 1289 habeat?
1081 1250 1117 1287 si
1135 1250 1363 1297 quicquam
1380 1249 1504 1287 hodie
1521 1250 1590 1288 1110
1607 1250 1757 1288 turbae

1481 1326 1697 1374 [coeperis,

317 1404 490 1442 Faciam
522 1405 570 1442 ut
601 1402 728 1441 huius
759 1402 841 1441 loci
874 1402 1039 1449 dieique
1071 1401 1240 1449 meique
1273 1411 1443 1449 semper
1468 1401 1732 1440 memineris.

258 1479 339 1519 Hic
371 1479 562 1518 Gnatho:

317 1555 489 1594 Miseret
529 1554 593 1592 tui
634 1564 717 1603 me,
751 1553 822 1602 qui
854 1553 967 1592 hunc
998 1554 1170 1591 tantum
1202 1552 1422 1591 hominem
1455 1553 1589 1591 facias
1621 1553 1757 1591 inimi-

1461 1630 1575 1674 [cum
1607 1629 1697 1667 tibi.

199 1706 329 1745 Vides
371 1716 500 1754 quam
542 1707 738 1754 paratam
779 1705 937 1743 habeat
979 1703 1147 1742 Gnatho
1190 1703 1443 1742 simulatam
1485 1704 1604 1742 illam
1647 1715 1757 1742 com-

200 1782 524 1820 miserationem
575 1781 799 1819 hominum
846 1780 918 1828 qui
965 1790 1041 1817 suo
1089 1779 1194 1827 Regi
1241 1779 1534 1818 adversentur.
1584 1778 1657 1824 (Cf.
1707 1780 1759 1817 ad
1805 1813 1808 1816 ,

202 1867 266 1895 vs.
299 1857 412 1903 418).

263 1931 505 1979 Sequuntur
535 1932 640 1970 haec
674 1933 811 1978 (803):

319 2006 567 2045 Diminuam
604 2018 681 2055 ego
707 2007 785 2045 tibi
813 2008 940 2055 caput
965 2006 1089 2045 hodie
1116 2006 1199 2045 nisi
1227 2006 1331 2046 abis,
1360 2007 1443 2045 Ain
1471 2017 1584 2056 vero,
1610 2007 1759 2046 canis?

322 2083 461 2122 Sicine
493 2083 617 2132 agis?

204 2158 285 2197 Hic
325 2159 456 2197 verba
496 2158 811 2196 Diminuam
857 2179 907 2185 —
952 2157 1072 2195 abis
1114 2158 1216 2205 quin
1253 2157 1471 2196 Chremeti
1503 2159 1642 2198 danda
1672 2159 1760 2198 sint

202 2244 287 2272 non
333 2235 400 2272 est
446 2234 634 2272 dubium.
676 2232 737 2271 De
779 2233 932 2271 ceteris
973 2233 1210 2271 videamus.
1255 2233 1431 2281 Semper
1472 2232 1520 2271 fit
1562 2233 1761 2272 audacior

204 2309 408 2348 Chremes
449 2311 492 2347 et
532 2309 724 2347 blandior
764 2307 992 2356 parasitus.
1036 2308 1129 2346 Non
1171 2318 1269 2356 ergo
1311 2319 1336 2346 a
1376 2309 1564 2357 parasito
1597 2309 1760 2348 dictum

205 2385 350 2424 credo:
378 2385 481 2423 Ain
511 2394 663 2433 vero,
693 2384 882 2422 canis?
908 2393 1054 2431 neque·
1074 2383 1251 2422 credidit
1279 2384 1530 2434 Scholiasta,
1559 2384 1631 2432 qui
1657 2384 1760 2423 illud

205 2461 361 2502 canis
407 2460 643 2499 convitium
690 2459 877 2498 militare
924 2459 1037 2497 dicit.
1083 2459 1163 2497 Sed
1205 2459 1386 2498 sicine
1428 2459 1550 2512 agis
1592 2460 1759 2508 egregie

203 2536 442 2585 parasitum
489 2536 631 2574 decet:
680 2536 747 2573 est
793 2534 908 2573 enim
954 2534 1107 2572 leniter
1148 2534 1408 2584 increpantis
1450 2535 1493 2572 et
1535 2535 1759 2573 conciliare

204 2611 430 2650 studentis.
473 2610 567 2648 Non
609 2611 675 2648 est
715 2609 974 2648 luculentius
1017 2609 1265 2658 exemplum
1307 2620 1437 2657 quam
1465 2610 1574 2657 quod
1605 2620 1669 2649 vs.
1704 2611 1758 2649 99

203 2686 371 2736 legitur,
414 2686 486 2724 ubi
521 2685 675 2724 iisdem
706 2685 848 2723 verbis
879 2684 1032 2723 leniter
1063 2676 1376 2723 Parmenonem
1408 2685 1599 2733 increpat
1630 2685 1760 2723 Thais

205 2762 315 2809 quod
346 2762 498 2800 herum
531 2761 708 2813 inst‘i’get
739 2770 837 2798 cum
869 2759 1101 2808 placandus
1133 2759 1194 2798 illi
1227 2761 1354 2799 esset.

268 2837 400 2886 „Quid
426 2838 474 2875 tu
499 2836 577 2874 tibi
603 2837 670 2874 vis
681 2836 729 2874 ‘?”
759 2846 783 2873 a
809 2835 947 2873 milite
973 2837 1148 2883 rogatus
1175 2834 1379 2882 Chremes
1397 2836 1434 2874 ei
1451 2845 1543 2874 rem
1561 2835 1757 2883 exponit:

205 2912 384 2950 liberam
416 2922 510 2950 esse
537 2911 656 2950 illam
683 2911 894 2959 virginem
921 2921 1050 2958 quam
1076 2910 1203 2949 miles
1228 2912 1358 2959 petat,
1389 2911 1540 2959 civem,
1569 2921 1759 2949 sororem
