2034 3334
866 361 948 402 179

150 485 348 542 Denique
392 484 559 527 Horatii
606 498 793 541 carmen,
840 485 878 527 si
924 487 1059 527 totum
1106 488 1284 540 spectas,
1315 485 1651 528 commendabile

152 561 331 616 videtur,
363 560 505 604 Ovidii
537 574 689 603 versus
721 564 1068 603 ornamentorum
1094 562 1298 603 varietate
1322 561 1457 604 risum
1477 564 1652 604 movent

153 638 584 693 admirationemque3
632 637 839 680 Horatius
881 637 933 680 ab
974 638 1096 680 initio
1141 638 1194 680 ad
1233 637 1362 681 finem
1398 651 1528 681 unam
1562 651 1648 682 rem

153 714 440 757 demonstrare
486 714 628 756 studet
671 713 839 770 sibique
880 715 926 756 in
957 726 1006 756 ea
1038 717 1226 767 constat;
1261 713 1444 757 Ovidius
1476 727 1575 756 vero
1607 716 1652 756 in

152 796 401 846 argumento
448 803 526 832 suo
572 791 752 845 lascivit,
794 793 842 832 ut
881 791 941 832 ita
983 790 1144 843 dicam3
1190 794 1238 832 ut
1278 795 1342 833 est
1373 792 1464 846 ipse
1495 791 1653 833 amoris

151 866 304 921 plenus
345 867 404 908 ita.
445 879 595 909 verum
639 866 852 922 quendam
894 879 1080 908 amorem
1124 867 1285 922 singuli
1316 870 1528 909 testantur
1563 880 1654 909 ora-

152 942 281 984 tionis
314 941 502 995 flosculi3
535 942 931 998 frequentissimum
959 946 1023 985 est
1050 942 1164 998 apud
1191 943 1313 984 illum
1341 943 1385 984 τὸ
1411 942 1519 996 παρὰ
1537 957 1651 995 προσ-

155 1016 295 1059 δοκίαν.
332 1017 537 1060 Omnium
570 1031 669 1060 vero
703 1018 1010 1061 facetissimum
1037 1018 1209 1061 videtur
1236 1019 1351 1074 quod
1376 1020 1421 1061 in
1438 1019 1524 1062 fine
1541 1020 1653 1062 dicit.

155 1094 224 1137 Sic
255 1096 368 1136 enim
401 1095 597 1136 ancillam
631 1095 886 1150 alloquitur:
918 1094 1058 1149 „Quid
1085 1095 1418 1151 deliquissemus
1436 1096 1651 1137 dominam

155 1183 292 1213 meam
341 1175 547 1227 tuamque
590 1175 675 1213 tam
717 1171 898 1214 fideliter
938 1171 1071 1213 celavi
1115 1175 1163 1213 ut
1195 1172 1321 1213 etiam
1352 1172 1653 1214 iusiurandum

157 1246 343 1288 dederim
387 1247 448 1288 nil
489 1259 581 1289 esse
618 1260 749 1302 quare
782 1247 861 1289 tibi
893 1251 1176 1290 succenseret.
1209 1247 1337 1290 Nunc
1368 1249 1524 1290 iustam
1558 1262 1582 1290 a
1613 1253 1655 1291 te

160 1323 397 1366 mercedem
427 1323 584 1379 flagito,
617 1337 745 1379 quam
778 1325 816 1366 si
847 1325 1017 1379 negaris

335 1422 516 1479 Quoque
546 1424 638 1466 loco
670 1428 812 1467 tecum
843 1424 997 1467 fuerim
1031 1425 1327 1480 quotiensque,
1359 1424 1550 1481 Cypassi,

392 1499 584 1542 Narrabo
618 1500 814 1542 dominae
847 1504 1037 1556 quotque
1071 1501 1317 1557 quibusque
1347 1501 1526 1543 modis.''

155 1608 268 1651 Illud
286 1583 289 1585 ι
314 1612 456 1651 autem
504 1613 756 1664 quotque
796 1609 1119 1665 quibusque
1162 1610 1341 1652 modis
1383 1612 1509 1653 etiam
1542 1611 1655 1666 apud

157 1683 375 1727 Tibullum
408 1684 477 1740 (H,
510 1685 549 1740 6,
584 1686 654 1739 52)
685 1685 866 1741 legitur:

333 1794 453 1837 Tunc
483 1796 642 1837 morior
673 1796 800 1851 curis,
831 1799 934 1838 tunc
965 1809 1086 1839 mens
1118 1797 1223 1839 mihi
1252 1797 1416 1853 perdita
1447 1797 1572 1854 fingit

396 1871 556 1922 Quisve
585 1885 721 1915 meam
756 1876 908 1929 teneat,
942 1877 1047 1929 quot
1078 1877 1273 1917 teneatve
1300 1875 1438 1917 modis

157 1985 199 2024 et
244 1994 410 2037 semper
455 1982 654 2024 omnibus
699 1982 833 2025 fuisse
878 1984 1045 2026 eroticis
1093 1982 1386 2026 Romanorum
1432 1985 1567 2040 poetis
1611 1985 1656 2026 in

159 2059 321 2102 deliciis
369 2060 465 2115 quis
493 2057 715 2116 negabit?
763 2059 846 2102 Sed
893 2074 1023 2116 quam
1067 2061 1191 2116 plane
1222 2074 1383 2103 novum
1417 2065 1492 2115 est,
1526 2074 1654 2116 quam

157 2148 257 2178 vere
305 2134 564 2178 Ovidianum
607 2136 722 2191 quod
753 2149 809 2178 ex
841 2148 889 2178 eo
923 2135 1104 2178 Ovidius
1135 2136 1246 2178 fecit.
1279 2135 1478 2191 Denique
1508 2150 1577 2178 res
1609 2149 1657 2179 eo

159 2212 269 2263 redit
300 2215 348 2254 ut
378 2212 627 2255 incredibile
659 2212 766 2254 mihi
797 2212 993 2254 videatur
1024 2211 1177 2254 Ovidio
1210 2212 1384 2267 elegiam
1420 2213 1472 2254 ad
1501 2212 1657 2268 Cypas-

160 2288 293 2329 sidem
340 2287 541 2330 scribenti
587 2289 633 2329 in
681 2300 784 2330 aure
832 2288 900 2330 vel
945 2289 989 2329 in
1038 2291 1180 2330 mente
1225 2288 1359 2331 fuisse
1400 2288 1566 2330 Horatii
1608 2289 1659 2331 de

161 2362 358 2416 Phyllide
389 2376 570 2405 carmen.

218 2437 283 2481 De
315 2452 486 2482 aurea
516 2442 702 2481 aetate
731 2452 880 2482 omnes
906 2439 994 2482 fere
1010 2440 1131 2482 latini
1148 2443 1295 2496 poetae
1311 2441 1475 2496 aliquid
1492 2441 1659 2496 habent,

161 2515 463 2558 diversissimis
511 2515 616 2558 locis
662 2516 770 2558 illud
817 2516 1019 2558 adhibent
1064 2521 1373 2571 ornamentum,
1416 2518 1490 2560 sed
1521 2519 1580 2560 ita
1613 2523 1660 2561 ut

162 2592 369 2647 quaedam
426 2591 636 2633 vocabula
691 2595 732 2633 et
777 2591 991 2633 felicitatis
1037 2592 1232 2647 exempla
1277 2597 1499 2636 recurrant
1545 2595 1660 2649 apud

162 2680 319 2710 omnes.
368 2667 573 2709 Horatius
622 2680 794 2722 quoque
840 2667 912 2709 illo
961 2681 1065 2710 usus
1112 2672 1176 2711 est
1221 2668 1352 2724 idque
1399 2670 1504 2725 (ipsa
1547 2671 1659 2712 enim

165 2743 374 2800 Zingerlei
405 2743 534 2786 verba
566 2743 778 2786 afferenda
810 2744 1047 2797 videntur):

342 2845 420 2887 mit
464 2844 674 2887 manchen
707 2844 789 2887 den
821 2844 1193 2901 diesbeziiglichen
1225 2841 1471 2888 ovidiscssen
1502 2846 1659 2890 Stellen
