2034 3334
1090 323 1146 366 62

361 453 538 496 nuntios
580 453 657 508 qui
687 451 911 495 Caesarem
943 451 1164 494 certiorem
1196 450 1355 494 faciant
1385 453 1525 496 totum
1557 453 1703 498 orbem
1734 457 1866 499 terra-

363 542 460 572 rum
492 530 576 572 iam
605 541 698 572 esse
725 527 985 589 subactum?
1012 527 1096 571 Sed
1123 541 1208 584 quo
1234 527 1343 571 illud
1368 533 1595 585 praeter
1620 534 1865 577 atrocem

363 607 603 649 animum
636 605 869 649 Catonis
901 605 1150 649 vertamus?
1181 606 1254 648 An
1281 607 1534 651 nuntiorum
1560 621 1689 666 unus,
1716 621 1866 666 quem—

363 682 594 725 admodum
635 683 682 725 in
721 681 879 725 fabulis
919 681 969 724 fit
1009 681 1266 738 Euripideis,
1298 695 1499 739 suprema
1531 681 1704 729 Catonis
1735 685 1867 730 verba

362 759 514 803 referet
560 762 602 803 et
648 762 810 816 quanta
857 771 903 802 se
951 759 1024 802 ille
1071 760 1311 802 constantia
1351 763 1611 816 percusserit
1641 761 1865 806 narrabit?

362 836 445 879 Vel
478 837 540 879 sic
570 839 712 879 tamen
746 861 802 867 —
833 839 876 879 et
907 839 972 879 est
1002 839 1050 879 ut
1081 835 1201 879 vides
1234 836 1462 892 explicatio
1494 841 1560 881 sat
1584 837 1712 896 longe
1727 851 1866 882 arces-

362 914 446 957 sita
472 938 528 945 ——
554 913 672 956 istud
697 916 922 970 praeter
953 916 1196 956 atrocem
1229 914 1473 957 animum
1506 913 1739 959 Catonis
1765 927 1866 958 con-

363 993 484 1046 torte,
531 989 726 1045 obscure,
772 989 973 1046 ambigue
1014 990 1177 1032 dictum
1222 992 1286 1033 est
1316 1003 1416 1046 pro:
1455 989 1696 1048 „Catonem‚
1729 1004 1866 1048 quum

362 1068 448 1110 iam
479 1070 596 1110 totus
629 1066 745 1110 orbis
776 1069 988 1109 terrarum
1021 1065 1226 1110 subactus
1259 1070 1382 1123 esset,
1414 1070 1557 1110 tamen
1590 1071 1633 1111 et
1656 1067 1798 1112 verbis
1824 1071 1868 1112 et

364 1147 500 1188 morte
531 1145 742 1187 invictum
773 1146 998 1187 testantem
1039 1143 1276 1187 animum''.

426 1255 603 1297 25-28
663 1253 775 1296 Iuno
808 1256 850 1297 et
881 1253 1059 1297 deorum
1093 1254 1292 1310 quisquis
1325 1255 1502 1298 amicior

661 1330 780 1374 Afris
810 1331 950 1373 inulta
981 1334 1167 1374 cesserat
1195 1331 1409 1387 impotens

721 1407 900 1463 Tellure,
932 1408 1145 1450 victorum
1184 1411 1360 1464 nepotes

782 1483 964 1527 Rettulit
993 1483 1167 1527 inferias
1198 1483 1446 1541 Iugurthae.

429 1601 691 1659 „Iugurtha”
734 1602 847 1645 docti
887 1604 1242 1644 commentatores
1284 1603 1406 1645 aiunt
1440 1602 1519 1657 „de
1549 1603 1764 1647 industria
1794 1604 1865 1647 hic

366 1694 391 1723 a
420 1683 544 1736 poeta
574 1680 842 1722 nominatur:
870 1679 1010 1721 noluit
1036 1678 1371 1735 Carthagini
1399 1679 1539 1723 dicere
1565 1681 1633 1724 vel
1658 1679 1867 1724 Hanni-

366 1756 504 1812 bali,
547 1757 751 1812 quoniam
783 1768 833 1798 eo
865 1758 1054 1811 tempore
1084 1754 1332 1811 Iugurthini
1362 1755 1463 1798 belli
1495 1757 1699 1799 memoria
1729 1758 1866 1800 multo

367 1836 458 1876 erat
489 1833 699 1876 recentior
731 1832 847 1888 apud
871 1831 1088 1874 Romanos
1116 1845 1244 1888 quam
1273 1830 1674 1889 Carthaginiensis'’.
1690 1833 1867 1877 Nullam

368 1923 559 1965 unquam
592 1910 684 1952 vidi
714 1910 1031 1952 annotationem
1063 1922 1148 1964 qua
1181 1909 1316 1965 magis
1349 1913 1491 1965 aperte
1523 1909 1868 1954 dissimularetur

365 1986 411 2028 id
453 1986 567 2042 quod
609 1986 839 2029 dicendum
882 1989 981 2028 erat.
1014 1985 1086 2027 An
1119 1986 1229 2028 serio
1263 1986 1494 2041 quisquam
1528 1986 1700 2030 credere
1729 1990 1870 2044 potest

366 2063 506 2106 ullum
537 2076 728 2119 unquam
755 2061 997 2109 Romanum
1024 2061 1113 2104 ullo
1140 2065 1330 2118 tempore
1359 2061 1627 2119 Carthaginis
1643 2067 1685 2107 et
1700 2063 1868 2107 Hanni-

366 2139 475 2182 balis
506 2152 599 2183 esse
631 2139 846 2182 oblitum?
873 2137 1100 2194 vivebant,
1129 2141 1176 2181 ut
1202 2139 1365 2194 opinor,
1392 2152 1441 2182 ea
1467 2140 1643 2182 nomina
1660 2140 1866 2197 quamdiu

368 2218 483 2260 stetit
511 2217 739 2272 imperium
770 2215 1038 2269 Romanum3
1075 2218 1116 2258 et
1148 2216 1275 2258 etiam
1305 2215 1431 2271 plane
1461 2216 1623 2259 indocti
1653 2216 1728 2260 illa
1758 2229 1869 2261 sem-

367 2307 444 2351 per
490 2295 537 2336 in
582 2307 654 2337 ore
694 2293 929 2346 habebant3
974 2292 1047 2336 sed
1090 2292 1211 2335 facile
1242 2292 1336 2335 fieri
1367 2294 1506 2349 potuit
1537 2297 1586 2336 ut
1617 2307 1721 2337 mox
1750 2307 1868 2337 unus

369 2375 412 2414 et
455 2371 560 2414 alter
605 2372 651 2413 in
696 2371 831 2414 literis
877 2383 1029 2426 parum
1076 2373 1272 2412 versatus
1320 2371 1418 2426 quis
1464 2370 1674 2427 Iugurtha
1716 2370 1870 2414 fuisset

368 2450 560 2491 nesciret.
610 2447 725 2498 Quin
770 2449 914 2504 potius
958 2446 1250 2502 confiteamur,
1295 2447 1340 2489 id
1389 2448 1503 2503 quod
1551 2447 1691 2504 obtegi
1731 2447 1868 2491 doctis

369 2526 621 2567 commentis
669 2537 893 2579 nunquam
940 2524 1105 2579 poterit,
1146 2523 1241 2566 ideo
1284 2523 1353 2566 hic
1394 2523 1647 2579 Iugurtham
1680 2524 1866 2579 positum

370 2614 463 2643 esse
496 2602 597 2656 quia
628 2605 811 2643 metrum
843 2600 1130 2643 Hannibalem
1161 2603 1202 2658 et
1235 2599 1531 2656 Carthaginem
1559 2613 1644 2642 non
1674 2601 1870 2643 admitte-

370 2676 453 2719 bat.
481 2677 561 2719 Sed
582 2681 674 2719 tota
690 2678 772 2719 ista
787 2677 956 2719 Africae
973 2677 1317 2719 commemoratio
1335 2689 1541 2731 quorsum
1558 2675 1626 2717 hic
1642 2676 1834 2719 iniicitur
1847 2676 1868 2718 Ρ

371 2753 560 2795 Hoccine
605 2753 775 2796 Africae
820 2754 1019 2796 solatium
1061 2753 1146 2796 fuit
1187 2754 1392 2809 pristinae
1432 2753 1562 2796 cladis
1604 2766 1628 2795 a
1659 2752 1864 2797 Romanis

369 2833 563 2887 acceptae
595 2830 710 2885 quod
741 2843 820 2873 sua
844 2833 956 2873 terra
981 2829 1175 2872 Romano
1191 2829 1379 2872 maderet
1396 2829 1636 2885 sanguine?
1652 2828 1863 2874 Nullaene
