2034 3334
0 2439 115 2514 vil-,fd

999 385 1081 424 102

255 512 404 552 lectori
446 512 668 561 revocabo,
712 512 864 552 deinde
907 512 1148 552 cuiusmodi
1190 522 1246 552 ex
1287 522 1340 552 ea
1378 510 1536 551 vitium
1577 511 1732 552 natum
1764 509 1828 552 sit

255 588 490 639 explicabo.
534 588 733 629 Vidimus
770 589 939 639 egregie
972 589 1095 629 illum
1126 588 1316 629 Terentii
1347 587 1620 638 vigilantiam
1650 586 1827 628 laudare

255 666 296 704 et
344 664 680 714 prudentissime
722 665 910 706 indicare
952 666 1069 705 locos
1110 664 1183 705 ubi
1213 665 1409 705 maxime
1451 674 1503 704 ea
1542 663 1723 705 eluceat.
1763 661 1827 703 De

255 740 463 790 Chryside
509 741 737 781 meretrice
783 741 960 792 eiusque
1006 752 1152 782 sorore
1199 741 1402 791 adoptiva
1442 739 1639 790 Glycerio
1678 739 1828 781 narrat

256 818 374 857 Simo
415 828 563 867 senex,
607 818 682 857 sed
724 818 786 858 ita
826 819 876 858 ut
916 818 1048 858 simul
1090 828 1165 858 eas
1205 819 1414 867 quantum
1452 817 1597 867 potest
1625 815 1828 858 defendat

254 894 535 943 sublevetque
562 895 606 934 et
629 894 943 944 turpitudinem
971 904 1121 934 earum
1147 894 1330 934 minuat.
1348 893 1430 934 Illa
1445 893 1563 933 enim
1578 891 1827 943 Glycerium

255 970 371 1010 iusta
411 969 486 1011 fiet
528 971 718 1011 Simonis
759 969 836 1011 fflii
876 981 999 1021 uxor,
1043 981 1152 1020 quae
1188 981 1259 1011 res
1289 980 1343 1010 ne
1374 970 1507 1010 nimis
1537 969 1736 1010 videatur
1765 968 1826 1009 in-

255 1047 469 1087 credibilis
501 1041 816 1097 spectatoribus
848 1047 892 1087 in
923 1049 1118 1097 tempore
1145 1047 1213 1086 est
1239 1046 1493 1086 cavendum.
1522 1045 1700 1087 Castam
1725 1055 1828 1096 ergo

254 1123 388 1163 etiam
441 1123 485 1163 in
532 1123 755 1173 Chrysidis
801 1123 979 1164 aedibus
1024 1123 1242 1163 mansisse
1288 1122 1548 1174 Glycerium,
1596 1123 1642 1163 et
1684 1121 1828 1173 ipsam

255 1197 511 1248 Chrysidem
568 1200 723 1240 ceteris
780 1210 835 1239 ex
892 1199 965 1239 illo
1012 1200 1196 1248 quaestu
1241 1199 1496 1239 mulieribus
1540 1198 1825 1249 praestitisse,

255 1276 466 1324 quantum
498 1277 642 1326 potest
674 1277 963 1316 demonstrari
995 1276 1133 1316 debet.
1166 1275 1286 1316 Haec
1317 1275 1465 1316 omnia
1490 1274 1828 1326 prudentissime

255 1352 504 1392 observavit
560 1353 814 1404 Scholiasta,
862 1353 939 1392 sed
985 1353 1204 1392 interdum
1251 1352 1295 1392 in
1341 1351 1530 1392 Terentii
1576 1350 1829 1392 oeconomia

254 1429 539 1478 praedicanda
579 1430 759 1470 modum
802 1429 984 1469 excedit.
1029 1429 1209 1479 Saepius
1251 1429 1367 1468 enim
1408 1427 1630 1478 vocabula,
1672 1427 1828 1477 quibus

254 1504 411 1553 aliquis
456 1506 605 1556 utitur,
648 1505 711 1545 ita
752 1506 1061 1555 interpretatur
1101 1506 1151 1545 ut
1190 1505 1235 1545 in
1276 1505 1330 1544 iis
1371 1502 1569 1544 ὑπόνοιαν
1609 1503 1826 1554 quandam

255 1582 435 1628 quaerat
476 1581 527 1622 de
569 1591 654 1635 qua
695 1581 922 1622 Terentius
963 1592 1017 1621 ne
1059 1582 1259 1634 cogitarit
1299 1580 1486 1634 quidem.
1530 1581 1609 1631 Ita,
1645 1581 1830 1632 Q

255 1657 455 1710 exemplo
497 1657 716 1712 defimgar,
760 1668 845 1698 non
886 1657 1011 1698 facile
1043 1658 1231 1697 adducar
1260 1658 1310 1697 ut
1341 1657 1514 1697 credam
1544 1666 1699 1697 verum
1730 1665 1828 1696 esse

255 1733 366 1782 quod
408 1733 461 1773 ad
502 1733 608 1773 Eun.
651 1744 716 1774 vs.
755 1734 840 1774 592
873 1744 936 1783 sq.
970 1734 1163 1773 annotat.
1197 1732 1388 1773 Chaerea
1419 1732 1478 1772 ibi
1508 1732 1649 1773 amico
1678 1733 1829 1773 narrat
1893 1739 1896 1742 ·

257 1810 357 1859 quid
399 1810 510 1859 apud
552 1810 761 1850 Thaidem
802 1810 967 1850 factum
1003 1810 1073 1860 sit,
1108 1810 1161 1850 ad
1193 1820 1323 1859 quam
1355 1821 1431 1860 pro
1461 1809 1667 1850 Eunucho
1696 1809 1829 1850 ruerit

258 1886 480 1926 adductus
509 1885 738 1926 Custodiae
765 1886 822 1926 ibi
849 1887 943 1926 eius
969 1886 1213 1927 concredita
1238 1886 1321 1926 fuit
1346 1885 1500 1936 puella,
1519 1895 1651 1935 quam
1667 1885 1826 1936 deperi-

257 1963 343 2002 bat.
381 1962 604 2013 „Dumque
637 1963 799 2002 etiam”
833 1962 906 2012 ait,
941 1962 992 2002 de
1023 1963 1197 2002 fortuna
1227 1962 1336 2002 mihi
1368 1962 1513 2002 oblata
1543 1961 1707 2012 cogito:

793 2039 1028 2079 arcessitur
1058 2039 1256 2079 lavatum
1287 2039 1453 2086 interea
1483 2038 1628 2088 virgo:

374 2117 442 2166 Iit,
475 2117 596 2167 lavit,
629 2116 777 2156 rediit:
811 2115 963 2156 deinde
995 2126 1094 2155 eam
1125 2115 1170 2155 in
1200 2115 1363 2155 lectum
1394 2115 1494 2154 illae
1520 2113 1796 2155 collocarunt.

191 2205 198 2213 ⁸
255 2193 336 2232 His
368 2203 535 2242 quoque
566 2192 789 2232 vocabulis
815 2193 1111 2241 spectatorum
1138 2191 1308 2231 animos
1335 2191 1388 2230 ad
1414 2191 1584 2231 futuras
1610 2189 1826 2231 Chaereae
1884 2216 1886 2219 -

255 2271 383 2318 atque
425 2271 541 2309 illius
582 2269 749 2319 puellae
791 2269 966 2319 nuptias
998 2268 1242 2318 praeparari
1275 2269 1423 2308 censet
1454 2267 1709 2308 Scholiasta.
1741 2266 1825 2307 An·

254 2348 377 2386 notat
419 2347 557 2386 enim:
596 2346 822 2395 „Servavit
863 2346 1058 2386 ordinem
1099 2345 1349 2394 nuptiarum
1391 2345 1435 2384 et
1474 2344 1644 2394 proprio
1679 2343 1824 2395 verbo,

253 2423 378 2472 quasi
419 2424 469 2462 de
511 2424 698 2472 nuptura
734 2422 867 2462 dixit:
901 2422 1236 2471 arcessitur,
1265 2424 1314 2461 ut
1345 2421 1468 2461 alibi:
1503 2421 1671 2471 Quam
1700 2430 1827 2462 mox

253 2500 536 2548 virginem
589 2500 922 2539 arcessant?
972 2499 1095 2538 Nunc
1115 2493 1142 2545 ¹)
1195 2499 1286 2548 ipse
1328 2497 1449 2537 illam
1492 2499 1559 2537 est
1599 2496 1827 2538 habiturus

174 2565 175 2569 ¹
252 2577 477 2615 uxorem.”
507 2577 581 2615 Et:
624 2576 858 2625 „Deinde
893 2586 1010 2615 eam
1042 2575 1096 2614 in
1128 2575 1278 2615 lecto
1311 2575 1694 2615 collocarunt:
1726 2573 1825 2614 vide

252 2662 307 2690 an
349 2652 507 2699 aliquid
547 2652 667 2690 deest
710 2652 771 2690 ita
801 2651 1010 2700 legitimis
1041 2651 1216 2700 nuptiis.
1249 2651 1361 2690 Nam
1393 2651 1438 2690 et
1468 2651 1612 2700 ipsum
1643 2650 1824 2691 verbum
1885 2664 1894 2671 ’

252 2728 612 2767 collocarunt
653 2728 873 2777 proprium
915 2729 983 2767 est
1025 2729 1069 2767 et
1101 2727 1357 2767 adscribitur
1387 2726 1634 2776 pronubis.”
1666 2725 1824 2776 „Theo-

247 2806 439 2859 Q”
484 2804 695 2843 eiusmodi
738 2804 1049 2854 explicationes
1091 2804 1305 2855 appellare
1347 2804 1514 2844 solebat
1543 2801 1823 2853 praestantis·

291 2971 308 2997 η
331 2967 362 2994 L.
382 2967 488 2998 Nam.
526 2968 575 2993 ἀεὶ
598 2944 740 2991 &Anu-u
