2034 3334
1010 395 1067 436 64
1762 404 1783 459 ag<
1791 404 1878 513 ξι

242 531 382 562 suam.
415 521 497 561 Hic
527 521 656 562 miles
686 531 815 562 suum
847 522 969 562 hem
1000 523 1044 562 et
1074 515 1168 562 hui
1194 522 1440 573 interponit,
1468 532 1590 575 quae,
1617 524 1669 565 ut
1690 507 1826 566 10ῦῶ
1878 578 1883 585 ‚
1959 528 1963 535 ⁴

242 599 366 639 docet
407 599 660 649 Scholiasta,
703 589 866 639 sannae
901 600 1005 639 sunt
1035 599 1245 639 adversus
1275 609 1350 640 eos
1380 599 1534 650 quibus
1565 596 1807 643 irascimur.

242 675 420 725 Egregie
446 677 540 715 tota
565 675 647 715 hac
671 685 803 716 scena
826 675 956 715 miles
981 675 1026 715 et
1041 674 1260 725 Chremes,
1279 675 1383 715 dum
1399 675 1513 716 inter
1527 685 1576 716 se
1589 676 1825 728 metuunt„
1871 711 1881 734 ’,Ι
1935 699 1938 702 «

242 751 431 791 convitia
475 751 651 791 iactant.
698 750 902 801 Denique,
945 751 1019 791 ubi
1059 750 1266 792 Chremes
1306 751 1633 793 minitabundus
1672 751 1807 794 dixit:
1845 739 1889 795 'ff‘

245 828 448 876 „tangere
478 828 522 866 te
554 837 652 867 eam
683 827 957 877 prohibebo,”
990 827 1142 867 callide
1173 827 1254 868 hoc
1278 828 1506 877 tamquam
1530 807 1811 878 praetextum
1904 884 1907 886 .

241 901 417 942 finiendi
451 903 522 943 vel
553 903 712 943 saltem
743 903 966 944 differendi
997 903 1124 953 iurgii
1155 903 1306 954 arripit
1336 903 1507 944 Gnatho
1537 904 1603 944 et:
1639 892 1808 955 „Audin
1889 903 1892 906 ⁴
1983 954 1987 962 χ

241 979 322 1018 tu?
347 978 418 1018 hic
442 979 546 1019 furti
573 989 620 1019 se
647 979 820 1030 adligat,
840 981 911 1020 sat
926 980 1008 1019 hoc
1023 979 1174 1019 tibist’'
1193 978 1255 1019 ait
1271 982 1349 1026 (vs.
1369 979 1483 1027 809).
1500 978 1584 1021 Hic
1598 978 1808 1034 Thaidem

241 1054 369 1095 miles
409 1057 555 1104 rogat:
601 1055 748 1105 „Idem
779 1055 861 1096 hoc
891 1056 952 1106 tu,
985 1054 1177 1095 Thais?”
1210 1056 1256 1095 at
1286 1055 1383 1095 illa:
1420 1054 1612 1106 „Quaere
1641 1055 1714 1106 qui
1744 1064 1807 1096 re-

240 1131 491 1179 spondeat.”
534 1131 666 1171 Recte
708 1131 950 1172 Scholiasta
991 1132 1193 1172 annotat:
1234 1132 1399 1182 „ipsam
1434 1131 1809 1178 circumventurus

241 1207 499 1257 interrogat:
542 1208 653 1257 quod
695 1208 770 1247 illa
811 1207 1058 1257 intelligens
1098 1207 1316 1247 malitiose
1357 1207 1441 1247 ait:
1478 1216 1685 1257 quaere
1714 1206 1808 1257 qui

240 1282 625 1332 respondeat.’'
1823 1332 1825 1335 ¹

299 1358 495 1398 Profecto
527 1359 580 1398 ad
611 1359 825 1399 nutricem
852 1359 1080 1400 Chremeta
1107 1370 1239 1409 quam
1265 1364 1334 1399 τοῦ
1363 1357 1668 1412 ἀναγνωρισμοῦ
1692 1355 1807 1399 ἕνεκα

240 1433 503 1474 adducturus
544 1436 623 1485 est,
666 1435 794 1475 miles
830 1445 998 1485 quoque
1029 1425 1085 1476 ne
1114 1436 1258 1485 verbis
1289 1436 1464 1485 quidem
1493 1435 1728 1485 quidquam
1756 1444 1806 1475 se

240 1508 443 1559 proficere
488 1510 640 1550 videns
687 1511 879 1561 discedit,
927 1512 997 1551 vel
1037 1512 1181 1561 potius
1221 1521 1247 1551 a
1292 1511 1518 1551 Gnathone
1557 1511 1612 1551 ad
1651 1518 1806 1552 cenam

240 1586 474 1626 retrahitur
498 1585 650 1636 'seque
698 1587 750 1627 ab
791 1586 864 1627 illo
905 1587 1067 1637 placari
1107 1587 1282 1637 patitur.
1324 1587 1470 1636 Neque
1510 1573 1661 1627 tame'n
1699 1595 1806 1627 suae

240 1662 399 1701 oblitus
455 1663 678 1712 dignitatis
734 1664 975 1703 exercitum
1022 1674 1151 1703 suum
1197 1663 1391 1714 dimittit,
1439 1662 1806 1712 sollemnibusque

240 1737 429 1787 Sangam
461 1738 692 1788 alloquitur
721 1739 865 1779 verbis
897 1740 996 1785 (814
1029 1742 1131 1788 sq.):
1863 1722 1872 1731 ⁸

989 1815 1143 1865 Sanga,
1177 1816 1239 1855 ita
1269 1816 1319 1855 ut
1348 1815 1473 1856 fortis
1504 1815 1628 1856 decet

477 1890 646 1940 Milites,
680 1891 797 1930 dorni
827 1891 993 1940 focique
1024 1891 1092 1930 fac
1122 1891 1316 1930 vicissim
1348 1892 1399 1931 ut
1429 1891 1694 1932 memineris.

299 1965 435 2015 Quam
467 1967 608 2016 lepida
638 1968 682 2006 in
714 1977 818 2007 voce
849 1967 960 2007 foci
986 1968 1045 2007 sit
1079 1967 1255 2017 parodia
1285 1967 1460 2017 sentieS‚
1489 1967 1527 2007 si
1551 1952 1818 2007 memineris

239 2051 422 2090 coquum
455 2053 550 2082 esse
583 2043 772 2092 Sangam
803 2043 940 2083 illum.
973 2043 1055 2083 Hic
1084 2054 1210 2083 vero:

595 2119 688 2158 Iam
720 2119 882 2159 dudum
914 2120 1087 2159 animus
1118 2121 1186 2159 est
1216 2120 1260 2159 in
1290 2119 1463 2169 patinis.

238 2194 291 2232 Et
323 2194 492 2234 Gnatho
523 2195 678 2250 „ng
704 2196 794 2234 es'’.
822 2195 982 2234 Iisdem
1008 2195 1151 2234 verbis
1178 2195 1414 2235 Chaeream
1440 2195 1588 2234 laudat
1613 2193 1804 2245 Antipho

239 2280 302 2308 vs.
346 2271 430 2309 608
475 2270 600 2319 idque
641 2271 693 2309 ob
736 2270 918 2309 eandem
959 2281 1064 2320 rem,
1107 2281 1262 2320 nempe
1303 2271 1415 2319 quod
1456 2280 1612 2310 coenae
1653 2279 1803 2310 curam

239 2346 406 2385 habeat.
449 2347 640 2395 Denique
680 2357 840 2396 magna
879 2356 984 2386 voce
1026 2346 1242 2386 clamante
1282 2347 1443 2386 milite:
1485 2356 1589 2396 „vos
1618 2355 1692 2386 me
1720 2345 1804 2386 hac

238 2421 497 2469 sequimini’'
532 2423 682 2468 (utitur
713 2424 861 2462 autem
893 2423 1044 2462 eodem
1075 2421 1148 2461 illo
1179 2421 1509 2472 sequimini,
1543 2431 1626 2471 quo
1657 2421 1803 2471 copias

238 2497 452 2536 adducens
483 2509 589 2537 usus
621 2500 740 2548 erat),
774 2499 890 2537 illius
921 2498 1099 2537 domum
1131 2497 1290 2536 abeunt
1319 2507 1483 2537 omnes.
