2034 3334
997 230 1122 313 loe

234 392 433 438 iiciendo.
478 391 639 437 Totum
669 406 844 440 versum
876 391 1134 437 eiiciendum
1163 407 1256 438 esse
1283 397 1398 440 recte
1428 397 1584 440 statuit
1613 391 1835 445 Heinsius.

236 464 350 508 Nam
372 463 608 508 absurdum
635 467 701 508 est
724 464 795 508 hic
819 467 990 522 poetam
1017 468 1186 523 partem
1210 467 1489 520 narrationis,
1510 480 1619 525 quae
1634 469 1857 520 secutura«
1906 514 1909 518 ,
1978 461 1979 465 ’

235 539 323 588 est,
351 537 608 593 praeripere.
635 533 751 579 Satis
776 535 907 580 homo
929 534 1005 581 ille
1030 535 1268 594 descriptus
1277 537 1366 581 iam
1379 542 1447 582 est
1460 538 1834 596 praecedentibus:

419 606 606 659 „Hunc”
640 606 788 651 dixere
821 610 994 660 „tamen
1023 608 1225 651 comitem
1255 607 1554 667 famulumque
1583 622 1803 655 sacrorum

416 676 667 735 Cepimus”.

232 749 289 793 Et
319 749 521 793 continuo
552 752 649 806 post
675 750 910 801 „comitem
935 747 1236 807 famulumque
1261 750 1509 795 sacrorum”
1535 750 1688 797 addere
1713 767 1832 797 caera

233 824 408 863 aeonium
438 819 602 877 puerile
632 823 710 863 est.
744 818 926 865 Contra:
961 820 1105 872 „hunc
1135 821 1339 865 comitem
1369 821 1668 880 famulumque
1696 836 1834 868 sacro-

232 905 334 934 rum
375 892 569 948 cepimus
611 890 803 947 inquiunt
845 895 884 934 et
925 892 1093 934 tradam
1128 891 1328 935 manibus
1357 896 1457 950 post
1488 900 1611 952 terga
1639 892 1834 953 ligati&

225 961 383 1006 ‘eodem
409 964 611 1006 manente
635 962 801 1006 obiecto
827 961 1163 1006 disertissimum
1192 964 1630 1022 venustissimumque
1642 963 1833 1011 videtur.

1744 1048 1761 1075 t

294 1116 379 1161 641
406 1131 496 1175 sqq.
529 1117 594 1162 De
621 1119 754 1163 variis
779 1118 910 1163 huius
935 1118 1021 1163 loci
1043 1118 1297 1164 lectionibus
1323 1120 1566 1165 conferatur
1583 1119 1830 1167 Ehwaldus.

231 1189 444 1247 Equidem
474 1193 618 1247 persto
648 1191 695 1233 in
727 1191 939 1234 sententia
967 1189 1202 1248 legendum
1232 1203 1347 1236 esse:
1816 1212 1819 1213 ⁷

776 1261 910 1315 „Quis
941 1264 984 1305 te
1014 1261 1161 1306 furor’'
1191 1263 1336 1320 inquit
1367 1261 1585 1315 „Acoeta”

415 1331 500 1374 Pro
532 1345 576 1375 se
607 1333 788 1389 quisque
821 1332 1011 1384 „tenet’'.
1046 1332 1263 1384 „Laevam
1293 1333 1421 1390 pete'’
1453 1334 1646 1378 maxima
1675 1335 1788 1379 nutu

412 1402 518 1445 Pars
550 1403 662 1445 mihi
693 1403 908 1461 significat
921 1435 932 1455 ,
965 1416 1061 1461 pars
1093 1403 1198 1460 quid
1228 1403 1338 1448 velit
1369 1418 1440 1448 ore
1471 1407 1679 1449 susurrat.

233 1471 350 1526 Quae
391 1474 629 1517 maximam
670 1478 838 1531 partem
879 1473 1051 1518 Heinsii
1088 1478 1155 1518 est
1183 1473 1331 1519 lectio.-
1358 1474 1487 1519 Verbi
1517 1474 1643 1533 quale
1671 1479 1739 1520 est
1766 1475 1829 1520 in·

235 1543 324 1599 quit
364 1557 390 1586 a
431 1558 509 1587 suo
552 1545 767 1596 subiecto,
810 1545 924 1601 quod
955 1546 1165 1602 sequitur,
1198 1547 1382 1603 separati
1412 1545 1624 1590 disertum
1653 1546 1829 1604 praebet

234 1612 484 1670 exemplum
515 1614 588 1666 IV,
623 1614 734 1659 770:

909 1685 1062 1737 „Nunc
1093 1701 1118 1730 o
1150 1687 1410 1731 fortissime''
1442 1687 1555 1731 dixit

415 1755 548 1808 „Fare
579 1756 755 1813 precor’'
787 1755 984 1814 Cepheus
1009 1757 1054 1811 ¹).

293 1900 382 1945 692
409 1916 469 1959 sq.

413 1973 727 2024 „Praebuimus
757 1973 929 2031 longis''
962 1975 1180 2019 Pentheus
1213 1976 1497 2034 „ambagibus
1528 1977 1681 2022 aures”

409 2043 555 2100 Inquit
590 2049 664 2096 „ut
693 2044 759 2086 ira
789 2060 899 2088 mora
930 2045 1036 2088 vires
1066 2047 1267 2089 absumere
1289 2047 1469 2102 posiae?⁸

227 2113 395 2157 Ultima
426 2115 639 2171 quomodo
671 2117 805 2172 accipi
836 2115 1003 2160 soleant
1034 2118 1133 2161 scio.
1166 2117 1250 2161 Sed
1281 2118 1391 2161 mihi
1421 2122 1617 2175 suspecta
1647 2119 1824 2164 fuerunt

228 2198 396 2240 semper
423 2190 467 2228 et
497 2200 610 2228 nunc
643 2187 775 2229 etiam
807 2191 920 2230 eunt.
953 2187 1052 2231 Non
1084 2189 1201 2231 enim
1232 2187 1442 2232 Ovidiano
1473 2203 1592 2232 more
1622 2188 1823 2234 adiuncta

226 2255 577 2311 praecedentibus
620 2256 836 2308 videntur,
880 2261 924 2301 et
963 2257 1075 2301 illud
1115 2258 1181 2301 ira
1221 2259 1326 2301 viree
1364 2259 1534 2302 absumit
1573 2274 1683 2302 mora
1712 2260 1822 2304 mire

227 2325 392 2368 dictum
422 2326 608 2370 videtur.

290 2470 376 2516 707
422 2471 511 2516 Cur
542 2473 595 2516 ad
627 2473 669 2516 h.
697 2488 739 2516 v.
771 2473 961 2517 Kornius
992 2478 1188 2518 annotet:
1223 2477 1312 2527 „sic
1343 2476 1411 2519 A”
1442 2490 1513 2519 me
1543 2476 1672 2534 fugit.
1714 2475 1821 2530 Quis
1876 2482 1883 2489 ’

227 2555 329 2598 ergo
363 2541 532 2585 dubitat
563 2545 666 2599 quin
699 2558 800 2587 vera
831 2558 880 2588 ea
909 2546 967 2587 sit
997 2543 1154 2589 lectio?

287 2686 373 2730 715
786 2689 893 2733 Ruit
924 2692 1065 2734 omnis
1094 2693 1140 2734 in
1173 2705 1310 2735 unum
1340 2689 1636 2746 (Actaeonem)

407 2756 550 2800 Turba
581 2759 738 2803 furens.
772 2759 960 2804 Cunctae
993 2766 1146 2805 coeunt
1178 2762 1478 2819 trepidumque
1509 2766 1761 2819 sequuntur.

223 2825 294 2868 Sic
336 2826 528 2883 plerique
572 2844 685 2872 nunc
729 2830 862 2874 edunt
905 2835 1034 2889 atque
1066 2834 1199 2876 etiam
1228 2832 1485 2884 Ehwaldus‚
1524 2837 1665 2889 spreta
1697 2834 1817 2877 varia

270 3019 304 3060 1)
330 3018 429 3051 Plane
452 3020 537 3052 enim
563 3022 767 3054 necessariam
791 3023 870 3055 duco
894 3023 975 3056 hanc
996 3023 1131 3067 Hauptii
1155 3025 1423 3058 emendationem:
1451 3024 1587 3067 Cepheus
1605 3035 1665 3068 pro
1682 3026 1814 3059 Persea.
