2034 3334
949 378 1032 416 149

264 505 330 543 14.
363 503 510 542 Davus
537 503 764 551 conspecto
793 500 1020 540 Chremete
1047 501 1189 539 subito
1216 510 1263 538 se
1290 500 1450 548 litigari
1478 510 1577 539 cum
1605 500 1768 549 Myside

201 578 386 628 Glycerii
433 578 600 628 ancilla,
644 588 753 626 quae
794 577 921 618 modo
954 576 1089 626 ipsius
1122 576 1242 614 iussu
1274 586 1456 624 puerum
1489 586 1511 614 e
1543 575 1768 625 Pamphilo

200 657 353 695 natum
385 656 485 694 ante
518 654 707 693 Simonis
738 653 901 693 ostium
928 652 1136 702 deposuit,
1166 652 1357 691 simulat.
1387 652 1467 690 Illa
1493 653 1640 691 autem
1668 652 1768 700 quid

200 731 282 770 sibi
313 731 406 770 eius
436 730 581 769 minae
613 731 656 768 et
686 729 918 768 maledicta
944 728 1082 768 velint
1108 738 1193 767 non
1220 727 1434 776 intelligit.
1464 727 1517 767 Et
1544 727 1628 767 alia
1654 727 1769 767 servi

200 807 331 846 verba
360 807 464 845 sunt
495 807 538 845 et
569 806 696 845 haec:

1190 880 1380 919 Verbum
1412 880 1450 918 si
1481 879 1590 918 mihi

391 957 550 1006 Unum,
584 958 886 1006 praeterquam
917 956 1029 1004 quod
1060 957 1104 995 te
1135 966 1249 1005 rogo,
1283 956 1410 1005 faxis,
1445 966 1562 994 cave.

199 1034 465 1072 Annotatur:
498 1033 897 1081 praeterquam
929 1031 1070 1080 quod
1101 1032 1154 1070 te
1186 1033 1342 1079 rogo]
1376 1031 1483 1079 „hoc
1509 1032 1577 1069 est
1603 1030 1768 1069 sensim

200 1110 244 1149 et
284 1110 334 1148 ut
359 1119 494 1147 senex
525 1108 687 1146 sentiat
717 1107 985 1156 pronuntiari
1017 1107 1203 1156 potest.”
1238 1106 1449 1155 Quoniam
1480 1106 1607 1154 paulo
1639 1116 1769 1154 supra

200 1185 253 1224 ad
299 1185 477 1233 Mysidis
522 1185 654 1223 verba
699 1195 804 1223 non
850 1185 907 1223 tu
949 1184 1101 1232 ipse?
1134 1183 1391 1222 annotatum
1423 1183 1490 1221 est
1525 1183 1769 1232 „submissa

199 1261 347 1310 voce‚”
385 1261 579 1309 suspicor
610 1260 824 1299 sensim
856 1259 900 1298 in
931 1259 1088 1298 vitioso
1121 1258 1384 1297 scholiorum
1416 1268 1616 1297 sermone
1648 1268 1766 1297 esse:

203 1335 291 1384 „ita
321 1337 371 1375 ut
401 1336 539 1375 audiri
569 1336 757 1384 possit'';
790 1335 935 1383 itaque
963 1336 1051 1374 est
1077 1335 1153 1373 aut
1179 1334 1408 1373 delendum
1435 1334 1511 1373 aut
1535 1345 1611 1382 pro
1639 1344 1687 1373 eo
1715 1335 1768 1373 et

199 1412 452 1460 legendum;
494 1412 686 1460 potest
727 1412 875 1450 autem
916 1410 1025 1449 Davi
1068 1410 1232 1449 dictum
1264 1410 1326 1448 ita
1355 1410 1636 1459 pronuntiari,
1670 1410 1771 1458 quia

199 1498 352 1537 parum
380 1487 561 1526 interest
586 1488 734 1526 utrum
760 1497 896 1525 senex
922 1486 1070 1525 audiat
1096 1496 1151 1530 an
1176 1496 1272 1524 non.
1292 1485 1551 1524 Praescribit
1568 1485 1683 1524 enim
1701 1486 1769 1524 his
1799 1524 1801 1527 ,

199 1563 343 1602 verbis
373 1562 520 1601 Davus
551 1562 706 1611 Mysidi
737 1562 838 1610 quid
870 1562 909 1601 ei
941 1562 998 1600 sit
1026 1561 1253 1611 agendum,
1283 1561 1358 1600 sed
1384 1561 1491 1599 nihil
1518 1560 1632 1600 inest
1657 1562 1770 1609 quod

201 1637 419 1678 Chremeti
466 1638 612 1677 dolum
659 1648 685 1676 a
730 1637 849 1676 Davo
897 1637 1112 1676 structum
1159 1637 1330 1676 indicet.
1380 1637 1519 1675 Prava
1561 1647 1660 1684 ergo
1702 1637 1770 1675 est

200 1713 490 1754 Westerhovii
523 1713 791 1752 coniectura:
829 1713 937 1762 „hoc
967 1713 1132 1752 sensim
1164 1713 1208 1751 et
1239 1723 1302 1751 ne
1329 1722 1465 1751 senex
1491 1712 1652 1751 sentiat
1677 1723 1768 1761 pro-

200 1789 390 1828 nuntiari
420 1789 583 1838 patet.”

261 1865 329 1904 28.
379 1864 515 1914 Quid
558 1864 859 1904 clamitas?
902 1864 1035 1912 Mysis
1077 1865 1211 1912 rogat.
1257 1864 1501 1902 Annotatur
1537 1863 1769 1912 „clamavit

201 1940 318 1979 enim
363 1939 510 1978 Davus
556 1941 606 1979 ut
646 1950 828 1988 puerum
871 1939 1039 1978 audiret
1081 1938 1329 1978 Chremes.''
1373 1939 1494 1977 Istud
1536 1949 1768 1987 puerum

201 2015 397 2056 additum
439 2015 541 2063 puto
584 2014 636 2053 ab
679 2024 728 2053 eo
765 2014 838 2062 qui
875 2014 1069 2053 scholion
1100 2025 1186 2053 non
1217 2014 1491 2062 intelligeret.
1525 2014 1620 2052 Non
1652 2014 1769 2052 enim

201 2103 307 2141 opus
339 2092 406 2130 est
435 2092 485 2130 ut
515 2101 696 2139 puerum
728 2091 875 2130 audiat
906 2090 1124 2140 Chremes,
1159 2090 1363 2138 quoniam
1389 2090 1499 2129 vidit
1526 2090 1766 2138 tetigitque.

200 2169 269 2207 An
314 2167 395 2206 hoc
439 2166 535 2206 vult
576 2166 840 2205 Scholiasta:
886 2166 1058 2215 „Davus
1099 2166 1291 2205 nondum
1323 2167 1439 2204 certo
1471 2165 1554 2204 scit
1585 2176 1611 2204 a
1643 2164 1767 2204 Chre-

200 2243 317 2282 mete
349 2252 530 2291 puerum
560 2242 728 2289 visum;
762 2251 874 2291 ergo,
903 2241 942 2279 si
967 2241 1077 2279 forte
1104 2250 1190 2279 non
1217 2240 1384 2290 viderit,
1413 2241 1463 2279 ut
1489 2241 1648 2279 clamet
1664 2251 1769 2289 puer

202 2318 367 2357 efficere
409 2317 588 2356 conatur
628 2317 731 2355 dum
773 2316 934 2355 clamat
974 2315 1107 2364 ipse.”
1144 2315 1203 2354 At
1233 2315 1423 2364 primum
1455 2316 1551 2363 quis
1577 2326 1769 2363 unquam

202 2393 428 2432 clamando
473 2402 623 2431 recens
658 2391 750 2430 nati
781 2391 902 2440 pueri
934 2391 1130 2439 vagitum
1161 2391 1397 2439 provocat?
1428 2390 1615 2429 Facilius
1648 2391 1767 2429 certi-

201 2478 338 2516 usque
384 2468 498 2506 idem
545 2467 631 2506 levi
677 2466 798 2516 pedis
841 2467 929 2505 ictu
970 2465 1063 2505 fieri
1094 2467 1249 2516 potest.
1282 2466 1443 2505 Deinde
1474 2466 1586 2505 hanc
1616 2466 1769 2504 scholii

203 2543 535 2592 explicationem
567 2543 653 2582 alia
683 2542 847 2581 scholia
877 2542 1090 2581 refellunt.
1123 2541 1230 2580 Vide
1258 2541 1375 2580 enim
1402 2542 1512 2590 quod
1539 2541 1592 2580 ad
1618 2551 1682 2580 vs.
1713 2542 1767 2580 26

204 2620 271 2658 est
317 2618 604 2666 adscriptum:
652 2618 806 2656 Hem!
851 2617 1012 2666 quid?
1053 2616 1392 2666 Pamphili?]
1440 2618 1643 2665 „apparet
1677 2627 1767 2655 mu-

202 2694 354 2734 lierem
409 2693 592 2732 vestri
649 2694 692 2732 et
737 2692 1019 2742 Pamphili
1066 2691 1226 2734 lentius
1273 2692 1587 2741 pronuntiasse,
1637 2702 1769 2740 quam

203 2769 350 2808 Davus
381 2769 524 2818 vellet,
558 2770 602 2808 et
632 2769 726 2809 ideo
757 2778 871 2807 nunc
903 2768 943 2814 (l.
977 2768 1133 2813 hunc)
1165 2767 1373 2816 repetisse
1399 2777 1558 2806 nomen
1584 2767 1768 2806 nostri

205 2846 249 2884 et
273 2843 584 2892 Pamphili''
604 2845 647 2882 et
668 2844 827 2892 „hem,
856 2843 1015 2891 quid?
1042 2842 1338 2891 Pamphili]
1359 2841 1465 2881 duas
1481 2852 1551 2882 res
1568 2844 1768 2891 operatur

204 2919 350 2959 Davus
396 2919 539 2968 simul,
589 2920 632 2958 et
671 2920 720 2957 ut
761 2918 1085 2967 ignarissimum
1127 2928 1174 2956 se
1216 2918 1426 2967 ostendat,
1472 2920 1515 2957 et
1556 2919 1604 2957 ut
1645 2917 1766 2956 Pam-
