2034 3334
1016 367 1073 408 62

258 496 309 535 ut
362 493 412 535 fit
468 494 512 535 in
559 494 871 545 antiquioribus
917 495 1189 547 editionibus,
1237 488 1444 536 Chremes
1490 496 1535 536 et
1579 493 1711 537 Thais
1755 492 1827 535 hic

258 571 500 621 loquantur.
529 571 679 612 Funda
704 572 821 612 enim
847 571 971 612 illum
997 572 1120 612 decet
1145 571 1218 622 qui
1245 572 1298 612 ab
1315 572 1491 613 aedibus
1506 571 1599 613 suis
1614 556 1826 614 maiorem

259 647 447 696 aliquem
489 658 721 687 numerum
761 648 955 688 hostium
996 648 1194 698 propellit
1235 648 1392 699 (cogita
1430 648 1558 689 modo
1588 649 1641 689 de
1669 646 1827 699 Vespis

259 723 615 774 Aristophaneis),
658 734 744 763 non
786 733 886 764 eum
928 724 1000 773 qui
1042 724 1084 764 in
1123 724 1288 764 alienas
1319 724 1447 765 aedes
1479 724 1691 775 impetum
1721 723 1828 764 facit

260 801 360 839 ante
387 810 494 848 quas
521 799 742 839 neminem
768 801 961 839 stantem
988 800 1209 850 conspicit.
1237 800 1291 840 Et
1312 801 1506 851 ineptum
1523 801 1592 840 est
1610 799 1828 851 „facerent

259 875 436 925 fugam”
469 875 521 915 de
553 875 607 915 iis
638 875 802 915 dictum
835 886 942 925 quos
973 876 1090 915 domi
1121 876 1311 916 inclusos
1341 877 1480 926 putes.

318 951 432 991 Dum
463 951 594 991 Thais
620 951 831 1000 loquitur:
862 951 1084 1002 „Fundam
1113 974 1165 980 —
1189 952 1366 1001 fugam”
1384 953 1429 992 et
1445 951 1652 992 Chremes
1666 950 1824 1003 latitat,

260 1027 354 1077 ipsa
384 1028 575 1076 procedit
605 1027 668 1067 ita
698 1028 763 1067 ut·
778 1037 805 1067 a
834 1027 975 1067 milite
1006 1027 1306 1078 conspiciatur.

321 1103 560 1154 Conspecta
605 1103 767 1143 Thaide
813 1104 1065 1154 priusquam
1112 1105 1247 1144 armis
1293 1104 1506 1154 impetum
1550 1103 1683 1145 faciat
1726 1101 1829 1154 q'uid

261 1180 393 1219 verba
442 1190 523 1220 sua
568 1179 744 1220 valeant
784 1190 831 1219 se
873 1179 1059 1229 experiri
1100 1180 1212 1220 velle
1253 1178 1480 1230 significat.
1522 1180 1691 1221 Laudat
1734 1179 1829 1220 eius

261 1257 535 1306 prudentiam
567 1255 737 1295 Gnatho
769 1257 813 1295 et
1488 1306 1493 1310 ⁶

825 1332 930 1382 „Di”
965 1333 1041 1379 (ait
1074 1343 1136 1373 vs.
1170 1330 1256 1372 790
1287 1336 1366 1382 sq.)
1399 1334 1594 1373 vostram
1624 1331 1767 1383 fldem,

381 1409 582 1458 Quantist
597 1410 766 1458 sapere!
786 1419 1007 1457 nunquam
1025 1409 1192 1459 accedo,
1211 1409 1314 1458 quin
1330 1409 1407 1448 abs
1423 1410 1467 1448 te
1483 1408 1636 1449 abeam
1651 1408 1828 1449 doctior.

261 1484 500 1524 Notissima
525 1484 657 1524 verba
682 1485 788 1524 haec
815 1486 929 1524 sunt.
958 1484 1122 1524 Tamen
1148 1485 1225 1523 vix
1251 1486 1296 1524 et
1320 1495 1374 1524 ne
1394 1484 1471 1524 vix
1486 1483 1661 1533 quidem
1676 1493 1830 1525 omnes

261 1561 355 1600 eius
380 1561 546 1610 lepores
574 1561 780 1609 agnoscat
805 1560 889 1599 nisi
916 1560 988 1609 qui
1014 1560 1225 1609 magistro
1250 1561 1399 1599 utatur
1425 1559 1679 1610 Scholiasta,
1706 1559 1830 1600 cuius

263 1637 369 1675 haec
395 1638 463 1675 est
488 1635 758 1685 lepidissima
784 1635 1029 1675 annotatio:
1061 1636 1191 1685 „Mire
1219 1635 1307 1685 egit
1326 1645 1556 1684 personam
1573 1635 1830 1676 admirantis

262 1722 338 1761 per
368 1711 529 1751 trinam
560 1709 840 1766 &noctooffl'm
873 1711 925 1750 ad
957 1711 1082 1751 deos:
1121 1710 1172 1750 di
1199 1713 1454 1750 vostram
1480 1710 1674 1762 fidem,
1702 1711 1756 1752 ad
1781 1720 1830 1751 se

262 1788 428 1836 ipsum:
461 1787 724 1836 quantist
751 1798 962 1837 sapere,
992 1787 1044 1826 ad
1071 1787 1281 1826 militem:
1315 1797 1595 1836 nunquam
1629 1808 1684 1816 --
1715 1787 1828 1827 doc-

262 1864 387 1903 tior.
431 1864 483 1903 Et
524 1864 701 1903 ridicule
743 1864 960 1914 parasitus
996 1874 1277 1912 nunquam
1309 1864 1513 1903 accedo
1545 1864 1599 1903 ad
1629 1865 1674 1903 te
1703 1863 1828 1914 dixit,

263 1940 334 1988 qui
366 1950 589 1988 nunquam
621 1940 824 1980 recedit.‘’

324 2016 392 2055 Sic
424 2026 523 2064 ergo
556 2026 653 2055 eam
686 2016 917 2064 alloquitur
948 2016 1048 2062 (792
1081 2019 1184 2064 sq.):

381 2092 526 2142 Thais,
561 2092 751 2140 primum
783 2092 863 2131 hoc
894 2092 1003 2131 mihi
1034 2092 1264 2141 responde:
1298 2102 1429 2140 quom
1460 2092 1538 2132 tibi
1569 2092 1622 2132 do
1653 2093 1787 2133 istam

1588 2167 1830 2218 [virginem,

383 2242 533 2283 Dixtin
565 2244 644 2283 hos
675 2244 783 2284 mihi
816 2244 907 2284 dies
938 2244 1019 2283 soli
1051 2245 1152 2284 dare
1183 2245 1258 2284 te?

266 2319 510 2367 Respondet
551 2320 703 2359 Thais:
751 2319 885 2370 „Quid
926 2322 1021 2359 tum
1063 2320 1272 2369 postea?'’
1315 2319 1467 2358 Nullus
1512 2319 1633 2358 locus
1673 2317 1853 2358 melius

266 2407 395 2444 quam
424 2397 492 2436 hic
519 2397 642 2435 docet
668 2396 768 2444 quid
795 2396 853 2435 sit
879 2396 1010 2448 quid
1041 2397 1157 2434 tum
1188 2396 1399 2449 postea.
1427 2395 1477 2434 V.
1505 2395 1558 2434 ad
1579 2405 1644 2434 vs.
1663 2394 1747 2435 637
1765 2403 1830 2443 sq·

326 2472 474 2520 Sperni
507 2483 553 2511 se
586 2483 611 2511 a
642 2471 802 2510 Thaide
830 2473 873 2510 et
900 2472 1118 2510 contemni
1145 2470 1296 2509 videns
1321 2470 1471 2509 miles:
1503 2469 1830 2520 „Pamphilam”

266 2548 327 2586 ait
374 2552 450 2593 (vs.
496 2549 594 2593 796)
641 2559 766 2596 „ergo
808 2547 891 2586 huc
932 2547 1071 2596 redde,
1115 2547 1198 2585 nisi
1241 2547 1278 2586 si
1320 2546 1463 2586 mavis
1494 2547 1538 2585 vi
1570 2546 1717 2596 eripi.”
1749 2535 1831 2585 Hic

266 2624 407 2662 subito
459 2624 784 2662 minitabundus
835 2626 879 2662 et
930 2633 1029 2662 cum
1071 2623 1222 2662 multis
1263 2623 1507 2662 maledictis
1549 2622 1832 2670 convitiisque

268 2702 387 2738 vetat
428 2711 527 2738 eum
571 2700 775 2739 Chremes
817 2710 943 2738 suam
985 2702 1162 2748 tangere
1203 2709 1407 2739 sororem.
1451 2699 1535 2738 Cur
1579 2699 1721 2738 subito
1762 2698 1832 2737 hic

268 2774 484 2813 Chremeti
528 2775 637 2813 redit
679 2776 883 2813 animus?
925 2776 991 2814 An
1024 2785 1079 2814 ex
1111 2775 1355 2832 quofThais
1388 2785 1486 2814 cum
1518 2774 1656 2813 milite
1688 2773 1832 2813 locuta

268 2852 346 2898 est,
380 2851 530 2888 statim
566 2850 779 2888 intellexit
811 2851 992 2888 minime
1023 2827 1305 2889 metuendum
1337 2860 1432 2889 esse
1462 2850 1649 2889 militem
1676 2849 1832 2888 illum?

269 2925 336 2963 Sic
378 2926 465 2963 fere
504 2936 595 2963 rem
634 2926 847 2973 explicare
886 2926 1054 2964 videtur
1092 2925 1343 2974 Scholiasta,
1382 2925 1502 2965 cuius
1541 2926 1669 2964 verba
1705 2926 1829 2963 sunt:

2031 968 2034 984 l

2017 1845 2034 2007 Ξ

2022 2010 2034 2033 ἱ
