2034 3334
906 361 990 404 143
1048 327 1063 356 ⁷

199 490 328 532 simul
360 489 463 532 ferri
494 502 580 531 non
610 490 801 544 possunt.
828 486 993 530 Deinde
1019 500 1106 530 non
1131 487 1254 530 facile
1281 487 1405 530 credo
1431 499 1691 542 quemquam

199 567 432 609 amicorum
479 579 654 608 suorum
702 565 762 607 sic
808 577 901 607 esse
948 564 1182 607 allocutum
1222 564 1514 620 Propertium:
1550 562 1692 618 „Quid

199 642 277 685 tibi
322 655 438 686 nunc
482 641 654 697 prodest
702 641 817 697 quod
857 640 1094 683 Homerum
1134 640 1276 696 legisti
1288 639 1336 682 ?’'
1381 639 1547 690 Quotus
1578 639 1691 682 enim

201 719 383 774 quisque
427 718 652 760 hominum
692 717 820 773 paulo
852 717 1080 760 cultiorum
1111 716 1348 759 Homerum
1382 729 1490 758 non
1522 716 1694 772 legerat,

198 807 338 851 neque
368 795 578 838 eiusmodi
607 794 710 837 Ilias
740 798 782 837 et
813 793 1004 848 Odyssea
1036 796 1138 836 sunt
1168 797 1217 836 ut
1243 793 1311 836 vel
1336 794 1374 836 is
1398 794 1474 849 qui
1489 793 1693 835 memoria

198 883 270 914 eas
315 874 457 914 teneat
503 870 584 913 sibi
631 883 760 926 supra
800 870 958 926 vulgus
1001 882 1147 926 sapere
1189 869 1395 924 videatur,
1439 881 1572 924 seque
1607 868 1693 910 illis

198 945 329 989 rebus
372 946 531 1002 quibus
575 947 703 989 ceteri
744 958 892 989 omnes
924 948 1272 988 commoveantur
1303 945 1420 1001 tangi
1450 958 1537 987 non
1570 956 1694 1000 posse

199 1021 437 1065 arbitretur.
478 1021 615 1064 Multo
656 1025 797 1065 tamen
830 1022 972 1064 minus
1002 1022 1142 1078 placet
1172 1020 1421 1064 Baehrensii
1452 1021 1694 1063 coniectura

203 1098 321 1152 „Aut
366 1098 472 1154 quid
512 1111 631 1141 nunc
668 1097 781 1153 Tei’',
813 1111 862 1141 ea
891 1099 1006 1140 enim
1037 1100 1086 1140 ut
1115 1097 1295 1140 ridicule
1325 1097 1407 1140 sibi
1439 1096 1694 1153 obloquatur

199 1174 448 1231 Propertius
494 1174 634 1217 efficit.
666 1173 778 1224 Quid
808 1174 955 1217 enim?
987 1173 1053 1216 Ita
1083 1174 1248 1216 iocatur
1278 1173 1552 1230 Propertius:
1589 1172 1694 1228 „Vis

201 1251 328 1293 etiam
358 1263 510 1294 vacare
538 1251 694 1305 literis3
729 1250 834 1307 quid
865 1263 964 1306 ergo

465 1361 644 1404 insanus
677 1360 816 1403 medio
848 1359 1028 1402 flumine
1059 1359 1230 1415 quaeris
1262 1358 1428 1415 aquas?

199 1477 264 1521 De
295 1490 437 1520 amore
477 1490 593 1533 cane,
623 1477 661 1519 si
690 1489 779 1519 non
810 1476 991 1519 aliorum
1022 1479 1065 1518 at
1094 1478 1184 1531 tuo,
1215 1475 1344 1532 digna
1374 1488 1424 1518 ea
1454 1474 1692 1518 materies.’'

200 1554 284 1597 Sed
322 1553 572 1610 praecedere
614 1552 749 1608 debet,
780 1555 829 1595 ut
861 1553 1022 1608 opinor,
1054 1552 1200 1607 aliqua
1230 1551 1487 1594 exercitatio.
1519 1551 1692 1593 Bonum

200 1643 299 1686 ergo
343 1629 503 1672 factum
550 1630 588 1672 si
629 1629 716 1671 iam
754 1628 1067 1671 Anaoreontem
1109 1628 1249 1669 novit:
1292 1639 1417 1669 nemo
1460 1627 1574 1669 enim
1616 1626 1690 1669 illo

201 1705 357 1748 melius
405 1705 509 1761 quid
555 1706 612 1748 sit
657 1705 846 1747 earmina
891 1705 1048 1747 erotica
1092 1703 1231 1746 faeere
1273 1703 1405 1747 docet.
1437 1703 1692 1747 Praesertim

200 1781 409 1837 Propertii
434 1781 570 1823 amico
598 1781 868 1837 prodesse
893 1781 1031 1836 potuit
1056 1781 1105 1835 si,
1123 1780 1239 1836 quod
1254 1779 1415 1836 fingere
1429 1781 1475 1822 in
1491 1783 1694 1836 promptu

200 1860 275 1913 est,
316 1858 362 1899 in
402 1857 692 1913 philosophiae
722 1857 794 1900 ille
825 1857 966 1900 studio
998 1856 1146 1900 florem
1177 1857 1324 1900 aetatis
1356 1860 1692 1913 consumpserat.

199 1935 370 1978 Poterat
402 1936 516 1978 enim
547 1935 860 1978 Anacreontem
891 1936 1050 1978 imitari
1083 1935 1299 1991 querendo

818 2043 889 2092 τὴν
921 2043 994 2096 μὲν
1025 2042 1123 2096 ἐμὴν
1155 2042 1280 2095 κόμην

557 2146 613 2151 -
644 2120 762 2169 λευκὴ
794 2119 871 2174 γὰρ
904 2146 959 2151 -
992 2119 1312 2174 καταμέμφεται

617 2196 706 2250 πρὸς
738 2196 773 2239 δ’
805 2195 926 2239 ἄλλον
957 2195 1045 2239 τινὰ
1082 2195 1238 2249 χάσκει.

204 2313 406 2370 Scaligeri
451 2326 551 2357 vero
598 2314 823 2356 inventum
865 2314 1198 2370 pulcherrimum
1243 2317 1327 2358 est:
1371 2315 1551 2357 coniecit
1580 2314 1693 2357 enim

204 2389 458 2454 Effifflsstiv
506 2390 622 2445 quod
658 2393 798 2432 tamen
831 2402 956 2432 nemo
988 2391 1168 2446 recepit3
1202 2390 1420 2446 deterruit,
1451 2393 1501 2432 ut
1534 2391 1695 2445 opinor,

204 2478 350 2509 omnes
394 2466 637 2508 latinum
683 2464 869 2508 Lucretii
910 2478 1068 2508 nomen
1108 2467 1378 2509 interiectum
1420 2469 1481 2508 tot
1513 2466 1695 2509 Graecis.

204 2542 287 2586 Sed
332 2541 469 2585 debile
515 2542 630 2585 istud
672 2545 970 2598 argumentum
1012 2546 1159 2585 contra
1199 2543 1456 2598 praeclaram
1498 2543 1694 2585 emenda-

203 2620 364 2662 tionem
389 2618 568 2661 videtur.
598 2616 710 2668 Quid
726 2619 851 2674 enim,
869 2617 1054 2674 obsecro,
1073 2618 1266 2661 obstabat
1283 2620 1516 2674 quominus
1534 2622 1695 2661 ceteros

205 2695 399 2750 Graecos,
446 2708 582 2737 unum
627 2694 828 2737 Latinum
870 2695 1109 2737 nominaret
1148 2694 1430 2751 Propertius?
1476 2695 1594 2746 Quae
1624 2696 1697 2738 lex

203 2771 403 2814 vetabat?
436 2769 556 2827 Opus
586 2770 655 2812 hic
687 2773 775 2813 erat
804 2773 928 2826 poeta
960 2771 1034 2826 qui
1064 2771 1330 2832 Qnditum
1364 2772 1537 2828 aliquod
1571 2785 1695 2828 argu-

203 2850 397 2890 mentum
442 2847 563 2890 doete
609 2849 650 2889 et
695 2859 751 2889 ex
796 2848 898 2889 artis
938 2846 1106 2903 legibus
1147 2832 1381 2905 traetasset,
1414 2861 1542 2904 quem
1572 2848 1699 2904 pauci
