2034 3334
914 353 997 394 189

616 476 878 533 Stupuitque
908 476 1075 519 Ixionis
1113 476 1229 519 orbis

203 541 244 580 et
618 596 837 652 Urnisque
870 599 1076 639 vacarunt
1113 595 1297 650 Belides,

205 705 405 749 scriberet
432 718 662 748 memorem
694 718 787 748 esse
812 706 1002 762 potuisse
1023 704 1248 748 Horatiani
1266 706 1479 759 carminis,
1496 718 1550 747 ex
1568 717 1704 760 eoque

205 781 356 824 verba:
391 783 531 836 „stetit
559 795 665 824 urna
692 781 869 837 paulum
897 781 1095 824 sicca''et
1116 781 1266 836 „Ixion
1286 782 1411 823 vultu
1429 782 1523 823 risit
1539 781 1702 824 invito”

205 859 441 914 sumpsisse
489 871 598 914 quae
641 859 686 900 in
729 872 858 901 suum
889 872 1016 901 usum
1051 862 1326 901 converteret.
1359 858 1469 901 Nam
1503 858 1619 914 quod
1650 858 1703 901 ad

203 933 304 976 Her.
347 934 455 976 XIV
496 936 688 990 pertinet,
719 935 806 976 illic
839 935 1047 991 quaedam
1079 935 1282 990 leguntur
1314 948 1424 990 quae
1457 934 1703 977 Horatianis

204 1011 340 1053 multo
383 1014 484 1053 sunt
527 1011 731 1053 similiora
763 1025 889 1067 quam
925 1024 1036 1067 quae
1067 1024 1090 1054 e
1122 1011 1532 1068 Metamorphosesin
1563 1012 1706 1054 attulit

206 1086 466 1142 Zingerleus.
509 1086 714 1130 Horatius
756 1089 868 1130 enim
912 1087 1293 1144 Hypermnestram
1337 1089 1546 1131 dicentem
1578 1087 1702 1130 facit:

385 1194 534 1252 Surge,
565 1209 620 1239 ne
651 1196 807 1252 longus
839 1196 916 1239 tibi
949 1210 1126 1240 somnus
1159 1197 1274 1240 unde

384 1271 482 1314 Non
515 1273 639 1315 times
672 1273 805 1315 detur.

210 1382 412 1426 Ovidius:

382 1492 518 1548 Surge
544 1491 550 1547 Ι
577 1491 676 1534 Nox
708 1491 798 1547 tibi,
831 1493 877 1534 ni
907 1505 1121 1548 properas,
1152 1493 1234 1535 ista
1265 1494 1464 1549 perennis
1497 1494 1596 1537 erit.

205 1601 435 1645 Horatius:

380 1711 414 1766 Ι,
445 1711 573 1767 pedes
605 1724 690 1767 quo
721 1714 762 1754 te
792 1712 965 1767 rapiunt
996 1714 1037 1754 et
1070 1724 1212 1766 aurae,

382 1786 497 1831 Dum
528 1787 642 1830 favet
673 1801 773 1830 nox.

208 1896 413 1939 Ovidius:

387 2005 502 2048 Dum
535 2019 623 2048 nox
656 2007 769 2062 sinit,
801 2006 951 2062 effuge.

207 2114 433 2157 Horatius:

445 2224 588 2267 Nostri
621 2237 851 2266 memorem
884 2224 1079 2280 sepulcro

446 2300 595 2356 Scalpe
627 2300 855 2355 querelam.

210 2408 414 2452 Ovidius:

388 2517 648 2573 Sculptaque
680 2518 766 2559 sint
798 2518 923 2559 titulo
957 2521 1101 2560 nostra
1134 2518 1327 2573 sepulcra
1356 2518 1486 2561 brevi.

270 2625 352 2669 Sed
400 2626 600 2681 quoniam
643 2625 695 2667 ab
739 2629 921 2680 utroque
952 2629 1073 2681 poeta
1106 2626 1250 2669 eadem
1285 2630 1488 2670 tractatur
1518 2628 1707 2683 historia,

209 2702 302 2745 fieri
344 2714 430 2743 non
473 2705 635 2756 poterat
668 2701 774 2756 quin
807 2705 847 2743 et
880 2701 1024 2743 eadem
1057 2702 1263 2744 nonnulla
1296 2702 1503 2745 vocabula
1537 2686 1707 2759 utrique

211 2791 257 2821 se
299 2780 450 2833 sponte
493 2776 700 2819 offerrent.
746 2776 889 2827 Quum
935 2778 1047 2820 enim
1079 2777 1264 2832 aliquem
1298 2791 1321 2820 e
1353 2792 1502 2821 somno
1535 2780 1708 2834 excitas,

212 2866 267 2895 ne
314 2853 591 2895 dormientem
649 2865 747 2894 eum
796 2854 1037 2908 opprimant
1082 2853 1236 2909 hostes,
1284 2854 1491 2897 vocabulo
1539 2867 1708 2911 surge
