2034 3334
1058 336 1115 378 64

257 456 263 512 ,³
332 461 479 516 coepit.
525 459 592 503 Ita
634 463 748 504 certe
787 461 967 504 Horatio
1010 462 1167 523 visum,
1198 463 1286 518 qui,
1316 463 1397 506 hoc
1427 465 1616 508 carmine
1647 468 1842 523 excepto,

257 537 259 557 ³
335 536 386 579 de
429 535 618 580 Caesaris
660 537 942 594 Pompeiique
973 537 1085 581 bello
1119 539 1408 599 tace-reasolet,
1440 540 1492 583 de
1523 541 1695 597 proeliis
1725 542 1840 584 inter

332 611 614 656 Octavianum
646 617 688 656 01
721 614 965 657 Antonium
998 615 1179 672 eiusque
1211 617 1351 660 socios
1377 619 1599 673 tamquam
1625 617 1678 661 de
1695 618 1838 662 causis

332 689 630 732 acerbissimae
661 690 927 734 crudelitatis
958 692 1183 755 permultis
1210 692 1314 736 locis
1347 694 1543 749 queritur
1569 693 1634 749 (cf,
1656 706 1690 737 0.
1707 707 1742 737 0.
1758 693 1840 752 Ep.

335 766 389 807 16
423 767 607 823 scriptus
639 781 674 810 a.
707 768 777 823 41,
808 770 850 811 et
884 768 923 825 7,
957 769 1141 825 scriptus
1175 783 1209 812 a.
1239 771 1321 824 33).
1349 769 1572 814 Praeterea
1586 771 1840 829 notandum,

331 846 380 885 ut
411 857 541 900 supra
570 843 887 901 Iugurthae
918 859 995 902 pro
1024 845 1383 904 Carthagini,
1410 848 1469 891 ita
1486 848 1556 890 hic
1583 846 1839 892 Dauniae

329 933 405 976 pro
436 919 716 964 Romanae
746 923 869 965 metri
902 935 1033 966 causa
1063 936 1157 966 esse
1189 925 1388 980 positum.

389 996 539 1054 Inepto
571 1000 759 1042 carmine
790 999 1042 1055 dignissima
1073 1003 1137 1043 est
1171 1001 1325 1044 ultima
1358 1002 1531 1058 stropha

629 1107 711 1151 Sed
743 1121 798 1152 ne
829 1109 1000 1165 relictis,
1032 1109 1159 1153 Musa
1189 1124 1361 1167 procax,
1391 1112 1498 1155 iocis

629 1183 736 1228 Ceae
766 1189 967 1229 retractes
1001 1200 1180 1230 munera
1210 1188 1402 1244 naeniae,

689 1260 860 1304 Mecum
892 1261 1083 1306 Dionaeo
1118 1263 1199 1306 sub
1237 1267 1360 1307 antro

749 1337 915 1390 Quaere
947 1340 1097 1383 modos
1126 1340 1287 1385 leviore
1316 1341 1488 1398 plectro.

387 1455 634 1500 Relictis
665 1458 822 1500 iocis.
856 1456 1002 1508 Quid?
1032 1472 1275 1515 usquamne
1301 1459 1520 1515 professus
1548 1462 1613 1503 est
1627 1459 1834 1504 Horatius

328 1545 374 1576 se
405 1533 467 1575 nil
499 1535 761 1590 scripturum
794 1534 910 1590 quod
953 1548 1041 1577 11011
1072 1536 1206 1578 100081
1237 1540 1348 1595 esset
1375 1536 1576 1592 generis?
1603 1535 1650 1579 Si
1663 1536 1835 1580 fecisset

327 1612 471 1652 tamen
517 1623 606 1653 non
647 1610 732 1653 dici
761 1614 906 1666 posset
936 1611 1017 1654 hoc
1047 1613 1236 1655 carmine
1269 1612 1493 1655 scribendo
1524 1613 1732 1670 propositi
1763 1614 1834 1656 8111

328 1685 463 1730 fuisse
492 1688 726 1730 immemor.
758 1687 858 1730 Non
891 1689 1005 1731 0111111
1037 1689 1268 1732 admodum
1295 1690 1416 1732 triste
1443 1690 1514 1733 vel
1539 1689 1723 1747 lugubre
1738 1691 1834 1734 01118

327 1767 392 1806 081
422 1767 736 1820 argumentum.
779 1764 890 1807 Nam
924 1766 985 1808 sic
1016 1765 1103 1808 fere
1136 1766 1332 1821 loquitur
1361 1769 1511 1822 poeta:
1548 1766 1649 1822 „Tu‚
1679 1766 1834 1822 Pollio,

329 1841 382 1883 de
413 1840 523 1884 bello
556 1841 672 1884 civili
704 1841 862 1884 librum
897 1843 1136 1898 scripturus
1169 1855 1236 1896 es3
1272 1842 1472 1900 difficilis,
1503 1843 1655 1899 hercle,
1684 1843 1832 1886 labor!

331 1916 445 1967 Quot
485 1919 598 1960 enim
634 1917 710 1960 tibi
741 1918 900 1974 proelia
931 1922 1061 1961 erunt
1093 1919 1317 1975 narranda,
1350 1924 1537 1976 quantae
1568 1920 1833 1964 crudelitatis

328 1994 522 2037 facienda
552 1995 735 2038 mentio!
768 1994 879 2051 Heu,
906 1996 989 2051 ipsi
1020 1996 1135 2039 cives
1167 1997 1332 2039 mutuis
1365 1997 1612 2040 ceciderunt
1641 1997 1833 2040 vulneri·

327 2070 450 2114 bus.'’
485 2069 604 2121 Quae
635 2085 764 2115 causa
795 2075 860 2115 est
892 2085 970 2115 cur
1001 2086 1119 2115 nunc
1150 2073 1203 2115 ad
1230 2074 1509 2129 semetipsum
1538 2087 1584 2117 se
1610 2077 1833 2118 convertat

328 2147 536 2191 Horatius
569 2162 701 2205 seque
732 2149 980 2193 adhortetur
1010 2152 1060 2192 111
1085 2151 1207 2193 triste
1233 2150 1351 2193 istud
1378 2154 1682 2207 argumentum
1700 2165 1831 2208 quam

328 2226 513 2281 primum
563 2226 761 2269 omittat?
808 2226 904 2269 Hoc
949 2226 1036 2270 fere
1079 2240 1179 2270 eum
1227 2228 1415 2271 voluisse
1461 2229 1678 2285 suspicor:
1730 2228 1832 2285 „Tu,

329 2301 479 2357 Pollio,
511 2303 563 2346 de
595 2303 807 2346 horrendo
839 2303 913 2346 illo
946 2303 1055 2346 bello
1089 2304 1207 2346 civili
1240 2305 1479 2360 scripturus
1511 2317 1579 2359 es3
1613 2317 1748 2361 egone
1781 2308 1832 2349 ut

329 2391 522 2434 unquam
567 2379 779 2422 eiusmodi
824 2383 996 2436 tangam
1040 2381 1283 2422 materiam!
1325 2380 1453 2424 Absit
1485 2394 1619 2424 omen.
1651 2380 1832 2425 Leviora

328 2456 432 2497 mihi
478 2457 667 2499 carmina
714 2457 883 2513 placent
930 2457 982 2500 de
1031 2470 1184 2513 amore,
1232 2459 1346 2513 vino,
1393 2458 1540 2514 epulis.
1588 2457 1681 2501 Tibi
1722 2458 1832 2503 bene

330 2533 538 2588 succedat,
580 2547 739 2589 precor,
783 2534 898 2590 quod
938 2534 1159 2590 inchoasti,
1202 2548 1279 2591 ego
1312 2539 1454 2578 tecum
1487 2535 1538 2585 de
1569 2535 1710 2591 palma
1741 2548 1832 2579 cer-

328 2611 417 2650 tare
448 2622 534 2650 non
568 2610 797 2662 conabor’'‚
830 2611 903 2653 sed
937 2614 1072 2654 metro
1105 2615 1299 2654 coactum
1334 2625 1463 2668 prave
1494 2612 1539 2654 id
1570 2613 1829 2656 enuntiasse.

328 2683 450 2739 Nam,
497 2689 546 2727 ut
593 2687 788 2742 strophae
838 2689 1091 2730 sententiam
1138 2688 1355 2744 paulisper
1396 2689 1655 2743 omittamus,
1699 2702 1829 2744 quam

328 2761 463 2803 multa
504 2761 629 2804 habet
670 2764 884 2806 inculcata
914 2765 1070 2807 inania.
1102 2764 1228 2808 Musa
1260 2778 1430 2821 procax.
1465 2763 1550 2806 Cur
1582 2765 1827 2820 procax?

328 2837 399 2879 An
448 2839 561 2894 quod
603 2838 772 2882 Horatii
810 2840 936 2884 Musa
975 2854 1133 2897 procax
1167 2854 1294 2885 esse
1327 2841 1506 2885 solet?
1542 2839 1679 2896 „Quia
1711 2854 1828 2884 nunc
