2034 3334
980 215 1068 261 150

232 337 324 382 Iam
368 337 475 381 alios
517 335 710 381 eiusdem
741 336 899 381 farinae
930 350 1079 381 versus
1110 350 1135 380 a
1166 336 1337 382 falsario
1366 336 1487 383 fictos
1517 342 1562 382 et
1590 337 1824 384 Metamor-

223 408 423 466 phosesin
453 407 639 451 adiectos
670 409 967 465 cognovimus.

288 554 347 597 83
365 569 455 611 sqq.
489 552 679 598 Gravem
712 554 878 598 hastam
911 567 1034 598 suam
1066 553 1255 599 Achilles
1285 555 1329 598 in
1361 553 1567 613 Cygnum
1591 555 1788 618 coniicit:

406 623 490 667 Sed
522 637 783 681 quamquam
816 628 931 668 certa
962 623 1110 667 nullus
1141 624 1226 667 fuit
1256 638 1372 668 error
1399 627 1444 668 in
1474 625 1618 678 hasta,

404 694 480 738 Nil
512 699 655 738 tamen
687 696 834 738 emissi
863 694 1045 752 profecit
1073 696 1269 739 acumine
1299 695 1421 748 ferri,

405 764 550 822 thue
581 765 726 808 hebeti
756 769 905 822 pectus
938 765 1236 809 tantummodo
1268 766 1462 809 contudit
1491 767 1595 810 ictu.

412 835 554 887 „Nate
586 835 685 888 dea,
719 850 819 880 nam
852 840 894 879 te
926 836 1039 879 fama
1071 835 1404 892 praenovimus’'
1436 838 1579 894 inquit

404 905 483 949 Ille
515 921 551 949 e.
570 921 610 963 q.
629 920 662 949 s.

226 976 543 1020 Tantummodo
585 977 800 1028 contudit,
833 991 916 1020 non
947 978 1080 1020 etiam
1112 976 1358 1021 vulneravit
1390 981 1563 1034 pectus,
1593 981 1686 1022 erat
1716 992 1820 1038 ergo

224 1061 374 1091 revera
415 1047 530 1089 hebeat
570 1049 704 1099 ictus,
747 1061 884 1103 neque
925 1061 1026 1090 cum
1067 1048 1212 1091 hebeti
1256 1049 1349 1091 ictu
1388 1050 1625 1106 comparari
1657 1052 1820 1106 potent,

223 1117 335 1174 quod
367 1119 663 1161 coniunctione
693 1123 739 1160 ut
765 1117 826 1160 fit.
855 1116 1016 1161 Deinde
1042 1119 1159 1160 iusto
1189 1118 1340 1162 durius
1365 1122 1430 1162 eet
1455 1132 1622 1162 novum
1637 1119 1820 1163 verbum

221 1188 391 1245 (inquit)
432 1187 553 1232 nullo
590 1188 761 1232 vinculo
793 1188 1013 1232 adnectere
1044 1188 1407 1245 praecedentibus.
1450 1189 1632 1247 Utrique
1661 1190 1819 1235 incom-

226 1258 351 1302 modo
383 1259 619 1302 medeberis
650 1261 710 1302 sic
739 1259 1061 1316 distinguendo:

405 1329 479 1373 Nil
511 1334 655 1373 tamen
686 1331 832 1373 emissi
863 1330 1042 1386 profecit
1072 1331 1269 1374 acumine
1299 1330 1414 1373 ferri.

409 1400 551 1456 thue
583 1401 728 1443 hebeti
760 1405 909 1457 pectus
940 1400 1240 1445 tantummodo
1273 1401 1469 1445 contudit
1498 1403 1612 1453 ictu,

407 1470 544 1523 „Nate
577 1471 681 1514 dea’'
715 1485 750 1514 e.
769 1485 808 1527 q.
827 1485 860 1514 s.

286 1604 373 1648 118
406 1605 498 1658 Quo
529 1605 758 1662 plangente
789 1619 968 1663 gravem
1001 1606 1254 1650 moribundo
1285 1607 1429 1649 vertice
1459 1610 1632 1650 terram.

224 1674 355 1719 Recte
385 1675 618 1719 Ehwaldus
647 1676 818 1719 Heinsii
847 1677 954 1719 hanc
986 1677 1326 1720 emendationem
1358 1678 1516 1734 recepit
1546 1691 1622 1734 pro
1644 1681 1815 1732 pectore,

223 1745 335 1801 quod
362 1752 534 1802 propter
559 1747 753 1802 proxime
777 1746 1028 1802 praecedens
1046 1752 1214 1801 pectora
1240 1745 1359 1790 nullo
1384 1747 1510 1790 modo
1536 1747 1638 1790 ferri
1660 1750 1814 1804 potest.
1858 1762 1871 1774 ⁶

220 1814 303 1858 Sed
329 1815 432 1872 quid
459 1815 668 1858 adiectivo
690 1831 850 1870 ‚qr-avem
876 1815 1113 1859 faciamus?
1139 1817 1251 1860 Nam
1275 1817 1356 1860 hoc
1378 1831 1547 1874 quoque
1563 1820 1815 1874 corruptum

220 1899 311 1929 esse
343 1886 453 1928 mihi
483 1890 660 1929 constet.

282 2030 367 2074 132
400 2031 530 2075 Haud
560 2031 662 2075 tulit
694 2032 878 2075 ulterius
891 2064 901 2083 ,
935 2031 1155 2089 clipeoque
1186 2032 1363 2076 adversa
1393 2034 1532 2076 retecti

399 2101 481 2144 'Per
511 2107 663 2158 quater
694 2116 767 2146 ora
797 2104 903 2155 viri,
938 2102 1087 2159 capulo
1118 2117 1222 2146 cava
1253 2108 1445 2160 tempora
1475 2103 1630 2161 pulsat.

215 2171 405 2229 Egregia
446 2174 548 2215 haec
590 2178 655 2215 est
695 2173 900 2216 Merkelii
941 2173 1180 2216 emendatio
1211 2188 1287 2230 pro
1319 2173 1512 2216 codicum
1544 2176 1714 2227 reducto,
1747 2189 1808 2229 ro-

217 2247 330 2293 lez-to,
362 2243 518 2294 reiecto,
551 2248 718 2297 recepto.
751 2243 881 2286 Recte
911 2243 1027 2286 idem
1059 2257 1159 2286 cum
1191 2243 1281 2287 cod.
1309 2245 1359 2286 M
1386 2250 1482 2300 post
1506 2244 1588 2286 viri
1612 2246 1808 2289 coniunc-

215 2314 376 2354 tionem
417 2318 455 2354 ει
495 2305 662 2355 omisit:
705 2314 751 2355 τὸ
789 2314 1005 2356 ἀσύνδετον
1038 2315 1211 2370 egregie
1244 2313 1439 2371 depingit
1471 2318 1671 2357 motuum
1701 2313 1807 2359 cele·

214 2383 401 2425 ritatem.

279 2515 362 2559 175
789 2519 976 2561 Monstri
1007 2520 1200 2561 novitate
1231 2519 1438 2562 feruntur.

214 2585 283 2628 Sic
325 2592 387 2629 est
428 2590 472 2629 in
516 2589 586 2639 M;
630 2588 818 2631 Kornius
857 2594 1039 2631 cenentur
1070 2590 1272 2641 coniecit,
1306 2589 1454 2640 credo,
1485 2603 1539 2632 ne
1569 2589 1803 2646 quidquam

214 2662 402 2699 sumeret
444 2672 466 2699 a
508 2658 647 2701 codice
691 2659 970 2710 „deteriore’',
1014 2672 1115 2701 nam
1156 2660 1201 2700 in
1245 2668 1270 2700 λ
1303 2664 1380 2710 est,
1414 2659 1526 2716 quod
1559 2659 1699 2703 solum
1730 2660 1800 2703 hic

215 2726 384 2781 probari
418 2732 582 2782 potest,
616 2734 815 2771 moventur
848 2733 884 2781 (ε
918 2733 1122 2781 movetur).

271 2869 359 2911 273
395 2870 580 2923 Tempora
607 2877 719 2913 recte
745 2872 827 2913 dici
855 2887 975 2927 posse
1005 2872 1152 2922 „fulvo
1162 2877 1348 2926 protecta
1364 2872 1546 2929 capillo''
1566 2874 1637 2916 vix
1656 2873 1796 2916 credo.
