2034 3334
883 360 966 400 193

185 487 352 530 Horatii
398 486 546 547 Satiris
588 485 858 540 potissimum
899 483 1190 540 Epistolisque
1233 496 1338 525 usus
1371 484 1439 537 sit,
1470 483 1578 524 nihil
1609 482 1683 524 illa

188 564 339 606 docent
359 545 525 618 praeter
550 561 593 602 id
624 561 738 616 quod
754 562 845 616 ipse
862 559 1108 615 Zingerleus
1127 560 1373 614 praesertim
1392 559 1684 601 demonstrare

188 640 270 682 sibi
314 639 557 695 proposuit:
601 638 793 679 omnium
824 636 940 678 illius
972 636 1174 691 temporis
1206 639 1442 691 poetarum,
1478 636 1552 690 qui
1579 635 1682 690 Q-

188 717 316 778 txlico
350 719 482 769 metro
514 715 582 756 usi
613 717 726 768 sunt,
757 713 939 756 eundem
970 712 1104 754 fuisse
1123 725 1384 765 sermonem,
1411 712 1556 754 eadem
1585 712 1684 753 arti-

187 791 294 834 ficia.
337 776 461 841 Quod
503 791 607 845 quin
651 802 801 832 verum
833 789 889 831 sit
921 788 1017 844 quis
1049 787 1247 830 dubitat?
1279 787 1370 829 Iam
1404 799 1538 842 pauca
1570 787 1684 829 enim

187 867 260 909 illa
308 880 417 922 quae
463 879 516 908 ex
559 866 689 907 Ennii
729 864 972 906 Annalibus
1014 867 1246 919 supersunt
1287 863 1523 918 fragmenta
1556 875 1685 917 quam

190 947 303 985 certo
350 955 564 998 quamque
605 945 785 997 angusto
827 942 996 982 tramite
1028 952 1195 995 semper
1227 940 1464 981 cucurrerit
1494 938 1687 980 Romana

189 1020 329 1074 poesis
376 1019 676 1060 demonstrant.
724 1016 783 1058 Of.
826 1017 931 1058 mihi
971 1015 1088 1058 Libri
1128 1015 1151 1057 Ι
1192 1015 1241 1057 fr.
1287 1017 1342 1057 59
1373 1028 1435 1057 vs.
1468 1015 1524 1056 86
1558 1014 1688 1070 (apud

193 1093 464 1147 Muellerum)

371 1193 440 1236 Sic
471 1192 742 1248 exspectabat
772 1192 956 1248 populus
988 1194 1117 1247 atque
1151 1204 1224 1233 ora
1253 1190 1425 1233 tenebat

370 1269 528 1324 Rebus,
561 1270 646 1311 utri
678 1270 823 1324 magni
854 1269 1029 1310 victoria
1060 1269 1115 1310 sit
1148 1268 1244 1310 data
1275 1268 1397 1323 regni

195 1392 291 1422 cum
326 1392 454 1421 versu
487 1377 697 1421 Ovidiano
735 1377 847 1432 (Met.
879 1376 959 1432 IX,
989 1377 1084 1431 49):

784 1483 974 1535 spectant
1005 1482 1197 1521 armenta
1227 1482 1482 1534 paventque,

372 1557 525 1599 Nescia
557 1569 686 1612 quem
719 1560 887 1598 maneat
918 1557 1026 1598 tanti
1056 1556 1237 1597 victoria
1272 1555 1415 1610 regni:

198 1668 322 1709 modo
369 1668 456 1708 nati
497 1666 610 1722 apud
650 1665 864 1707 Romanos
906 1666 1104 1707 carminis
1135 1664 1317 1706 Romani
1348 1663 1525 1706 eandem
1557 1663 1691 1705 fuisse

198 1744 546 1798 compositionem
579 1755 688 1797 quae
720 1754 885 1796 semper
915 1741 1046 1783 fuerit
1076 1753 1291 1796 agnosces.

258 1818 410 1873 Neque
456 1818 552 1860 illos
594 1818 711 1859 locos
752 1817 940 1859 indicare
973 1816 1160 1872 neglexit
1190 1815 1439 1871 Zingerleus
1471 1814 1545 1857 ubi
1577 1818 1690 1856 uter-

201 1908 283 1950 que
315 1898 436 1949 poeta
466 1894 647 1936 eundem
680 1894 851 1948 respicit
883 1898 1110 1947 auctorem,
1139 1893 1263 1934 modo
1289 1893 1348 1934 ita
1374 1897 1422 1934 ut
1449 1892 1554 1933 alter
1569 1891 1692 1932 illum

201 1970 382 2024 παρῳδῶν
415 1971 635 2026 exprimat,
674 1970 797 2012 modo
828 1970 888 2011 ita
918 1973 966 2012 ut
998 1969 1111 2024 apud
1143 1972 1344 2010 neutrum
1379 1967 1517 2009 ullum
1549 1979 1694 2008 cerna-

200 2053 271 2089 tur
301 2047 468 2089 iocandi
505 2046 743 2088 consilium.

261 2123 480 2165 Postremo
523 2124 575 2177 (p.
610 2123 694 2163 30-
727 2123 797 2175 32)
839 2122 965 2176 longa
1002 2122 1108 2163 serie
1139 2121 1329 2162 locorum
1362 2119 1693 2161 Horatianorum

203 2213 299 2241 cum
345 2198 566 2240 Ovidianis
609 2202 948 2253 comparatorum
992 2211 1117 2252 quam
1155 2197 1283 2238 fuerit
1315 2199 1429 2238 certa
1461 2200 1501 2237 et
1533 2195 1696 2237 stabilis

202 2278 420 2330 poetarum
463 2274 750 2315 Romanorum
795 2274 922 2314 dictio
965 2272 1213 2327 Zingerleus
1246 2272 1377 2312 docet.
1411 2270 1492 2312 Sed
1525 2283 1579 2312 ne
1608 2270 1694 2312 illis

205 2351 376 2406 quidem
424 2364 448 2392 a
496 2363 588 2392 mea
632 2350 683 2391 de
725 2353 814 2390 arte
858 2348 1066 2390 Ovidiana
1108 2348 1317 2390 sententia
1359 2347 1555 2402 depellor,
1588 2359 1697 2401 quae

205 2426 446 2468 cuiusmodi
477 2427 531 2467 sit
562 2426 646 2466 iam
682 2425 831 2466 dicam.

264 2502 333 2543 Ad
376 2501 576 2543 Ovidium
614 2501 785 2555 penitus
818 2499 1159 2555 cognoscendum
1192 2512 1279 2540 non
1312 2511 1419 2553 opus
1451 2501 1516 2540 est
1546 2510 1698 2552 magna

205 2579 415 2620 industria
449 2589 655 2631 magnove
686 2576 839 2617 labore.
873 2574 956 2624 Qui
987 2575 1115 2617 fuerit
1147 2588 1231 2616 non
1264 2576 1480 2616 innumeri
1508 2575 1699 2629 undique

208 2655 322 2696 allati
352 2654 434 2694 loci
470 2652 623 2694 melius
655 2664 732 2693 nos
765 2651 915 2692 docent
948 2664 1076 2705 quam
1110 2664 1223 2692 unus
1248 2651 1320 2692 ille
1347 2651 1597 2705 versiculus,
1614 2664 1699 2705 quo

209 2731 260 2772 de
291 2743 336 2772 se
369 2731 460 2785 ipse
494 2727 674 2770 Ovidius
709 2731 871 2769 narrat:

476 2828 694 2884 Quidquid
726 2828 938 2870 tentabam
973 2828 1111 2871 dicere
1144 2841 1293 2870 versus
1320 2831 1421 2870 erat,

1523 2902 1566 2936 13
