2034 3334
951 374 1005 412 91

196 499 316 548 ponit
341 499 589 547 loquentem
616 499 903 549 Chremetem,
932 509 1060 548 quem
1082 499 1232 538 volens
1249 509 1383 547 usque
1401 500 1454 538 ad
1472 499 1759 548 cognitionem

196 573 309 614 filiae
345 585 449 614 suae
480 575 677 623 retinere,
711 585 797 614 non
827 575 931 614 facit
962 574 1090 613 irasci
1121 575 1346 623 Pamphilo
1378 574 1430 613 ob
1463 575 1760 624 contemptum

195 649 309 690 filiae
342 643 471 700 suae,
521 653 563 690 et
605 652 702 700 post
743 651 824 690 hoc
865 651 981 690 abire
1024 651 1075 689 de
1115 651 1310 698 medio’';
1354 651 1482 699 atque
1517 651 1586 689 his
1617 651 1760 690 verbis

196 727 336 765 totum
367 728 518 775 poetae
551 727 778 766 consilium
810 727 971 776 optime
1004 726 1203 775 explicat.

255 801 323 844 ΙΙ.
364 803 589 842 Lectorem
630 803 846 853 admonet,
885 802 923 841 si
954 802 1181 852 peculiaris
1213 803 1424 854 quaedam
1455 804 1663 847 venustas
1695 804 1761 842 est

195 877 240 916 in
281 878 421 932 aliquo
454 879 660 917 vocabulo
691 878 872 930 dictove1
907 878 1016 926 quod
1048 878 1184 917 obiter
1216 878 1441 927 aspicienti
1473 878 1632 917 nullius
1665 888 1760 918 esse

195 953 407 993 momenti
448 954 583 992 videri
623 953 772 1003 possit,
816 954 885 992 vel
927 954 964 992 si
1006 954 1050 992 in
1092 953 1303 992 eiusmodi
1343 954 1550 993 vocabulo
1592 955 1760 993 dictove

194 1029 383 1077 lepidum
425 1029 594 1077 aliquod
635 1030 785 1079 EQ
818 1029 1005 1067 cernitur
1037 1029 1277 1068 consilium.
1310 1028 1393 1067 Hic
1423 1029 1613 1078 primum
1648 1040 1758 1068 com-

194 1115 388 1144 memoro
430 1104 755 1144 annotationem
796 1105 850 1143 ad
880 1105 985 1143 Eun.
1018 1115 1082 1144 vs.
1117 1105 1201 1144 963
1234 1105 1286 1143 de
1318 1114 1402 1152 qua
1433 1115 1563 1153 supra
1595 1105 1759 1144 dictum

195 1186 274 1224 est.
308 1185 500 1234 Pythias,
533 1185 583 1223 ut
613 1184 840 1223 inimicum
866 1194 995 1223 suum
1021 1184 1334 1223 Parmenonem
1363 1185 1611 1233 perterreat,
1640 1194 1758 1223 men-

195 1261 302 1300 titur
343 1260 591 1309 Chaeream,
637 1270 765 1307 quem
807 1260 878 1298 ille
909 1269 984 1308 pro
1011 1259 1214 1299 Eunucho
1247 1260 1299 1298 ad
1332 1259 1540 1298 Thaidem
1572 1259 1758 1298 introdu-

194 1336 320 1386 xerit,
350 1336 408 1375 ibi
435 1336 693 1384 deprensum
721 1336 764 1374 et
788 1335 973 1373 vinculis
1001 1335 1283 1374 constrictum
1301 1345 1456 1374 saevas
1474 1335 1574 1373 dare
1586 1344 1758 1383 poenas.

196 1411 279 1451 Hic
309 1411 402 1450 ille:

315 1486 417 1536 Quis
448 1487 578 1525 homo
610 1497 684 1535 pro
716 1487 896 1525 moecho
927 1497 1119 1535 unquam
1150 1486 1259 1526 vidit
1290 1487 1334 1525 in
1361 1487 1488 1526 domo
1514 1485 1761 1525 meretricia

312 1563 466 1602 Prendi
493 1563 786 1611 quemquam?

195 1640 329 1688 rogat,
364 1640 407 1677 et
438 1638 667 1687 respondet
697 1638 878 1691 Pythias
909 1637 970 1676 nil
1001 1638 1107 1676 nisi:
1145 1626 1357 1688 „nescio.’'
1392 1638 1555 1687 Quotus
1582 1638 1761 1686 quisque

196 1715 264 1753 est
290 1714 362 1762 qui
388 1715 540 1763 sponte
567 1714 781 1762 intelligat
808 1724 938 1762 quam
964 1713 1155 1762 lepidum
1182 1713 1286 1752 illud
1313 1714 1488 1752 Thaidis
1505 1723 1760 1762 responsum

194 1790 264 1839 sit,
294 1799 422 1838 quam
450 1789 674 1838 Pythiadis
700 1800 908 1838 personae
935 1790 1097 1838 aptum,
1118 1790 1380 1838 quantopere
1396 1789 1469 1828 illo
1485 1788 1761 1827 mendacium

195 1865 288 1904 eius
315 1865 572 1904 adiuvetur?
599 1865 657 1903 At
683 1865 830 1903 omnia
856 1865 930 1904 illa
956 1865 1080 1904 nobis
1106 1865 1246 1903 reddit
1272 1865 1496 1913 perspicua
1521 1864 1763 1903 Scholiasta

196 1950 247 1979 ea
278 1940 534 1989 annotando,
570 1950 678 1988 quae
710 1951 749 1989 p.
785 1941 839 1979 73
874 1940 1016 1979 citavi.

255 2016 386 2056 Andr.
431 2016 530 2054 534.
574 2015 779 2054 Chremes
821 2014 956 2053 filiam
999 2025 1125 2054 suam
1168 2015 1370 2053 daturum
1407 2025 1454 2053 se
1486 2014 1759 2063 adolescenti,

196 2101 325 2140 quem
351 2092 538 2130 amicam
564 2091 721 2129 habere
749 2090 1006 2140 cognoverit,
1035 2091 1232 2138 negavit3
1263 2090 1380 2129 Simo
1406 2092 1566 2139 tamen,
1601 2090 1760 2129 adoles-

197 2167 334 2206 centis
370 2168 503 2216 pater,
538 2167 588 2205 de
627 2166 916 2205 contrahenda
947 2176 1046 2204 cum
1078 2165 1151 2204 illo
1183 2165 1391 2204 affinitate
1423 2176 1508 2204 non
1539 2165 1759 2213 desperat:

196 2243 241 2281 in
267 2253 456 2281 errorem
484 2242 600 2281 enim
627 2252 727 2280 eum
753 2241 862 2280 Davi
889 2241 1004 2279 servi
1030 2240 1201 2279 induxit
1228 2241 1524 2279 commentum
1547 2240 1598 2279 de
1614 2240 1762 2279 litibus

199 2318 311 2357 inter
353 2318 539 2356 amicam
582 2318 907 2364 amatoremque
950 2316 1068 2355 ortis„
1113 2316 1243 2355 Orare
1276 2326 1375 2364 ergo
1408 2315 1682 2354 Chremetem
1713 2318 1762 2355 ut

201 2393 428 2432 consilium
470 2394 613 2431 mutet
654 2392 867 2439 decernit;
910 2391 1075 2430 interea
1116 2391 1289 2439 nuptias
1330 2391 1472 2438 parari
1504 2391 1622 2429 iubet
1652 2392 1759 2429 tam-

200 2479 330 2516 quam
362 2467 488 2507 hodie
519 2468 701 2506 futuras.
735 2467 912 2514 Iamque
940 2467 992 2504 ad
1019 2466 1293 2505 Chremetem
1320 2466 1560 2514 profecturo
1588 2466 1759 2504 obviam

199 2544 290 2592 ipse
324 2543 395 2582 ille
427 2543 558 2592 venit,
592 2543 664 2590 qui
696 2542 758 2580 sic
790 2552 890 2580 eum
922 2541 1173 2589 alloquitur:

1087 2617 1241 2665 Optato
1274 2616 1463 2654 advenis.

316 2694 494 2741 Aliquot
519 2703 590 2731 me
617 2693 825 2741 adierunt,
850 2702 905 2730 ex
921 2693 965 2730 te
983 2691 1178 2730 auditum
1195 2691 1268 2739 qui
1285 2691 1442 2739 aibant,
1461 2691 1586 2729 hodie
1602 2691 1761 2730 nubere

318 2769 458 2807 Meam
490 2767 626 2806 filiam
658 2769 733 2806 tuo
766 2768 918 2815 gnato:
952 2767 993 2804 id
1024 2767 1118 2804 viso
1150 2768 1228 2805 tun
1259 2777 1314 2804 an
1346 2765 1407 2804 illi
1439 2766 1669 2804 insaniant.

204 2843 473 2882 Stomachari
505 2853 616 2891 eum,
651 2842 723 2889 qui
755 2842 817 2880 sic
848 2841 1046 2890 loquitur,
1081 2852 1135 2879 ex
1166 2841 1365 2880 omnibus
1397 2842 1573 2889 apparet
1603 2841 1758 2890 verbis,

201 2919 276 2957 sed
303 2929 325 2958 e
353 2918 469 2956 nullo
495 2917 636 2966 magis
664 2927 794 2965 quam
822 2927 876 2954 ex
903 2926 987 2955 uno
1014 2916 1086 2954 illo
1115 2916 1390 2966 adierunt,
1411 2917 1531 2955 cuius
1549 2916 1760 2955 acerbitas
