2034 3334
963 370 1044 409 153

218 491 370 531 ficant:
409 493 570 542 „nimia
601 493 787 532 Critonis
818 494 1039 543 diligentia
1070 495 1115 533 in
1146 505 1225 533 sua
1250 493 1431 543 pecunia
1457 492 1730 542 repetenda.’'
1753 487 1780 537 ¹)

163 589 166 591 ·
218 569 336 618 Mira,
381 569 535 619 hercle,
579 570 813 609 Latinitas!
848 570 1045 610 Klotzius
1076 581 1151 619 pro
1183 581 1353 620 parvo
1386 569 1519 609 edidit
1549 578 1779 618 parvae;

217 643 343 694 male,
377 646 426 683 ut
457 645 618 694 opinor.

734 834 818 874 AD
865 835 1259 876 EUNUGHUM.

273 934 383 974 Prol.
418 936 456 974 9.
490 936 672 975 Narrato
704 937 953 976 Phasmatis
985 937 1229 976 Menandrei
1261 937 1516 985 argumento
1548 936 1612 974 sic
1642 935 1781 984 pergit

214 1010 476 1050 Scholiasta:
515 1012 688 1060 „utrum
720 1022 820 1061 ergo
851 1013 932 1052 hoc
963 1013 1076 1052 dicat
1107 1013 1219 1062 quod
1250 1014 1390 1052 totam
1420 1012 1611 1052 fabulam
1642 1012 1779 1050 trans-

213 1086 386 1125 ferendo
418 1086 593 1126 laeserit
623 1087 668 1126 L.
698 1087 916 1138 Lavinius,
945 1099 1003 1128 an
1029 1089 1101 1128 hoc
1125 1090 1290 1128 tantum
1315 1089 1364 1128 de
1390 1098 1470 1136 quo
1496 1086 1778 1136 reprehendat,

212 1161 287 1200 sed
333 1162 402 1200 his
443 1162 580 1210 signis
622 1162 729 1202 velit
759 1164 984 1203 ostendere
1015 1175 1145 1212 quem
1177 1164 1291 1203 dicat
1321 1163 1478 1203 vitiose
1510 1163 1780 1202 Thesaurum

212 1237 506 1285 composuisse
517 1238 566 1276 ‘?’'
593 1238 810 1278 Vocabula
836 1239 1054 1278 inclinatis
1081 1239 1249 1288 depicta
1274 1239 1412 1278 literis
1439 1240 1638 1288 corrupta
1663 1239 1777 1278 sunt.

212 1313 385 1363 86118113,
428 1313 500 1361 qui
541 1314 783 1364 requiritur,
826 1315 1123 1354 huiuscemodi
1154 1316 1242 1355 est:
1280 1326 1362 1365 „an
1392 1315 1473 1354 hoc
1503 1315 1677 1364 quidem
1708 1326 1778 1354 no-

210 1389 328 1428 mine
358 1400 444 1428 non
474 1391 759 1439 reprehendat
787 1392 869 1419 —-’'
899 1392 973 1438 (De
1000 1391 1285 1449 coniunctivis
1312 1392 1356 1430 in
1372 1391 1779 1440 interrogationibus

210 1464 384 1504 directis
415 1476 455 1504 v.
488 1477 583 1515 pag.
621 1467 701 1513 10).
734 1467 860 1506 Haud
892 1468 1131 1516 spernenda
1162 1452 1262 1516 ergo
1294 1467 1584 1506 Westerhovii
1617 1468 1777 1507 coniec-

209 1540 329 1579 tura:
361 1551 442 1590 „an
468 1542 549 1580 hoc
575 1543 748 1581 tantum
775 1543 900 1593 dicat,
930 1554 1014 1582 non
1041 1554 1124 1592 quo
1150 1543 1476 1592 reprehendat.''
1496 1543 1778 1588 Sabbadinius

209 1626 269 1655 ac
311 1619 381 1663 (ex
423 1618 650 1665 codicibus)
684 1619 800 1658 dedit
830 1630 905 1668 pro
938 1630 1024 1670 an,
1060 1621 1103 1659 et
1134 1630 1294 1668 quam
1327 1619 1479 1659 dicat
1509 1630 1584 1668 pro
1617 1631 1776 1668 quem

209 1691 374 1732 dicat.
408 1693 500 1742 Qua
530 1694 695 1733 ratione
727 1695 828 1743 quid
859 1695 1076 1734 lucremur
1107 1705 1193 1734 non
1224 1695 1361 1734 video.

267 1834 298 1884 I,
334 1835 372 1884 2,
407 1835 477 1875 46.
520 1835 737 1876 Potiorem
779 1838 890 1886 apud
932 1837 1140 1877 Thaidem
1161 1847 1164 1850 ·
1183 1848 1278 1878 esse
1319 1838 1506 1877 militem
1539 1837 1773 1887 oportebat,

208 1909 362 1958 quippe
403 1911 475 1958 qui
517 1911 606 1950 iam
648 1913 747 1951 ante
779 1913 1036 1953 Phaedriam
1068 1913 1189 1953 illam
1219 1914 1418 1953 habuerit
1449 1914 1651 1953 amicam.
1684 1914 1777 1952 Hoc

206 1985 279 2023 ubi
320 1985 464 2024 docuit
506 1987 746 2026 Scholiasta
782 1988 890 2027 haec
922 1990 1060 2028 addit:
1098 1991 1169 2038 „et
1198 1990 1280 2029 hoc
1311 1990 1404 2029 sine
1435 1990 1579 2038 puella
1610 1990 1654 2028 et
1684 2000 1774 2028 mu-

206 2070 359 2099 nerum
407 2071 536 2100 causa
583 2062 772 2101 multum
817 2074 892 2112 pro
939 2064 1079 2103 milite
1127 2066 1276 2104 contra
1315 2065 1573 2105 Phaedriam
1614 2065 1774 2104 valet.''

206 2134 532 2175 Absurdissima
573 2138 731 2186 oratio;
776 2140 1025 2188 corruptum
1066 2141 1215 2179 tamen
1251 2141 1394 2179 locum
1425 2151 1511 2180 non
1542 2141 1658 2190 puto.
1694 2141 1777 2179 Hic

206 2210 323 2248 enim
355 2221 510 2250 sensus
541 2213 775 2261 utcumque
804 2224 826 2252 e
852 2214 996 2252 verbis
1023 2215 1146 2254 sine
1177 2215 1369 2264 puella
1401 2216 1455 2254 et
1485 2226 1776 2255 munerum

206 2295 375 2325 causa
416 2287 595 2326 extundi
635 2289 800 2336 potest:
848 2289 1008 2338 „etiam
1051 2300 1137 2328 non
1179 2291 1407 2330 accedente
1449 2292 1603 2341 puella,
1644 2301 1774 2339 quam

203 2360 332 2399 miles
378 2361 416 2400 ei
463 2362 572 2401 dono
615 2363 789 2413 dederit,
833 2364 903 2402 vel
945 2366 1200 2412 argumento
1232 2366 1344 2414 quod
1376 2367 1475 2405 ante
1509 2367 1575 2405 tot
1606 2367 1650 2406 et
1681 2367 1774 2406 tam

203 2445 363 2484 magna
419 2437 458 2475 ei
503 2437 574 2476 ille
621 2438 790 2477 donarit
830 2440 1054 2478 munera.'’
1098 2440 1230 2479 Paulo
1273 2440 1508 2489 elegantior
1548 2440 1598 2480 fit
1638 2441 1774 2481 oratio

202 2510 324 2549 varia
354 2510 537 2551 lectione
568 2513 794 2560 puellae
827 2515 915 2562 (pro
946 2515 1165 2563 puella).

263 2587 332 2625 52.
379 2586 509 2636 „Vult
550 2588 774 2627 ostendere
817 2590 977 2637 quanto
1021 2600 1200 2630 munere
1241 2591 1369 2630 miles
1410 2592 1645 2632 Phaedriae
1677 2604 1772 2632 me-

188 2663 398 2718 ruerat
429 2663 674 2711 anteponi.”
699 2664 1050 2704 Westerhovius:
1080 2667 1379 2715 meruerit;
1409 2668 1614 2706 correctio
1641 2668 1772 2707 incer-

203 2736 389 2786 tissima,
424 2737 522 2776 vide
551 2748 646 2786 pag.
686 2739 739 2778 10
772 2739 823 2778 de
856 2739 1142 2779 coniunctivis
1170 2742 1213 2780 et
1240 2741 1486 2781 indicativis
1512 2742 1557 2781 in
1583 2743 1771 2783 scholiis.

243 2874 264 2906 ¹)
300 2872 432 2908 Belgica
468 2873 560 2902 istud
588 2880 713 2908 parvo
742 2873 803 2902 rei
832 2874 1017 2904 Critonis
1045 2876 1235 2905 tractatu
1263 2876 1311 2906 sic
1339 2877 1554 2907 vertendum:
1585 2878 1682 2914 „door
1710 2887 1773 2909 een

205 2921 424 2959 kleingeestig
442 2924 639 2959 behartigen
656 2926 756 2960 zijner
774 2925 965 2955 financieele
983 2927 1147 2963 belangen
1163 2935 1231 2957 van
1250 2928 1289 2957 de
1310 2929 1391 2964 zine
1409 2936 1477 2959 van
1496 2930 1614 2959 Crito.'’
