2034 3334
940 243 996 288 49

171 365 352 421 denique
392 365 506 407 hunc
539 379 582 407 se
613 378 666 407 ex
696 364 815 406 illius
847 363 1086 406 solventem
1120 363 1344 420 amplexu,
1378 379 1535 407 navem
1567 379 1759 408 conscen—

170 434 367 486 dentem,
410 449 434 478 a
475 439 588 478 terra
631 434 891 485 solventem,
925 436 1115 477 invitum
1146 436 1191 476 in
1223 434 1363 477 altum
1395 439 1671 491 provectum,
1705 434 1758 478 ad

166 519 344 548 uxorem
371 507 692 562 respicientem,
721 507 844 561 signa
873 505 1043 547 dantem
1069 504 1137 546 illi
1165 506 1548 561 accipientemque,
1578 505 1759 561 denique

165 575 385 632 Alcyonen
427 577 686 618 comitamur
729 576 904 617 domum
947 575 1218 626 redeuntem,
1263 580 1305 617 et
1347 575 1416 617 hic
1459 589 1626 631 quoque
1667 577 1759 617 eius

167 646 367 689 audimus
400 648 701 702 querimonias.
737 644 865 688 Hisce
897 646 1096 688 omnibus
1128 659 1210 687 non
1242 647 1387 687 minus
1421 645 1477 687 64
1509 659 1657 688 versus
1681 647 1761 687 im-

168 717 424 774 penduntur.

229 787 417 844 Navigat
459 786 600 844 Ceyx,
646 792 689 830 at
731 802 831 830 mox
868 789 1097 831 vehemens
1130 789 1265 830 oritur
1295 787 1502 844 procella,
1537 802 1644 844 quae
1676 802 1758 844 quo

167 858 293 900 modo
325 872 479 900 navem
512 862 732 915 oppugnet
764 860 940 914 arripiat
970 858 1141 914 frangat
1171 858 1392 914 demergat
1423 860 1616 901 versibus
1642 872 1759 914 prae-

168 930 445 971 stantissimis
488 929 543 971 81
588 929 849 985 depingitur.
893 929 981 971 Nec
1013 931 1158 971 minus
1191 931 1357 985 egregii
1390 938 1490 971 sunt
1521 943 1669 971 versus
1705 928 1759 970 12

168 1000 324 1055 quibus
368 998 519 1056 Ceycis
551 1014 665 1042 mors
697 1004 908 1050 narratur,
942 1013 1067 1055 quem
1102 998 1248 1041 locum
1281 1001 1501 1056 aptissime
1535 999 1761 1056 elegantis—

170 1072 360 1126 simeque
392 1070 554 1112 claudit
585 1074 709 1126 poeta
738 1070 981 1127 legentibus
1013 1072 1058 1112 in
1090 1072 1282 1112 animum
1310 1070 1544 1113 revocando
1572 1070 1760 1112 Luciferi

170 1140 310 1183 filium
336 1155 425 1183 esse
454 1140 638 1198 Ceycem
664 1141 931 1196 docendoque
948 1155 1024 1183 cur
1038 1140 1111 1183 ille
1128 1147 1228 1183 nato
1247 1155 1323 1183 suo
1342 1155 1467 1197 opem
1484 1155 1566 1183 non
1586 1140 1757 1183 tulerit:

349 1212 521 1254 Lucifer
551 1212 754 1254 obscurus
785 1226 859 1254 nec
891 1226 1019 1267 quem
1051 1226 1302 1268 cognoscere
1334 1226 1478 1267 posses

290 1283 295 1290 '
349 1281 429 1324 Illa
462 1285 583 1324 nocte
614 1283 720 1324 fuit:
755 1284 1040 1338 quoniamque
1073 1283 1273 1325 excedere
1304 1282 1417 1325 caelo

351 1353 446 1395 Non
477 1352 624 1403 licuit,
659 1353 798 1394 densis
830 1354 938 1395 texit
971 1367 1047 1395 sua
1077 1353 1262 1394 nubibus
1294 1367 1378 1395 ora.

169 1423 334 1466 Interea
376 1423 493 1465 domi
536 1423 698 1465 desidet
739 1421 954 1479 Alcyone,
988 1425 1196 1465 maritum
1228 1427 1454 1479 expectans
1487 1434 1529 1466 et
1562 1438 1636 1480 pro
1669 1425 1759 1466 eius

170 1493 306 1536 salute
338 1494 563 1549 redituque
595 1493 770 1536 deorum
806 1494 878 1536 sed
905 1493 1079 1535 Iunonis
1106 1496 1331 1550 praecipue
1358 1508 1450 1536 aras
1478 1494 1631 1537 colens.
1665 1495 1760 1537 Non

172 1563 285 1607 ultra
327 1564 401 1606 dea
442 1566 586 1606 irritas
628 1564 725 1606 illas
766 1579 909 1620 preces
954 1564 1101 1606 audire
1133 1569 1292 1620 potest,
1327 1564 1431 1606 Irim
1464 1565 1517 1607 ad
1549 1564 1758 1607 Somnum

172 1636 310 1677 mittit
334 1635 631 1677 mandaturam
661 1634 728 1676 illi
756 1639 805 1676 ut
832 1634 1051 1691 Alcyonen
1077 1635 1126 1676 de
1153 1634 1420 1677 dilectissimi
1449 1637 1594 1678 mariti
1621 1640 1759 1678 morte

170 1705 354 1748 edoceat.
399 1705 605 1761 Legimus
646 1704 903 1761 praeclaram
934 1704 1056 1747 illam
1091 1705 1140 1747 de
1173 1704 1322 1747 Somni
1354 1706 1527 1748 aedibus
1559 1707 1760 1748 narratio-

169 1790 289 1826 nem,
323 1775 527 1818 adsumus
560 1775 776 1832 Alcyonae
808 1790 905 1818 cum
938 1777 1085 1817 mariti
1120 1775 1272 1817 umbra
1299 1776 1580 1832 colloquenti,
1610 1778 1761 1818 tristis-

169 1848 279 1888 simo
321 1860 414 1888 eam
456 1847 749 1902 perturbatam
792 1848 957 1889 somnio
1000 1847 1209 1888 videmus.
1254 1847 1370 1889 Haec
1402 1849 1567 1898 omnia,
1604 1848 1758 1902 quibus

169 1930 247 1973 ego
279 1916 391 1972 quod
422 1920 607 1972 praestet
639 1918 739 1958 novi
772 1916 905 1968 nihil,
945 1915 1027 1959 137
1060 1916 1245 1972 implent
1276 1932 1439 1959 versus.

233 1987 416 2028 Aedibus
444 1987 662 2043 egreditur
690 1987 902 2044 Alcyone,
934 1989 979 2028 in
1010 1987 1135 2030 litore
1167 1992 1252 2029 stat
1283 1990 1574 2043 prospicitque
1607 2013 1663 2018 —
1690 1988 1759 2030 hic

166 2059 311 2113 ipsum
343 2058 487 2099 mariti
520 2071 672 2112 corpus
705 2057 915 2099 fluctibus
948 2057 999 2099 ad
1032 2058 1156 2112 pedes
1182 2059 1273 2099 eius
1302 2059 1501 2109 defertur,
1529 2073 1656 2114 quem
1685 2058 1759 2100 ubi

170 2129 348 2184 agnovit
380 2131 422 2169 et
453 2129 507 2168 iis
540 2128 730 2169 versibus
764 2128 960 2178 deflevit,
993 2142 1098 2183 quos
1125 2130 1358 2170 sexcenties
1384 2128 1526 2185 legere
1554 2130 1688 2184 possis
1717 2131 1759 2170 et

169 2201 313 2242 tamen
347 2212 513 2253 semper
546 2212 627 2239 non
660 2199 823 2239 minore
857 2199 977 2253 tangi
1011 2199 1324 2240 misericordiae
1351 2213 1475 2240 sensu
1503 2213 1630 2254 quam
1659 2212 1758 2240 cum

170 2270 360 2324 primum
395 2282 464 2310 eos
496 2268 798 2324 cognoscebas,
831 2270 875 2309 in
908 2282 1007 2310 aves
1038 2272 1262 2310 mutantur
1293 2270 1438 2311 ambo:

925 2343 1079 2380 coeunt
1110 2339 1301 2395 fiuntque
1333 2343 1549 2395 parenteS,

353 2410 517 2464 Perque
549 2408 638 2451 dies
672 2408 854 2464 placidos
886 2409 1061 2451 hiberno
1094 2414 1284 2464 tempore
1317 2415 1479 2466 septem

354 2479 530 2521 Incubat
564 2479 753 2535 Alcyone
787 2479 1067 2534 pendentibus
1101 2493 1281 2535 aequore
1313 2481 1438 2523 nidis.

353 2549 471 2591 Tunc
505 2551 613 2591 iacet
644 2549 758 2591 unda
789 2551 942 2590 maris:
975 2553 1124 2591 ventos
1157 2551 1343 2592 custodit
1374 2555 1416 2592 et
1448 2554 1561 2592 arcet

354 2618 511 2661 Aeolus
543 2633 717 2675 egressu
747 2623 1016 2674 praestatque
1048 2621 1273 2675 nepotibus
1305 2634 1474 2675 aequor.

174 2688 302 2731 Hisce
336 2690 527 2731 versibus
559 2689 771 2744 praeclara
804 2689 951 2730 finitur
982 2691 1180 2731 narratio.
1221 2691 1326 2731 Tunc
1358 2691 1460 2731 iacet
1485 2691 1595 2731 unda
1619 2690 1756 2732 maris.

171 2758 240 2800 Sic
286 2763 350 2800 est
394 2761 439 2800 in
481 2759 621 2801 codice
664 2761 827 2815 optimo
871 2759 1103 2801 Marciano.
1147 2760 1241 2802 Non
1282 2761 1375 2802 dico
1410 2762 1615 2802 vitiosum
1648 2759 1756 2801 illud

172 2840 283 2870 esse:
328 2830 513 2870 sincerae
554 2829 802 2870 Latinitatis
844 2834 907 2870 est
939 2834 980 2870 et
1013 2829 1131 2870 nullo
1165 2832 1335 2886 negotio
1366 2830 1640 2886 intelligitur.
1675 2830 1757 2872 Sed

172 2897 368 2954 languidi
409 2898 569 2954 aliquid
602 2901 734 2948 inest,
769 2899 880 2954 quod
913 2913 992 2954 ego
1023 2901 1067 2940 in
1100 2899 1290 2942 clausula
1322 2907 1409 2954 tam
1442 2901 1646 2955 praeclari
1678 2900 1758 2942 loci

175 2969 252 3010 vix
286 2969 385 3010 fero.
420 2968 529 3020 Quid
563 2967 703 3011 enim?
735 2969 848 3010 Iacet
880 2969 992 3010 unda
1023 2971 1163 3011 maris.
1199 2970 1368 3026 Opusne
1395 2971 1473 3012 hoc
1499 2975 1563 3012 est
1590 2971 1758 3012 disertis

1543 3051 1565 3082 4
