2034 3334
1078 359 1164 401 174

363 482 555 525 omnium
604 483 1033 539 praestantissimum,
1075 486 1218 528 tamen
1260 484 1462 529 mediocri
1504 485 1631 530 laude
1672 485 1864 544 dignum.
1939 511 1942 516 Δ

314 591 321 634 3
363 556 420 599 Et
476 560 541 601 est
596 559 771 601 omnino
827 559 873 602 in
919 559 996 603 illo
1041 573 1199 616 genere
1246 562 1500 618 carminum,
1547 561 1708 619 quibus
1749 565 1865 607 certo
2030 607 2034 622 ἶ

314 637 321 684 ’1,
363 633 534 676 cuidam
568 634 646 677 deo
677 635 836 691 gratias
868 636 970 692 agit,
1000 636 1070 679 vel
1097 649 1143 679 se
1168 649 1335 693 suaque
1360 636 1471 680 bona
1488 638 1581 681 eius
1597 638 1867 683 commendat
2028 631 2034 693 ξ

315 685 323 746 l
362 710 533 766 tutelae,
574 710 806 755 admodum
836 711 941 756 felix
970 711 1188 756 Horatius.
1220 712 1367 757 Huius
1399 726 1500 757 vero
1531 714 1735 758 carminis
1765 713 1866 759 ulfi-
2032 704 2034 719 ³

321 770 328 799 ³
364 799 458 830 mae
490 788 687 844 strophae

603 895 638 939 Ο
670 897 900 942 testudinis
931 912 1088 943 aureae

661 972 841 1018 Dulcem
877 988 987 1031 quae
1019 975 1258 1032 strepitum,
1289 974 1416 1031 Pieri,
1449 977 1674 1032 temperas,

604 1048 639 1092 O
672 1051 804 1094 mutis
837 1064 1010 1107 quoque
1039 1050 1231 1107 piscibus

660 1126 883 1171 Donatura
915 1128 1053 1183 cycni,
1085 1128 1122 1170 si
1152 1126 1296 1184 libeat,
1329 1138 1498 1183 sonum,
1528 1134 1531 1137 '

599 1203 754 1247 Totum
786 1205 979 1248 muneris
1009 1205 1089 1247 hoc
1119 1205 1225 1247 tuist
1255 1217 1290 1247 e.
1308 1218 1346 1260 q.
1365 1217 1397 1247 s.

364 1322 524 1378 optima
553 1325 655 1365 sunt
685 1325 728 1366 et
757 1335 908 1366 revera
937 1326 1108 1379 gratum
1134 1324 1331 1366 testantis
1357 1324 1562 1366 animum.
1578 1321 1674 1366 Hoc
1690 1335 1864 1380 quoque

362 1401 476 1441 recte
521 1411 546 1441 a
587 1399 692 1442 viris
738 1399 873 1442 doctis
905 1399 1178 1443 observatum
1215 1400 1355 1457 satiris
1376 1399 1738 1456 „cognatissimum
1768 1411 1863 1445 esse

364 1487 549 1520 carmen.
590 1475 728 1519 Multa
759 1477 874 1519 enim
905 1475 1032 1519 habet
1065 1489 1174 1533 quae
1205 1477 1363 1533 legenti
1395 1476 1576 1532 primam
1605 1477 1735 1533 primi
1762 1475 1863 1520 libri

364 1552 536 1594 satiram
563 1553 609 1594 in
637 1555 824 1596 mentem
852 1556 1063 1596 revocent.
1096 1551 1237 1607 „Quot
1258 1553 1395 1608 capita
1410 1555 1473 1595 tot
1489 1553 1735 1608 sententiae,
1753 1565 1862 1597 suus

363 1629 521 1684 cuique
550 1628 671 1672 mos''
702 1629 1011 1672 usitatissimus
1042 1632 1107 1672 est
1132 1629 1304 1672 satirico
1330 1629 1452 1672 loeus
1476 1631 1519 1671 et
1534 1629 1729 1673 satiricae
1742 1629 1862 1686 poesi

362 1706 622 1761 aptissimus.
668 1704 794 1748 Hanc
834 1709 876 1748 et
906 1718 939 1748 c.
970 1704 1005 1761 I,
1039 1706 1061 1747 l
1096 1705 1284 1749 defendit
1315 1709 1358 1749 et
1388 1705 1703 1762 quodammodo
1733 1705 1860 1750 etiam

364 1783 553 1824 carmine
593 1785 750 1824 nostro.
789 1781 881 1824 Iam
913 1782 1017 1825 haec
1049 1794 1148 1824 cum
1182 1782 1325 1825 satiris
1357 1783 1554 1839 cognatio
1583 1781 1864 1838 haggi-‚pana

364 1859 566 1901 carminis
607 1858 918 1902 commendatio
961 1858 1141 1901 videtur.
1180 1857 1304 1909 Quod
1335 1862 1479 1902 autem
1510 1861 1599 1902 tam
1629 1859 1701 1902 hic
1731 1870 1861 1915 quam

362 1947 396 1977 c·
427 1934 461 1990 I,
496 1935 518 1976 1
552 1947 822 1978 communem
852 1935 971 1978 illam
1002 1935 1256 1978 sententiam
1289 1937 1351 1978 sic
1376 1936 1422 1977 in
1454 1948 1584 1979 suum
1613 1948 1744 1979 usum
1759 1947 1861 1979 con·

362 2012 490 2054 vertit
536 2015 584 2054 ut
629 2012 764 2054 dicat:
817 2011 908 2066 „Ita
955 2024 1032 2068 ego
1074 2011 1275 2054 omnibus
1307 2011 1401 2054 aliis
1433 2011 1652 2055 laboribus
1681 2011 1859 2066 lyricam

361 2088 543 2143 praetuli
573 2087 764 2144 Ροό8111”,
794 2088 839 2130 id
872 2088 1046 2144 quidem
1077 2089 1254 2130 minime
1285 2087 1528 2130 mirandum
1558 2088 1605 2130 in
1631 2090 1768 2144 poeta,
1782 2087 1858 2144 qui

363 2163 592 2220 Romanos,
623 2163 764 2218 ἄνδρας
795 2163 1137 2218 πρακτικωτάτους
1168 2164 1321 2208 habeat
1349 2164 1537 2207 lectores.
1564 2162 1717 2220 Neque
1731 2164 1861 2207 nimis

362 2241 542 2284 molesta
587 2244 652 2284 est
695 2242 868 2297 propria
911 2244 1060 2297 poe'tae
1107 2240 1201 2283 laus
1248 2241 1294 2282 111
1337 2239 1458 2295 libro,
1501 2252 1629 2295 quem
1660 2238 1714 2286 ab
1744 2238 1860 2283 orbis

361 2321 571 2361 terrarum
603 2325 719 2374 rege·
733 2320 908 2373 rogatus
940 2317 1121 2373 scripsit.
1152 2315 1252 2359 Non
1283 2320 1426 2373 tamen
1457 2317 1650 2359 immune
1681 2318 1746 2359 est
1771 2327 1862 2361 car-

363 2407 461 2436 men
508 2395 625 2436 vitiis
672 2394 788 2437 haud
833 2395 894 2436 ita
938 2394 1094 2450 parvis.
1135 2393 1329 2436 Primum
1371 2406 1434 2435 vs.
1479 2393 1504 2434 2
1536 2392 1754 2435 videris
1782 2403 1866 2448 pro>

362 2471 658 2525 aspexeris
692 2471 861 2526 scripsit
890 2473 1015 2526 poe'ta
1044 2470 1166 2512 nulla
1191 2470 1273 2512 alia
1299 2482 1345 2512 re
1363 2482 1491 2525 quam
1509 2472 1644 2512 metro
1660 2471 1857 2522 coactus3

363 2560 422 2588 vs.
467 2547 491 2587 6
537 2547 703 2590 ducet
744 2547 1014 2590 victorem
1046 2549 1087 2589 et
1118 2559 1181 2589 vs.
1216 2547 1241 2588 9
1274 2545 1541 2588 ostendet
1572 2543 1855 2601 Capitolio

362 2623 590 2665 admodum
638 2623 816 2666 obscure
863 2623 974 2666 dieta
1022 2626 1137 2678 sunt,
1186 2636 1243 2665 vs.
1288 2623 1342 2664 10
1384 2622 1451 2676 (de
1492 2635 1578 2677 quo
1611 2622 1698 2664 iam
1729 2624 1856 2664 antea

364 2697 553 2740 diximus
586 2699 811 2753 quaedam)
843 2698 1097 2741 fertilem
1129 2698 1182 2740 ad
1213 2699 1365 2740 rimam
1397 2697 1650 2753 explendam
1666 2697 1853 2752 positum

363 2773 543 2815 videtur.
577 2773 707 2816 Hisce
739 2774 938 2816 omnibus
970 2773 1099 2817 rebus
1130 2773 1238 2816 bene
1268 2774 1488 2829 perpensis
1514 2773 1855 2827 examinatisque

364 2861 449 2889 non
496 2848 617 2891 facile
662 2850 924 2892 adducemur
969 2852 1019 2892 ut
1059 2849 1282 2892 credamus
1317 2853 1403 2892 tam
1434 2848 1680 2891 admirabile
1711 2848 1852 2891 visum
