2034 3334
1007 285 1093 330 114

312 408 399 452 455
433 407 652 454 Combibit
679 422 726 452 os
757 407 972 461 maculas,
1004 412 1048 453 et
1079 422 1189 466 quae
1218 407 1348 454 modo
1377 409 1577 454 bracchia
1607 409 1744 468 gessit

432 478 569 524 Crura
598 480 736 537 gerit;
770 478 904 523 cauda
936 483 1002 523 est
1032 481 1214 524 mutatis
1245 479 1393 525 addita
1418 480 1651 534 membris,

432 550 566 608 Inque
597 551 773 595 brevem
804 550 1012 608 formam,
1043 565 1097 596 ne
1127 552 1185 596 sit
1218 553 1284 596 vis
1313 565 1473 611 magna
1500 550 1703 604 nocendi,

432 620 724 675 Contrahitur,
758 635 974 680 parvaque
1004 623 1148 666 minor
1178 636 1379 667 mensura
1406 622 1566 668 lacerta
1596 626 1675 668 est.

430 693 668 736 Mirantem
698 691 959 750 flentemque
989 697 1033 737 et
1063 697 1239 752 tangere
1269 697 1461 739 monstra
1488 696 1714 753 parantem

311 762 401 807 460
432 763 568 821 Fugit
598 778 731 807 anum
762 763 1057 822 latebramque
1088 766 1222 822 petit3
1256 769 1494 823 aptumque
1525 764 1679 823 pudori

431 835 598 879 Nomen
631 835 772 886 habet,
806 836 939 880 variis
969 834 1167 879 stellatus
1198 849 1374 894 corpora
1402 837 1558 895 guttis.

250 906 386 950 Versu
427 906 518 950 460
550 907 704 961 pudori
745 909 810 950 est
849 908 896 949 in
938 908 1104 964 optimo
1136 907 1280 952 codice
1310 907 1373 960 M,
1405 921 1586 966 eamque
1614 905 1844 951 lectionem

249 991 363 1021 nunc
403 977 491 1021 fere
521 979 607 1020 viri
638 977 754 1021 docti
783 976 940 1022 Ovidio
971 977 1205 1023 vindicant.
1248 979 1308 1022 At
1338 993 1442 1038 ege,
1475 980 1547 1022 cui
1575 978 1847 1036 ineptissima

251 1048 468 1093 videretur
497 1047 595 1100 illa,
634 1048 794 1091 frustm
825 1062 948 1105 saepe
981 1050 1200 1106 quaesivi,
1231 1063 1339 1107 quae
1371 1063 1474 1107 ergo
1503 1048 1594 1094 illis
1625 1046 1850 1094 vocabulo-

248 1134 349 1163 rum
381 1124 518 1174 aptum
540 1119 696 1174 pudori
724 1134 865 1162 nomen
895 1120 1012 1163 habet
1042 1121 1111 1164 vis
1141 1134 1232 1164 esse
1260 1119 1491 1173 videretur,
1517 1119 1648 1164 donec
1673 1117 1848 1164 tandem

249 1189 478 1247 aliquando
518 1203 588 1233 me
619 1189 764 1234 docuit
794 1189 906 1233 illud
935 1192 1005 1234 vir
1035 1192 1452 1248 praestantissimus,
1484 1193 1559 1249 qui
1587 1204 1726 1249 nuper
1754 1202 1850 1234 sua-

254 1263 432 1306 vissimo
473 1260 621 1304 libello
663 1274 773 1317 quae
815 1266 956 1305 essent
988 1261 1116 1319 vulgi
1147 1261 1199 1305 de
1228 1261 1405 1320 linguae
1436 1263 1601 1307 ratione
1631 1261 1851 1320 opiniones

250 1332 582 1376 demonstravit:
610 1331 879 1375 Friderionm
904 1332 1096 1376 Pollium
1124 1332 1231 1377 dico.
1263 1332 1306 1376 Is
1331 1335 1448 1377 enim
1472 1333 1526 1378 ad
1550 1332 1849 1392 quotidianum

252 1404 466 1461 quoddam
507 1409 710 1460 provocat
749 1403 951 1461 loquendi
982 1405 1167 1456 vitium,
1201 1404 1313 1462 quod
1342 1406 1388 1448 in
1419 1404 1625 1449 familiari
1654 1416 1848 1449 sermone

252 1489 376 1533 saepe
408 1476 723 1519 committatur.
764 1475 886 1528 Quod
919 1475 1045 1532 quale
1075 1477 1132 1519 sit
1162 1477 1222 1519 sic
1253 1490 1324 1519 me
1354 1478 1517 1534 optime
1547 1479 1848 1521 enarraturum

253 1547 459 1590 arbitror:
505 1546 632 1589 Iudas
673 1560 827 1590 nomen
860 1561 972 1590 nunc
1003 1546 1116 1590 male
1147 1546 1261 1604 apud
1293 1561 1441 1591 omnes
1472 1546 1676 1592 mortales
1700 1545 1848 1591 audit:

253 1619 312 1661 sic
355 1617 623 1674 appellamus
665 1631 791 1670 eum,
835 1619 910 1675 qui
953 1618 1200 1669 „absentem
1241 1617 1357 1661 rodit
1397 1620 1611 1672 amicum,
1649 1619 1726 1676 qui
1763 1631 1849 1661 non

252 1688 442 1731 defendit
483 1687 568 1731 alio
610 1687 855 1745 culpante'’‚
899 1702 1001 1732 eum
1042 1689 1237 1745 denique,
1281 1691 1356 1746 qui
1386 1689 1514 1732 nihili
1543 1690 1673 1734 faciat
1704 1689 1850 1733 omnia

252 1761 443 1802 caritatis
484 1758 678 1811 vincula,
723 1759 957 1803 dummodo
1001 1774 1079 1803 suo
1119 1759 1315 1803 consulat
1356 1760 1594 1804 commodo.
1625 1759 1851 1814 Quondam

250 1834 398 1874 autem
440 1831 586 1875 virum
628 1830 840 1887 quendam
882 1830 934 1874 de
975 1829 1100 1888 plebe
1142 1832 1203 1874 sie
1243 1830 1392 1875 audivi
1431 1836 1600 1876 sanctae
1641 1831 1849 1876 historiae

251 1905 418 1958 partem
443 1902 593 1944 amicis
619 1902 709 1944 suis
735 1904 1026 1945 enarrantem:
1057 1901 1190 1954 „Erat
1214 1904 1329 1945 inter
1353 1902 1450 1946 Iesu
1477 1901 1710 1960 discipulos
1723 1900 1852 1946 Iudas

252 1972 452 2029 quidam:
495 1986 649 2015 nomen
682 1974 720 2015 ei
751 1972 878 2015 Iudas
909 1976 1022 2024 erat,
1056 1976 1100 2016 et
1132 1987 1282 2017 revera
1311 1975 1402 2030 ipse
1433 1973 1562 2017 Iudas
1592 1977 1685 2018 erat
1714 1985 1851 2031 purus

250 2043 426 2099 putus.'’
469 2042 694 2086 Ridiculus
733 2043 922 2100 profecto
965 2058 1081 2087 error
1123 2044 1191 2087 hic
1234 2049 1321 2097 est,
1361 2059 1490 2102 quem
1522 2049 1668 2089 tamen
1697 2045 1745 2088 in
1774 2043 1850 2088 ho-

251 2115 368 2157 mine
399 2114 568 2158 indocto
599 2113 721 2158 facile
754 2114 876 2158 feras.
916 2116 975 2158 At
1006 2129 1195 2172 unquam
1226 2130 1250 2159 a
1281 2120 1408 2173 poeta
1438 2115 1757 2174 elegantissimo
1787 2115 1849 2159 sio

250 2199 340 2228 esse
387 2190 611 2241 peccatum
659 2186 755 2242 quis
801 2183 971 2228 credat?
1018 2186 1114 2230 Non
1156 2201 1252 2244 ego.
1297 2187 1355 2230 At
1396 2186 1532 2231 credit
1571 2185 1763 2239 Pollius,
1804 2187 1850 2229 et

254 2255 482 2299 lectionem
513 2256 670 2299 codicis
702 2256 752 2298 M
784 2258 844 2299 sic
870 2256 1080 2300 defendit:
1112 2258 1307 2309 „Nomen
1333 2257 1486 2302 Stellio
1517 2257 1655 2300 Ovidii
1679 2261 1850 2312 tempore

255 2326 563 2383 pervulgatum
604 2327 690 2370 fuit
731 2329 976 2371 convicium
1018 2328 1206 2372 hominis
1247 2329 1513 2386 impudentis
1553 2332 1597 2372 et
1626 2326 1849 2380 malediei3

267 2411 380 2440 nunc
399 2402 546 2440 autem
591 2403 739 2454 poeta,
784 2412 870 2454 quo
911 2401 1053 2456 magis
1081 2404 1352 2444 commoveat
1384 2399 1628 2458 leg-entium
1657 2399 1848 2449 animos,

255 2469 341 2510 iam
390 2473 528 2511 aetate
576 2468 768 2511 fabulosa
815 2483 911 2512 eam
957 2469 1088 2513 fuisse
1134 2469 1253 2514 illius
1299 2470 1498 2514 vocabuli
1539 2472 1635 2514 vim
1675 2467 1848 2527 fingit.”

257 2537 437 2581 Obsecro
471 2543 527 2589 te,
561 2541 627 2581 vir
659 2541 1047 2596 praestantissime,
1078 2554 1185 2583 num
1212 2555 1314 2599 ergo
1340 2546 1477 2596 aptum
1494 2540 1652 2596 pudori
1674 2539 1851 2597 posthac

257 2609 516 2666 significabit
559 2615 694 2664 aptum
742 2609 945 2653 convicio?
992 2611 1050 2653 Et.
1087 2612 1304 2668 quomodo
1343 2611 1455 2655 illud
1493 2612 1621 2654 variis
1661 2610 1850 2653 stellatae

256 2694 423 2733 corpora
450 2681 579 2733 quibis
610 2695 710 2723 eum
742 2681 1090 2738 praecedentibus
1122 2681 1391 2726 cohaerebit?
1422 2683 1490 2725 An
1516 2681 1752 2738 quidquam
1774 2679 1852 2724 illa

258 2750 387 2792 verba
429 2751 668 2806 significare
710 2756 936 2808 poterunt,
978 2754 1063 2795 nisi
1094 2753 1200 2795 ratio
1229 2754 1284 2796 iis
1315 2752 1486 2796 dabitur
1517 2751 1690 2795 nominis
1721 2751 1849 2796 modo

258 2819 390 2862 dicti?
436 2820 628 2877 Denique
675 2824 760 2864 iam
807 2825 1038 2866 mittamus
1082 2823 1259 2867 inutiles
1301 2823 1633 2880 disputationes;
1682 2826 1849 2866 certum

257 2891 371 2931 enim
413 2895 475 2932 est
518 2896 559 2934 et
598 2892 694 2935 luce
726 2893 905 2945 clarius,
939 2896 1063 2938 unice
1094 2909 1248 2938 verum
1280 2908 1371 2937 esse
1403 2893 1516 2951 quod
1545 2897 1611 2936 est
1641 2895 1688 2936 in
1718 2892 1852 2937 altera

256 2958 461 3002 lectione:
495 2967 707 3018 aptum-que
739 2964 876 3005 colori.

319 3030 435 3073 Haec
465 3034 709 3075 etiamnunc
736 3047 837 3076 vera
863 3048 953 3076 esse
979 3035 1173 3078 arbitror.
1201 3034 1314 3087 Quin
1339 3038 1487 3077 autem
1516 3033 1848 3085 „maculositas”
