2034 3334
1043 366 1126 407 128

390 493 518 536 Nunc
551 506 679 536 suum
712 493 803 548 ipse
835 492 1028 548 agnoscit
1059 504 1259 547 errorem,
1293 504 1411 534 nunc
1442 504 1488 535 se
1519 491 1660 535 fallaci
1691 493 1831 550 specie

333 570 555 625 deceptum
612 570 706 611 iure
761 581 919 624 poenas
976 568 1076 611 dare
1121 567 1289 611 fatetur.
1339 567 1547 611 Precatur
1593 581 1695 626 ergo
1741 569 1832 626 (IV,

334 647 402 701 24,
436 646 490 688 19
521 646 619 701 sq.):

511 754 633 798 Mens
654 733 789 810 Bona,
821 755 947 810 siqua
978 754 1106 809 dea's,
1137 757 1213 796 tua
1243 766 1312 796 me
1343 754 1388 796 in
1422 755 1606 798 sacraria
1637 753 1763 810 dono,

568 830 836 874 Exciderunt
867 831 999 874 surdo
1032 833 1094 873 tot
1127 843 1221 874 mea
1251 834 1350 874 vota
1381 830 1486 874 Iovi.

391 940 520 983 Nunc
552 953 598 984 se
625 941 757 984 nullis
783 941 867 983 iam
895 939 1103 995 Cynthiae
1127 953 1254 997 posse
1270 940 1427 983 molliri
1442 941 1631 984 lacrimis
1648 940 1834 984 declarat

332 1015 423 1072 (IV,
455 1017 551 1072 25):

509 1125 582 1168 Nil
614 1139 787 1169 moveor
817 1126 1024 1169 lacrimis:
1057 1126 1139 1169 ista
1171 1139 1267 1169 sum
1301 1129 1451 1183 captus
1482 1125 1535 1169 ab
1567 1130 1668 1183 arte,

571 1202 747 1259 Semper
776 1202 829 1246 ab
860 1203 1040 1258 insidiis,
1072 1202 1267 1259 Cynthia,
1296 1203 1399 1247 flere
1430 1203 1552 1247 soles.

392 1311 521 1355 Nunc
567 1313 650 1368 ipsi
695 1313 941 1355 tristissima
987 1326 1183 1369 quaeque
1223 1314 1492 1370 imprecatur.
1533 1313 1618 1357 Hic
1659 1325 1833 1371 quoque

333 1389 573 1432 communis
628 1390 882 1432 ereticorum
929 1389 1051 1432 locus
1098 1390 1181 1432 dici
1228 1394 1388 1446 potest:
1436 1390 1668 1434 identidem
1717 1391 1832 1434 enim

251 1498 254 1502 .
333 1478 481 1508 omnes
526 1470 805 1508 exsecrantur
847 1466 1009 1522 puellas
1050 1467 1192 1523 duras,
1236 1467 1431 1523 perfidas,
1474 1467 1724 1521 mendaces;
1756 1466 1833 1510 sed

335 1541 480 1584 confer
525 1542 628 1584 mihi
669 1542 836 1585 Horatii
877 1555 931 1586 ex
964 1543 1043 1585 hoc
1074 1556 1232 1600 genere
1263 1544 1420 1600 epodos
1451 1557 1551 1587 cum
1583 1543 1700 1588 hisce
1729 1542 1833 1586 Pro·

334 1618 459 1673 pertii
490 1617 688 1661 versibus
720 1618 811 1675 (IV,
847 1620 915 1674 25,
953 1620 1001 1661 ll
1038 1621 1167 1676 sqq.):

512 1713 572 1754 At
602 1715 643 1755 te
674 1713 820 1755 celatis
852 1716 966 1755 aetas
997 1714 1141 1769 gravis
1174 1717 1324 1769 urgeat
1354 1714 1491 1768 annis,

572 1787 628 1830 Et
658 1789 801 1831 veniat
830 1788 991 1831 formae
1022 1803 1128 1846 ruga
1160 1790 1331 1832 sinistra
1362 1794 1476 1832 tuae.

512 1863 679 1907 Vellere
711 1868 803 1906 tum
836 1866 984 1921 cupias
1016 1865 1135 1908 albos
1167 1880 1191 1908 a
1223 1867 1354 1922 stirpe
1385 1866 1572 1922 capillos,

570 1941 623 1995 A,
655 1940 827 1996 speculo
858 1955 988 1997 rugas
1019 1943 1306 1998 increpitante
1336 1942 1426 1997 tibi,

510 2015 698 2059 Exclusa
728 2018 861 2073 inque
892 2019 1027 2061 vicem
1059 2018 1195 2061 fastus
1226 2020 1386 2075 patiare
1419 2018 1639 2075 superbos,

570 2093 625 2136 Et
657 2107 767 2150 quae
797 2094 935 2138 fecisti
965 2096 1075 2139 facta
1108 2097 1300 2153 queraris
1332 2110 1454 2152 anus,

336 2203 439 2257 quid
473 2203 529 2245 sit
559 2216 658 2246 vere
690 2205 845 2246 iratum
880 2218 984 2260 esse,
1017 2207 1121 2262 quid
1151 2208 1259 2249 iram
1293 2207 1496 2249 simulare
1529 2208 1699 2250 senties.

955 2382 1214 2389 ᾖ

395 2542 485 2584 Iam
519 2543 606 2585 odit
637 2543 753 2585 illam
786 2558 915 2599 quam
945 2559 1021 2601 per
1052 2547 1245 2602 quinque
1274 2560 1409 2589 annos
1441 2546 1648 2589 fidissimo
1679 2545 1826 2588 arden·

336 2619 586 2674 tissimoque
622 2633 763 2662 amore
795 2625 858 2663 est
892 2627 1154 2677 prosecutus,
1187 2623 1322 2665 multo
1354 2627 1496 2665 tamen
1530 2622 1827 2664 vehementius

337 2694 567 2736 detestatur
614 2698 806 2738 omnium
853 2697 1061 2740 malorum
1093 2712 1279 2753 causam,
1310 2699 1407 2742 lena
1462 2715 1472 2752 3
1510 2700 1554 2740 in
1589 2698 1706 2740 illam
1738 2710 1828 2740 car-

337 2783 433 2811 men
463 2770 515 2820 V,
549 2772 573 2810 5
607 2771 775 2824 scribit;
810 2773 1100 2829 quodcunque
1131 2776 1364 2831 excogitari
1393 2778 1530 2831 potest
1557 2774 1830 2816 maledictum

337 2847 380 2887 in
416 2859 507 2888 eam
540 2849 718 2900 evomit,
753 2849 827 2890 sed
862 2851 1059 2904 quamvis
1093 2851 1148 2892 sit
1178 2852 1312 2907 elegia
1343 2851 1661 2906 contumeliosa,
1688 2853 1832 2892 tamen
