2034 3334
964 275 1051 320 182

390 398 547 441 Pectus
579 402 622 440 et
653 411 678 441 a
709 399 855 455 spinae
885 396 1186 442 tantummodo
1218 401 1332 442 crate
1365 399 1513 442 teneri.

392 469 582 511 Auxerat
612 467 816 512 articulos
846 470 1005 512 macies
1034 482 1312 527 genuumque
1342 469 1549 513 tumebat.

206 539 272 583 Ne
313 541 410 596 quis
451 543 599 583 autem
639 539 740 583 hinc
781 539 936 583 efficiat
967 554 1051 583 non
1083 553 1174 584 esse
1206 538 1351 583 Ovidii
1381 539 1487 583 duos
1516 539 1596 583 hos
1626 551 1801 590 versus,

206 624 298 653 rem
330 612 390 653 sic
422 624 467 653 se
498 610 654 654 habere
684 610 826 667 palam
858 615 946 654 est:
978 609 1180 653 librarius
1205 609 1295 654 cod.
1322 610 1373 653 M
1400 624 1425 653 a
1450 610 1559 652 locus
1587 610 1803 655 aberravit

205 681 259 725 ad
295 696 542 738 qenuumque
580 682 752 725 tumebat
792 686 836 725 et
877 683 938 725 sic
968 685 1110 725 totum
1141 696 1204 724 vs.
1237 680 1325 724 806
1357 695 1457 725 cum
1490 682 1649 725 maiore
1681 682 1802 738 parte

206 766 270 796 vs.
302 750 390 796 80¹7
432 753 591 796 omisit.
636 752 792 796 Postea
831 751 987 809 aliquis
1030 752 1279 810 corrigendo
1320 751 1401 795 fine
1443 765 1594 796 versus
1634 749 1724 795 805
1755 754 1801 796 et

204 822 491 867 adscribendis
520 824 714 868 versibus
746 823 835 867 806
867 827 911 867 et
942 822 1030 867 807
1062 825 1222 867 vitium
1254 824 1436 867 sanavit.

265 967 353 1014 875
381 983 461 1084 s{li-s
492 1044 637 1084 tamen
668 1039 744 1084 illa
775 1039 881 1084 mali
913 1044 1141 1097 postquam
1173 1042 1496 1097 consumpserat
1527 1052 1699 1082 omnem

385 1112 640 1163 Materiam,
674 1111 931 1168 dederat-que
962 1112 1089 1168 gravi
1118 1124 1230 1154 nova
1259 1109 1418 1167 pabula
1449 1110 1610 1154 morbo.

204 1182 317 1236 Quin
368 1188 481 1226 recte
514 1183 787 1226 Burmannus
817 1196 893 1239 pro
923 1182 1165 1238 dederatque
1197 1182 1425 1224 coniecerit
1454 1182 1695 1238 deerautque
1725 1179 1801 1224 du-

203 1254 325 1296 bium
372 1268 461 1297 esse
502 1268 587 1297 non
627 1257 801 1316 potest3
833 1251 1083 1298 Consideret
1125 1252 1253 1296 modo
1294 1251 1449 1308 aliquis
1491 1265 1621 1309 quam
1663 1264 1803 1295 neces·

203 1326 365 1368 sarium
412 1326 492 1376 sit,
540 1326 578 1367 si
625 1324 783 1367 tradita
830 1326 1066 1367 retineatur
1106 1323 1256 1374 lectio,
1302 1324 1559 1366 sententiam
1600 1320 1798 1380 supplere

202 1394 347 1451 aliquo
379 1395 586 1438 vocabulo
613 1394 758 1452 qualia
784 1398 884 1438 sunt
910 1409 1045 1451 usque,
1073 1409 1235 1449 semper,
1263 1394 1540 1446 tantummodo,
1567 1406 1675 1450 quae
1700 1393 1798 1450 quis

202 1465 429 1523 cogitando
473 1464 699 1523 suppleat?
740 1465 797 1508 Et
836 1480 966 1522 quam
1008 1466 1182 1522 egregie
1223 1468 1518 1519 comtempserat
1557 1467 1601 1507 et
1631 1463 1797 1506 deerant

200 1537 314 1579 inter
344 1550 388 1579 se
418 1538 674 1594 iunguntur.
1650 1541 1654 1545 ’

878 1824 1013 1868 ans
1043 1824 1119 1867 IX.
1155 1847 1160 1851 ·

263 1954 319 1999 57
337 1969 399 2011 sq.
434 1954 513 1997 Vix
547 1960 689 1998 tamen
719 1957 882 1998 inserui
912 1955 1064 1998 sudore
1096 1955 1271 1998 fluentia
1302 1954 1444 1998 multo

428 2025 626 2076 Brachia,
659 2027 732 2069 vix
766 2025 877 2069 solvi
908 2026 1034 2069 duros
1065 2039 1090 2069 a
1121 2040 1294 2082 corpore
1325 2039 1473 2069 nexus.

198 2097 409 2149 Quoniam
451 2097 520 2139 hic
563 2096 776 2140 Achelous
817 2100 960 2139 narrat
1000 2096 1213 2153 quomodo
1254 2110 1474 2139 removere
1515 2098 1692 2139 conatus
1732 2095 1792 2138 sit

198 2166 458 2218 Herculem,
502 2181 601 2210 cum
643 2169 687 2209 in
721 2169 956 2210 certamine
986 2167 1060 2210 ille
1092 2174 1214 2224 tergo
1245 2181 1322 2210 suo
1350 2167 1626 2217 inhaesisset,
1659 2166 1792 2210 etiam

201 2243 328 2294 atque
371 2239 502 2280 etiam
534 2238 766 2281 videndum
799 2242 863 2281 est
895 2239 1006 2280 sitne
1039 2237 1278 2295 recipienda
1309 2237 1465 2280 codicis
1497 2253 1516 2279 ε
1548 2236 1675 2280 lectio
1697 2250 1792 2292 poo-

201 2313 296 2350 tore.
330 2308 442 2361 Quid
473 2310 588 2351 enim
623 2311 763 2365 magis
795 2309 895 2351 huic
926 2308 1019 2351 loco
1050 2312 1224 2364 aptum,
1257 2307 1359 2364 quid
1391 2309 1532 2364 magis
1563 2308 1792 2365 egregium

199 2381 407 2434 pictorem
449 2378 595 2422 decet?
638 2378 795 2423 Contra
825 2394 985 2433 corpore
1014 2378 1395 2436 languidissimum
1428 2382 1503 2422 est.
1536 2377 1594 2420 Et
1625 2379 1663 2421 si
1693 2378 1790 2434 quis

199 2450 599 2506 metamorphoseon
640 2451 934 2492 annotationes
975 2450 1142 2492 criticas
1183 2448 1464 2505 pervolverit,
1504 2447 1669 2492 videbit
1699 2452 1791 2492 tam

197 2520 463 2575 frequentem
510 2535 599 2563 esse
649 2520 939 2563 confusionem
982 2520 1218 2562 formarum
1258 2534 1417 2574 corpore
1458 2523 1501 2561 et
1532 2523 1695 2573 pectore
1738 2520 1790 2561 ut

197 2592 330 2631 nostri
358 2590 493 2632 videri
519 2592 653 2646 possit
679 2591 846 2632 arbitrii
873 2604 963 2632 esse
990 2594 1139 2632 utrum
1165 2589 1323 2632 horum
1349 2588 1534 2645 singulis
1555 2587 1788 2646 legendum

196 2658 302 2701 locis
335 2661 401 2701 sit.

260 2803 315 2845 70
333 2818 394 2859 sq.
1235 2819 1312 2848 nec
1342 2804 1484 2848 ullum

378 2873 439 2915 De
471 2879 644 2916 centum
676 2890 854 2917 numero
886 2880 1014 2931 caput
1047 2879 1111 2918 est
1142 2877 1319 2931 impune
1351 2877 1533 2918 recisum

377 2943 486 2994 Quin
519 2947 693 2999 gemino
725 2947 868 2986 cervix
901 2945 1053 2987 herede
1085 2944 1296 2987 valentior
1326 2949 1447 2987 esset.
1599 2935 1602 2938 ’

194 3010 324 3053 Estne
364 3012 442 3054 hoc
475 3011 659 3055 latinum
691 3014 845 3055 nullum
880 3015 928 3055 de
959 3020 1110 3056 centum
1139 3028 1299 3056 numero
1330 3014 1484 3068 caput?
1517 3013 1670 3056 Veram
1701 3013 1783 3057 lec-

2031 2432 2034 2439 .
2020 2278 2034 2420 ,alu.„›..-au“
