2034 3334
1802 0 1859 95 »με

1860 81 1893 88 ᾗ
1858 17 1901 74 7523,ss

1039 398 1122 440 150

292 520 436 570 philus
477 522 737 562 nominetur.
780 522 834 561 Et
865 524 990 562 acute
1022 524 1179 573 repetit
1210 534 1369 564 nomen
1400 525 1707 575 Pamphili:
1739 527 1863 576 quasi

291 607 366 646 per
392 596 745 649 indignationem,
763 599 813 638 ut
828 599 965 639 soceri
983 600 1159 640 auribus
1175 601 1461 641 adolescentis
1477 612 1636 642 nomen
1652 602 1860 652 inculcet;

293 673 450 712 metuit
481 674 598 713 enim
630 684 684 714 ne
715 684 801 714 non
833 675 981 715 audiat
1011 675 1132 716 velut
1162 677 1344 717 senex.’'

351 750 405 789 37
439 759 502 798 sq.
535 750 644 790 Davi
675 751 779 790 sunt
811 751 943 791 verba
974 751 1027 791 ad
1060 752 1295 801 Mysidem:

438 826 530 865 Nisi
562 836 744 875 puerum
776 826 906 876 tollis,
940 827 1029 867 iam
1061 837 1139 877 ego
1174 828 1289 868 hunc
1320 827 1365 867 in
1396 828 1587 868 mediam
1613 829 1733 870 viam

438 901 711 943 Provolvam.

289 978 556 1017 Annotatur:
609 978 731 1027 „dolo
778 979 952 1028 quidem
998 979 1192 1019 minatur
1237 980 1349 1029 quod
1395 980 1590 1021 facturus
1636 991 1722 1022 non
1769 973 1859 1032 θέω

289 1064 442 1093 verum
488 1054 636 1094 sedulo
683 1054 725 1094 id
772 1054 863 1104 agit
909 1056 958 1094 ut
999 1055 1087 1095 iam
1129 1066 1235 1105 puer
1267 1056 1446 1096 tollatur
1477 1067 1500 1096 o
1531 1057 1697 1098 medio:
1729 1057 1862 1099 simul

289 1140 390 1169 eum
421 1130 570 1169 servat
601 1129 832 1180 Chremeti,
866 1132 916 1170 ut
947 1130 1039 1180 ipse
1071 1133 1241 1171 recuset
1272 1142 1493 1182 generum,
1522 1142 1610 1172 non
1634 1133 1685 1173 ut
1709 1143 1737 1173 a
1760 1143 1869 1190 quo->

288 1216 419 1255 quam
465 1215 621 1255 passus
666 1205 866 1246 videatur
906 1206 1153 1247 iniuriam.’'
1196 1206 1406 1257 Corrupta
1446 1207 1552 1248 haec
1593 1218 1691 1249 esse
1719 1209 1859 1261 video,

287 1282 363 1321 sed
409 1282 510 1331 quid
557 1283 636 1322 sub
683 1283 840 1323 mendo
882 1284 1018 1323 latere
1058 1284 1197 1333 possit
1237 1294 1323 1324 non
1354 1284 1492 1325 video.
1526 1285 1756 1326 Klotziana.
1784 1296 1861 1337 pro

288 1369 311 1398 e
342 1359 525 1398 medio
556 1358 687 1398 habet
718 1358 772 1398 in
804 1359 1059 1409 medium,
1094 1370 1178 1408 quo
1210 1359 1317 1399 nihil
1348 1359 1611 1410 proficimus.

349 1435 418 1474 56.
475 1434 547 1474 De
599 1435 891 1475 industria
937 1436 1001 1475 sic
1047 1435 1309 1485 explicatur:
1361 1436 1430 1485 „id
1476 1437 1544 1476 est
1588 1437 1772 1478 scientia
1815 1439 1862 1478 et

252 1510 572 1559 -providentia
631 1511 692 1550 Ea
748 1511 864 1550 enim
921 1521 1030 1560 quae
1082 1512 1266 1551 dicimus
1313 1513 1358 1551 et
1402 1511 1567 1551 scimus
1613 1513 1860 1563 operatione

288 1586 436 1636 genita
493 1588 538 1626 et
594 1587 807 1627 industria
864 1588 1050 1636 quadam
1106 1588 1314 1628 scimus.'’
1371 1588 1616 1628 Lenissima
1660 1590 1859 1630 emenda-

286 1662 404 1702 tione
451 1664 580 1711 atque
626 1663 963 1713 transpositione
1003 1664 1148 1703 sanari
1190 1664 1297 1704 haec
1336 1665 1540 1714 possunt;
1583 1664 1680 1714 lego
1716 1665 1857 1705 enim:

291 1749 368 1788 „ea
394 1738 511 1778 enim
543 1749 653 1787 quae
685 1739 850 1778 scimus
881 1740 1128 1788 operatione
1161 1740 1320 1789 ingenii
1353 1741 1397 1780 et
1427 1739 1641 1780 industria
1670 1741 1858 1790 quadam

286 1814 558 1854 didicimus.”
1778 1819 1781 1822 ⁴

345 1966 414 2016 IV,
450 1968 489 2015 5,
526 1967 594 2006 23.
624 1966 740 2007 Crito
768 1966 914 2007 audito
942 1969 1172 2016 cognatam
1200 1978 1327 2008 suam
1355 1967 1611 2018 Chrysidem
1636 1969 1857 2009 mortuam

285 2052 394 2091 esse,
424 2043 499 2081 sed
527 2043 717 2092 puellam
744 2053 874 2092 quam
901 2054 976 2093 pro
1004 2054 1149 2084 sorore
1177 2045 1425 2084 educaverit
1446 2045 1520 2084 illa
1535 2045 1684 2085 vivere
1700 2055 1856 2094 neque·

282 2117 386 2156 dum
443 2128 568 2157 veros
616 2121 822 2168 cognatos
868 2131 971 2159 suos
1018 2120 1249 2170 invenisse,
1300 2120 1523 2169 Chrysidis
1568 2120 1856 2161 hereditatem

282 2196 427 2243 petere
469 2206 554 2234 non
595 2196 701 2245 vult,
746 2197 949 2245 quoniam
993 2197 1178 2245 Glycerii
1210 2197 1268 2236 sit
1300 2207 1356 2236 ex
1387 2207 1536 2246 aequo.
1570 2196 1688 2248 Quod
1719 2197 1854 2237 consi-

281 2269 390 2309 lium
422 2270 494 2309 ubi
527 2271 705 2320 aperuit,
740 2272 803 2311 sic
835 2273 1046 2321 Mysidem
1079 2272 1334 2322 alloquitur:

469 2346 560 2386 Duc
592 2357 665 2402 me
695 2348 748 2386 ad
781 2358 890 2398 eam,
925 2348 1095 2396 quando
1126 2348 1211 2387 huc
1241 2348 1353 2398 veni,
1387 2349 1437 2388 ut
1467 2348 1654 2388 videam.

279 2423 546 2461 Annotatur:
609 2423 703 2471 „vel
761 2424 840 2463 hoc
893 2423 1032 2472 inquit
1083 2425 1142 2463 ut
1187 2424 1421 2463 videam.
1471 2423 1555 2464 Cur
1601 2424 1750 2465 autem
1795 2425 1854 2464 ut

278 2498 533 2536 videam?
565 2499 665 2547 quia
696 2499 836 2539 timet.
866 2499 919 2538 Et
946 2500 1013 2538 est
1039 2499 1164 2539 ordo:
1193 2499 1275 2538 duc
1300 2509 1372 2539 me
1399 2500 1452 2539 ad
1479 2510 1577 2539 eam
1604 2501 1654 2540 ut
1678 2499 1852 2540 videam

277 2574 445 2620 quando
488 2574 571 2612 huc
614 2574 755 2613 veni.”
795 2574 921 2614 Haud
952 2574 1079 2614 dubie
1110 2574 1267 2614 mutila
1298 2575 1366 2614 est
1396 2575 1538 2624 prima
1567 2585 1668 2624 pars
1698 2574 1852 2615 scholii

278 2648 359 2692 (vel
381 2671 432 2675 —
452 2649 662 2697 videam);
697 2650 929 2698 requiritur
956 2650 1063 2689 haec
1088 2649 1328 2689 sententia:
1365 2649 1495 2699 „huc
1526 2650 1655 2690 veni
1685 2650 1745 2690 ut
1773 2660 1803 2689 v
1820 2650 1849 2689 i-

277 2722 432 2761 deam
480 2734 635 2762 sanum
683 2735 768 2763 non
816 2725 1040 2773 praeberet
1087 2725 1309 2764 sensum.”
1357 2725 1507 2764 Altera
1551 2735 1652 2775 pars
1697 2725 1850 2765 scholii

277 2801 366 2842 (cur
392 2819 448 2825 —-
478 2799 616 2844 timet)
651 2800 730 2839 hoo
762 2799 999 2849 significat:
1032 2800 1174 2850 „Crito
1202 2801 1294 2850 ipse
1319 2801 1411 2839 suis
1439 2801 1574 2840 oculis
1601 2801 1849 2851 Glycerium

276 2873 368 2911 vult
418 2875 685 2922 conspicere3
734 2875 979 2924 suspicatur
1026 2875 1142 2914 enim
1184 2885 1232 2914 se
1263 2886 1289 2915 a
1320 2876 1484 2924 Myside
1516 2876 1664 2926 decipi,
1699 2876 1846 2926 Glyce-

276 2948 387 2985 rium
417 2951 491 2986 aut
520 2952 737 2988 mort-uam
766 2961 861 2989 esse
889 2953 965 2989 aut
992 2951 1245 2990 iamdudum
1272 2962 1295 2990 e
1322 2951 1544 3000 Chrysidis
1560 2952 1738 2991 aedibus
1754 2962 1846 3002 pro-

1970 1599 1992 1620 δ

2022 1260 2034 1285 3

2022 1289 2034 1318 ἔ
