2034 3334
1014 266 1074 311 86

244 390 391 446 ipsum
424 404 538 432 unus
570 403 621 432 ex
654 388 731 432 illo
762 403 941 433 numero
973 403 1078 432 usus
1101 390 1190 433 iam
1216 390 1287 433 sit.
1319 389 1470 435 Nonne
1494 404 1607 434 nunc
1629 393 1771 446 sponte
1793 402 1840 434 ee

243 462 428 503 narratio
460 461 510 503 de
546 459 738 518 Lycaone
765 459 913 504 offert?
948 459 1031 504 Sed
1063 462 1254 518 corrupit
1285 462 1431 505 omnia
1459 463 1594 506 nimio
1621 461 1839 506 doctrinae

244 531 387 574 studio
419 533 510 588 ipse
543 537 679 587 poeta.
713 530 773 574 Ut
804 530 888 574 alia
919 532 1062 574 omnia
1094 536 1280 576 taceam:
1313 545 1443 589 quam
1477 533 1648 590 egregie
1678 530 1755 576 illa

430 602 540 655 Quae
571 607 692 658 pater
725 605 774 644 ut
804 615 977 644 summa
1007 601 1118 645 vidit
1150 601 1379 646 Saturnius
1410 616 1504 647 arce

242 674 391 715 statim
438 677 534 728 post
579 671 756 729 longam
803 674 1168 716 enumerationem
1214 672 1448 725 scelerum,
1504 673 1659 730 quibus
1705 672 1839 717 ferrea

242 746 357 786 aetas
402 744 541 799 ipsam
588 743 752 800 fugarit
800 744 1047 794 Astraeam,
1096 748 1329 800 ponuntur,
1372 757 1501 801 quam
1545 757 1699 802 parum
1739 747 1838 801 apte

239 812 352 855 illud
384 828 484 869 quae
517 813 700 856 refertur
730 813 783 856 ad
815 827 965 857 versus
997 815 1071 871 qui
1102 828 1214 858 nunc
1245 815 1439 871 proxime
1470 814 1752 872 praecedunt:

1001 884 1084 928 Sed
1117 889 1160 928 et
1190 884 1267 928 illa
1297 899 1487 943 propago

425 953 694 999 Contemtrix
726 969 931 1012 superum
963 969 1199 1013 saevaeque
1229 955 1481 1000 avidissima
1510 955 1651 999 caedis

425 1025 480 1067 Et
513 1025 703 1069 violenta
734 1027 842 1069 fuit:
877 1028 1006 1069 scires
1037 1041 1060 1070 e
1093 1029 1302 1085 sanguine
1333 1030 1467 1071 natos.

242 1095 364 1139 Nihil
406 1096 475 1139 hic
518 1096 677 1139 dicitur
717 1097 829 1153 quod
873 1097 944 1140 vel
986 1111 1185 1140 summus
1228 1097 1407 1141 deorum
1447 1096 1582 1141 oculis
1625 1097 1715 1140 suis
1745 1109 1842 1140 eon-

242 1165 444 1223 templari
485 1168 640 1224 possit,
674 1166 793 1210 nulla
825 1168 894 1210 hic
925 1172 990 1210 est
1022 1170 1310 1220 enumeratio,
1344 1181 1451 1225 quae
1483 1167 1745 1224 pronominis
1775 1179 1839 1210 re-

241 1237 368 1289 lativi
401 1237 614 1295 pluralem
647 1242 848 1295 provocet
879 1252 1124 1282 numerum.

308 1378 391 1422 165
424 1379 564 1423 Foeda
595 1380 833 1437 Lycaoniae
864 1380 1050 1424 referens
1081 1383 1279 1424 convivia
1310 1395 1496 1425 mensae.

244 1451 448 1507 Refer-ens
478 1452 715 1494 rectissime
747 1451 902 1494 Ovidio
933 1453 1020 1494 iam
1055 1452 1273 1509 Hauptius
1305 1452 1543 1495 vindicavit
1568 1451 1698 1496 allato
1724 1451 1839 1496 Fast.

243 1520 314 1569 IV,
349 1520 460 1564 667:

993 1592 1138 1635 Numa
1170 1595 1260 1636 visa
1291 1593 1477 1636 revolvit

486 1661 544 1704 Et
575 1675 719 1704 secum
752 1662 955 1719 ambages
985 1676 1191 1719 caecaque
1222 1665 1339 1706 iussa
1371 1663 1512 1706 refert.

244 1732 391 1788 Neque
423 1735 568 1775 tamen
601 1734 762 1775 mirum
796 1733 925 1776 fuisse
957 1735 1031 1789 qui
1063 1739 1206 1777 nostro
1239 1749 1365 1777 versu
1397 1739 1575 1789 repetem
1606 1734 1839 1792 legendum

243 1816 332 1845 esse
372 1805 621 1852 coniiceret,
656 1816 755 1846 nam
788 1804 997 1860 referendi
1028 1804 1207 1847 verbum
1240 1810 1305 1847 sat
1337 1818 1430 1847 raro
1463 1806 1523 1847 sic
1555 1804 1747 1848 adhiberi
1778 1805 1842 1848 vi·

244 1872 368 1914 detur
409 1877 458 1915 ut
499 1875 577 1915 sit:
612 1874 694 1915 sibi
725 1875 769 1915 in
802 1877 991 1916 mentem
1023 1888 1234 1917 revocare.
1268 1875 1533 1931 Quapropter
1564 1888 1736 1932 operam
1768 1887 1840 1918 me

243 1957 323 1985 non
358 1943 629 1999 perditurum
661 1944 860 1986 existimo
893 1945 929 1986 si
961 1958 1097 1987 unum
1129 1946 1261 1987 etiam
1288 1945 1537 2001 exemplum
1563 1945 1838 2003 adscripsero,

240 2013 370 2069 idque
402 2013 747 2056 disertissimum.
781 2013 964 2070 Legitur
995 2015 1108 2071 apud
1141 2015 1413 2072 Propertium
1446 2016 1480 2066 I,
1517 2015 1556 2067 1,
1576 2014 1634 2059 34
1650 2028 1735 2073 sq.:

426 2083 547 2136 Quod
579 2085 615 2125 si
646 2086 741 2140 quis
776 2086 952 2127 monitis
984 2085 1126 2128 tardas
1157 2086 1389 2129 adverterit
1422 2100 1564 2138 aures,

486 2153 585 2196 Heu
616 2155 770 2211 referet
803 2159 959 2211 quanto
991 2156 1120 2198 verba
1153 2156 1298 2199 dolore
1331 2170 1440 2200 mea.

307 2293 392 2338 170
420 2309 509 2351 sqq.

424 2366 516 2409 Hac
548 2371 621 2420 (sc.
658 2369 728 2409 via
759 2366 912 2420 lactea)
945 2370 1027 2411 iter
1058 2373 1121 2411 est
1154 2370 1318 2425 superis
1349 2368 1401 2411 ad
1434 2370 1582 2426 magni
1614 2371 1728 2411 tecta
1756 2366 1838 2412 '1¹0-

423 2437 712 2494 Regalemque
745 2437 936 2480 domum.
970 2438 1131 2482 Dextra
1163 2438 1369 2496 laevaque
1402 2439 1576 2482 deorum
1677 2441 1838 2494 [nantis

426 2508 548 2549 Atria
580 2507 792 2549 nobilium
825 2507 965 2551 valvis
997 2507 1266 2551 celebrantur
1297 2511 1469 2565 apertis.

427 2576 553 2619 Plebs
586 2578 752 2620 habitat
785 2578 950 2621 diversa
981 2578 1109 2631 locis;
1143 2593 1168 2621 a
1200 2580 1336 2622 fronte
1369 2584 1564 2636 potentes

427 2646 660 2689 Caelicolae
692 2647 878 2703 clarique
910 2662 1007 2691 suos
1039 2663 1219 2704 posuere
1251 2654 1435 2705 penates,

243 2715 430 2757 Tandem
474 2717 700 2772 aliquando
744 2720 911 2760 exstitit
953 2718 1186 2760 Ehwaldus
1227 2721 1301 2775 qui
1342 2720 1520 2762 sentiret
1559 2719 1660 2761 haec
1692 2720 1751 2762 sic
1782 2719 1835 2762 ab

245 2784 395 2826 Ovidio
428 2787 553 2827 scribi
587 2801 668 2828 non
701 2789 901 2842 potuisse.
936 2787 1046 2840 Quid
1080 2786 1224 2831 enim?
1256 2804 1281 2830 a
1303 2790 1446 2845 fronte
1476 2802 1558 2830 non
1593 2802 1740 2830 omnes
1772 2788 1834 2831 dii

245 2856 424 2895 maiores
470 2856 663 2897 habitant
711 2856 782 2898 sed
829 2872 939 2899 unus
982 2857 1159 2913 Iupiter,
1202 2860 1331 2900 ceteri
1372 2857 1439 2900 dei
1481 2857 1643 2899 nobiles
1686 2857 1836 2900 dextra

244 2923 448 2979 laevaque
492 2927 586 2966 viae
628 2925 808 2974 lacteae,
852 2928 903 2969 ad
946 2927 1123 2970 caeleste
1161 2927 1271 2970 illud
1305 2927 1567 2983 Capitolium
1600 2927 1834 2979 tendentis,

245 2993 389 3035 domos
422 3008 519 3035 suas
552 2995 718 3037 habent.
755 2996 925 3052 Recepit
957 3011 1061 3054 ergo
1092 2997 1322 3040 Ehwaldus
1352 2997 1583 3053 fragmenti
1609 2997 1833 3040 Beruensis
