2034 3334
823 774 1134 830 CAPUT
1181 776 1228 829 Ι.

512 1143 567 1173 ΒΕ
599 1142 1000 1174 ΜΕΤΑΜΟΒΡΗΟΒΕΟΝ
1031 1142 1236 1174 VERSIBUS
1266 1142 1539 1174 PONDEROSIS.

290 1273 502 1316 Versuum
552 1274 876 1330 pangendorum
923 1273 1187 1330 praeclarum
1237 1288 1326 1316 esse
1370 1273 1577 1316 artificem
1617 1273 1824 1315 Ovidium

229 1344 429 1387 dixerunt
468 1344 600 1387 multi
642 1350 770 1401 atque
813 1345 915 1388 adeo
959 1359 1060 1387 eum
1103 1344 1311 1386 imitando
1344 1348 1443 1386 sunt
1475 1343 1718 1394 testificati,
1755 1343 1827 1386 sed

228 1430 354 1458 nemo
395 1417 535 1472 magis
577 1415 621 1457 id
664 1418 883 1471 experitur
926 1430 1055 1471 quam
1098 1417 1172 1471 qui
1206 1415 1437 1472 diligenter
1470 1414 1825 1457 animadverterit

229 1500 356 1542 quam
390 1486 606 1542 eleganter
637 1487 707 1529 hic
739 1486 830 1529 illic
862 1501 1009 1529 versus
1044 1487 1287 1528 adhibuerit
1313 1487 1464 1528 ceteris
1491 1485 1826 1541 ponderosiores.

228 1556 365 1608 Quam
408 1571 497 1599 rem
541 1559 616 1612 qui
657 1557 782 1613 paulo
826 1558 1065 1600 accuratius
1109 1558 1420 1599 examinaverit
1451 1556 1494 1598 et
1527 1558 1711 1612 quaein
1744 1556 1825 1598 hoc

229 1641 383 1683 genere
427 1627 659 1684 singularis
703 1628 847 1671 Ovidii
889 1628 983 1670 laus
1025 1629 1081 1670 sit
1113 1629 1280 1670 noverit
1313 1627 1355 1669 et
1388 1627 1438 1670 de
1470 1632 1562 1670 toto
1595 1627 1825 1670 Metamor-

229 1698 412 1754 phoseon
458 1713 582 1754 opere
621 1701 803 1750 rectius,
847 1703 896 1740 ut
934 1713 1013 1755 ego
1049 1701 1211 1754 opinor,
1243 1698 1433 1741 iudicare
1466 1701 1636 1754 poterit.
1670 1698 1822 1741 Totam

228 1781 330 1825 ergo
362 1770 424 1811 rei
455 1771 666 1812 rationem
699 1770 844 1812 ordine
875 1770 944 1811 hic
971 1784 1206 1825 proponam
1232 1771 1277 1811 in
1305 1783 1402 1811 suas
1427 1774 1568 1825 partes
1597 1769 1823 1825 digestam.

231 1838 491 1882 Ponderosos
525 1844 671 1882 autem
705 1854 774 1882 eos
807 1841 900 1883 dico
934 1854 1084 1882 versus
1118 1842 1192 1895 qui
1224 1843 1298 1882 aut
1331 1854 1355 1882 a
1382 1840 1588 1896 quaternis
1615 1842 1823 1895 incipiant

226 1909 442 1965 spondeis,
468 1913 566 1961 aut,
596 1925 695 1953 cum
719 1913 764 1952 in
780 1912 906 1953 initio
923 1915 1064 1953 ternos
1082 1911 1380 1953 tantummodo
1398 1911 1608 1966 spondeos
1625 1911 1824 1961 habeant,

225 1983 369 2023 tamen
402 1980 497 2023 aliis
528 1982 654 2024 rebus
686 1981 983 2024 accedentibus
1017 1985 1083 2033 (ut
1111 1984 1215 2037 puta
1243 1981 1426 2037 spondeo
1452 1983 1497 2023 in
1524 1982 1673 2037 quinto
1702 1981 1824 2036 pede)

223 2049 435 2106 peculiare
478 2050 648 2107 aliquod
691 2056 839 2107 poetae
882 2066 982 2107 prae
1027 2066 1070 2094 se
1111 2052 1249 2094 ferant
1290 2051 1533 2093 consilium.
1578 2051 1642 2093 Ne
1676 2056 1819 2093 tamen

222 2121 331 2163 mihi
356 2126 582 2165 moveatur
608 2124 916 2173 controversia,
945 2123 1175 2177 separatim
1204 2126 1436 2177 utrumque
1466 2123 1653 2164 tractabo
1670 2136 1819 2178 genus.

223 2191 485 2234 Ponderosos
513 2196 658 2234 autem
685 2197 731 2234 ut
748 2207 897 2235 versus
914 2193 1069 2234 faceret
1084 2196 1168 2234 tres
1187 2191 1392 2235 Ovidium
1410 2197 1639 2234 moverunt
1657 2206 1818 2234 causae.

283 2261 430 2304 Primo
473 2262 682 2318 quidquid
712 2262 826 2305 lente
857 2263 906 2304 fit
939 2262 1139 2318 tardeque
1172 2277 1270 2304 cum
1306 2276 1464 2318 magno
1495 2262 1717 2304 molimine
1750 2262 1819 2306 vel

222 2332 442 2383 molestia,
477 2333 683 2388 quidquid
715 2336 802 2375 stat
834 2335 1135 2375 inconcussum
1167 2347 1243 2375 nec
1275 2332 1368 2375 loco
1402 2347 1478 2375 suo
1509 2337 1710 2375 movetur
1741 2333 1819 2375 hoc

224 2417 430 2446 versuum
455 2417 609 2459 genere
637 2406 809 2460 egregie
837 2404 1098 2459 depingitur.
1133 2402 1317 2445 Omnino
1343 2405 1387 2445 in
1405 2403 1819 2459 Metamorphosesin

227 2471 281 2517 '77
314 2473 520 2529 leguntur
547 2488 696 2516 versus
728 2489 832 2529 quos
865 2488 913 2516 eo
942 2473 1116 2516 consilio
1144 2475 1204 2515 sic
1231 2488 1255 2516 a
1280 2477 1404 2529 poeta
1431 2478 1614 2516 structos
1640 2478 1816 2517 constet.

225 2543 416 2595 Quorum
461 2543 516 2585 53
560 2558 583 2586 a
614 2546 831 2599 quaternis
864 2544 1060 2600 spondeis
1091 2545 1317 2599 incipiunt.
1351 2544 1443 2586 Hos
1477 2558 1623 2586 omnes
1654 2545 1724 2587 hic
1755 2546 1816 2587 sic

221 2615 476 2656 enumerabo
519 2618 568 2656 ut
608 2616 700 2670 ipso
742 2615 950 2657 scribendi
990 2628 1147 2671 genere
1179 2628 1203 2656 a
1235 2616 1386 2656 ceteris
1419 2615 1684 2671 distinguam
1716 2615 1815 2659 illos

221 2685 295 2739 qui
326 2683 604 2726 disertissime
637 2689 785 2740 poetae
818 2684 1044 2727 consilium
1076 2684 1269 2740 prodant.

302 2753 336 2805 I,
400 2754 458 2797 22
506 2755 617 2797 Nam
650 2754 764 2797 caelo
799 2758 931 2797 terras
963 2759 1004 2796 et
1036 2757 1160 2797 terris
1192 2755 1370 2798 abscidit
1401 2756 1549 2799 undas.

401 2823 460 2866 24
506 2824 621 2877 Quae
652 2830 879 2880 postquam
912 2825 1077 2868 evolvit
1108 2839 1312 2881 caecoque
1346 2828 1507 2868 exemit
1539 2841 1704 2870 acervo.

375 2894 459 2936 119
508 2895 621 2938 Tum
651 2898 842 2951 primum
873 2897 994 2938 siccis
1026 2899 1096 2938 aer
1126 2896 1362 2938 fervoribus
1395 2900 1530 2940 ustus,

376 2964 459 3008 157
507 2966 729 3009 Perfusam
762 2966 901 3009 multo
933 2970 1132 3009 natarum
1164 2969 1369 3023 sanguine
1402 2967 1592 3010 Terram.
