2034 3334
1041 246 1100 292 48

337 367 454 419 XHI,
494 368 563 410 55.
612 367 778 411 Obiecit
826 367 973 426 Ulyssi
1022 369 1145 412 triste
1193 368 1462 414 Philoctetae
1509 370 1691 415 exilium
1742 371 1873 427 Aiax3

277 439 427 482 deinde
459 438 600 482 addit:

456 508 534 552 Ille
566 514 695 551 tamen
727 510 839 552 vivit
866 511 967 567 quia
998 524 1085 554 non
1116 512 1343 555 comitavit
1374 511 1591 570 Ulyssem.

457 580 612 623 Mallet
643 584 686 623 et
716 580 865 623 infelix
899 580 1151 625 Palamedes
1184 596 1275 626 esse
1306 581 1483 627 relictus
1506 583 1549 637 ¹).

275 650 332 694 Et
362 650 499 694 multa
528 650 615 694 alia
645 651 971 695 eiusdemmodi.

335 796 586 848 Sufficiunt,
633 802 683 840 ut
729 798 892 854 opinor,
940 797 1044 841 haec
1091 797 1144 842 ad
1186 798 1568 844 demonstrandum
1611 798 1784 858 qualem
1825 814 1871 845 se

274 867 523 923 disponendi
564 867 772 910 artificem
817 867 997 911 Ovidius
1039 870 1085 911 in
1122 870 1285 913 maiore
1317 869 1721 929 Metamorphoseon
1750 875 1892 935 parte.

275 940 552 996 praestiterit.
594 938 652 980 Et
694 953 870 995 possum
909 939 979 983 hic
1019 939 1146 983 finem
1188 942 1409 998 imponere
1440 943 1594 1000 capiti,
1626 941 1739 1000 quod
1768 941 1871 986 huic

276 1015 532 1066 argumento
564 1009 788 1052 destinavi.
821 1009 904 1053 Sed
935 1010 1152 1068 paulisper
1184 1011 1237 1054 ad
1269 1026 1407 1055 unum
1433 1014 1526 1056 eius
1550 1012 1696 1057 locum
1721 1012 1868 1066 redeo,

270 1082 350 1136 'qui
377 1094 525 1123 ansam
551 1080 660 1122 mihi
689 1081 861 1136 praebet
887 1082 1235 1125 observationum
1264 1082 1447 1126 duarum
1464 1097 1622 1140 neque,
1639 1089 1690 1128 ut
1706 1085 1869 1141 opinor,

274 1154 519 1208 ineptarum
560 1156 603 1195 et
645 1166 745 1194 cum
786 1154 921 1195 totius
952 1154 1104 1210 capitis
1136 1152 1314 1197 consilio
1346 1167 1476 1211 quam
1508 1155 1697 1198 maxime
1726 1154 1872 1199 cohae-

272 1225 475 1266 rentium.

334 1293 639 1337 Observatione
682 1309 785 1352 ergo
827 1299 971 1338 nostra
1013 1295 1064 1338 de
1106 1295 1263 1339 Ovidio
1306 1310 1402 1339 non.
1432 1297 1576 1339 omnia
1608 1309 1717 1353 quae
1745 1299 1870 1354 gesta

273 1369 373 1406 sunt
414 1366 526 1407 sicut
565 1369 689 1422 gesta
728 1370 829 1409 sunt
872 1366 1017 1409 ordine
1060 1366 1181 1410 velut
1211 1370 1511 1419 enumerante,
1544 1365 1618 1410 sed
1646 1366 1867 1411 interdum

272 1436 526 1478 narrationis
568 1450 742 1479 cursum
778 1438 1118 1493 interrumpente
1151 1437 1203 1479 ad
1234 1436 1425 1493 aliquam
1456 1451 1571 1488 rem,
1605 1451 1736 1494 quam
1766 1450 1866 1481 cum

272 1507 462 1548 maxime
488 1508 595 1548 scire
620 1506 812 1562 legentes
840 1512 1054 1563 oporteat,
1080 1507 1371 1558 inserendam,
1394 1507 1473 1550 hac
1488 1509 1556 1551 aio
1572 1508 1867 1552 observatione

272 1578 340 1618 usi
371 1578 459 1618 iam
490 1590 639 1619 sumus
672 1577 725 1620 ad
758 1591 907 1620 versus
933 1578 1157 1620 cuiusdam
1185 1578 1252 1630 (V,
1275 1576 1379 1630 117)
1404 1592 1583 1635 pravam
1610 1578 1870 1622 emendatio·

271 1661 367 1689 nem
418 1646 694 1690 refellendam
740 1654 782 1691 et
829 1663 980 1691 verum
1022 1663 1197 1692 sensum
1238 1651 1283 1691 in
1326 1648 1438 1692 clara
1478 1649 1724 1706 ponendum
1753 1649 1865 1694 luce.

270 1717 396 1760 Nunc
437 1731 485 1759 ea
527 1732 634 1773 quae
667 1718 781 1761 dicta
813 1724 913 1761 sunt
945 1719 996 1762 de
1028 1725 1153 1776 poeta
1186 1723 1328 1763 nostro
1360 1720 1576 1776 praeclaro
1607 1719 1787 1765 artificio
1817 1722 1863 1764 in

272 1787 353 1830 fine
386 1787 539 1844 longae
570 1790 821 1831 narrationis
854 1789 1067 1833 eiusmodi
1098 1795 1281 1846 ponente
1313 1805 1509 1842 versum,
1543 1805 1627 1848 quo
1659 1791 1864 1849 quodam·

274 1858 399 1900 modo
430 1860 749 1916 constringatur
781 1859 996 1912 vinclum,
1030 1875 1114 1917 quo
1147 1866 1237 1904 tota
1263 1863 1517 1912 continetur,
1546 1866 1589 1905 et
1613 1864 1869 1907 narrationis

271 1928 464 1971 clausula
505 1943 604 1972 cum
647 1932 739 1986 ipso
773 1932 954 1973 introitu
987 1946 1117 1988 quam
1149 1934 1364 1975 artissime
1397 1933 1696 1989 coniungatur,
1729 1934 1791 1976 sic
1820 1935 1867 1977 111

271 2014 400 2041 11811111
431 2004 626 2042 nostrum
657 2006 902 2044 convertam
937 2006 985 2044 ut
1017 2003 1181 2045 duobus
1207 2003 1305 2046 inde
1333 2003 1735 2061 Metamorphoseon
1761 2003 1867 2048 locis

271 2068 412 2112 lucem
453 2077 610 2126 petam.
653 2071 846 2115 Alterius
888 2087 995 2129 quae
1039 2075 1097 2116 sit
1140 2075 1263 2117 unice
1306 2088 1407 2117 vera
1446 2074 1599 2126 lectio,
1642 2074 1752 2118 alter
1781 2089 1865 2132 quo

271 2155 395 2183 sensu
430 2142 484 2183 sit
516 2142 784 2197 accipiendus
816 2143 928 2186 mihi
959 2144 1248 2187 demonstrare
1279 2159 1401 2201 posse
1431 2144 1592 2188 videor.

336 2211 409 2261 XI,
447 2211 547 2254 747.
581 2212 676 2255 Non
707 2219 771 2256 est
805 2213 921 2256 ullus
948 2219 1037 2258 toto
1063 2215 1468 2271 Metamorphoseon
1495 2229 1620 2272 opere
1646 2214 1765 2259 locus
1791 2217 1867 2273 qui

273 2286 458 2337 praestet
501 2285 734 2326 narrationi
777 2284 828 2327 de
867 2283 1005 2342 Ceyce
1047 2290 1089 2328 et
1127 2285 1330 2343 Alcyone.
1365 2286 1519 2329 Omnia
1550 2285 1766 2343 praeclara
1795 2286 1866 2331 1110

272 2357 394 2402 sunt;
447 2358 614 2408 pectore
662 2354 871 2397 disertum
919 2355 1100 2398 faciente
1147 2361 1318 2412 poetam
1366 2356 1551 2413 legentis
1593 2358 1764 2400 animus
1804 2357 1866 2401 sic

273 2428 571 2465 commovetur
612 2427 733 2480 quasi
776 2426 1002 2468 hominum
1045 2427 1128 2468 sibi
1170 2425 1553 2469 dilectissimorum
1594 2431 1753 2470 sortem
1781 2427 1866 2470 sibi

271 2495 433 2535 narrari
479 2494 637 2536 audiat.
695 2495 753 2538 Et
800 2510 948 2539 revera
994 2501 1043 2539 ut
1090 2495 1209 2554 Ceyx
1257 2502 1299 2540 et
1342 2496 1533 2554 Alcyone
1579 2496 1695 2540 cordi
1741 2497 1865 2540 nobis

272 2565 356 2604 sint
400 2568 524 2618 poeta
556 2565 695 2607 efficit.
739 2566 793 2608 Et
824 2572 981 2622 quanta
1012 2581 1113 2610 cura
1145 2569 1288 2610 omnia
1319 2567 1389 2610 hic
1423 2567 1650 2610 elaborarit
1681 2565 1864 2610 Ovidius

271 2635 424 2688 quovis
451 2641 624 2690 apparet
649 2650 786 2678 versu.
820 2636 938 2694 Ceyx
965 2651 1066 2694 ergo
1092 2638 1375 2694 probissimus
1400 2637 1477 2680 1118
1502 2639 1569 2679 vir
1590 2642 1633 2679 et
1648 2635 1863 2694 Alcyones

271 2717 370 2745 suae
412 2707 733 2748 amantissimus
775 2710 873 2749 navi
911 2709 993 2750 iter
1025 2708 1215 2750 facturus
1247 2711 1325 2751 est.
1369 2708 1583 2750 Audimus
1614 2711 1862 2763 querentem

271 2772 662 2831 lamentantemque
706 2791 905 2827 uxorem,
949 2777 1045 2820 vale
1084 2778 1297 2820 dicentem
1329 2779 1369 2820 81
1402 2779 1631 2827 maritum,
1664 2777 1862 2820 videmus

322 2948 350 2985 1)
384 2948 486 2989 Quam
520 2948 716 2989 negligenter
748 2953 842 2991 atque
874 2950 999 2991 ingrate
1029 2950 1212 2982 coniunctio
1234 2952 1337 2982 tanen
1361 2949 1466 2992 posita
1487 2949 1529 2981 nit
1556 2949 1642 2987 xlv,
1669 2949 1745 2987 685,
1767 2958 1861 2990 quem

271 3000 375 3032 locum
402 3002 434 3032 in
458 3002 657 3043 praecedenti
683 3001 860 3035 nota‘vimus
883 3005 1003 3046 capite,
1026 3014 1122 3045 quam
1146 3003 1281 3036 maxime
1305 3013 1389 3036 nunc
1412 3007 1554 3046 apparet.
