2034 3334
1012 250 1071 295 92

243 376 337 429 post
383 372 572 429 obviaque
601 396 657 405 —
684 376 723 415 et
769 371 870 415 loon
914 371 1116 432 languet;
1165 375 1325 419 omissa
1362 373 1441 419 illa
1480 324 1839 422 exclamationem
1819 319 1891 438 ,
1951 364 1954 367 ’

243 442 455 500 quandam
486 443 695 487 habemns
726 443 827 487 huic
855 442 949 488 loco
978 446 1262 502 aptissimam.
1723 480 1731 484 ε

307 610 394 653 544
454 610 565 653 Victa
608 610 743 653 labore
784 610 873 653 viae
913 624 948 654 e.
978 624 1017 667 q.
1047 624 1081 654 s.
1143 609 1254 655 Nolo
1296 610 1367 655 hic
1410 610 1560 670 longas
1599 611 1754 656 Kornii
1792 614 1838 658 et

243 681 438 725 Ehwaldi
465 681 700 725 describere
726 682 1020 725 annotationes
1046 682 1215 725 criticas
1242 687 1343 734 (non
1369 687 1510 740 potest
1532 687 1680 727 antem
1697 682 1839 727 brevis

243 766 334 795 esse
375 753 449 808 qui
491 756 686 796 accurate
727 751 778 796 de
818 753 949 795 variis
980 752 1136 795 horum
1169 766 1370 796 versuum
1406 752 1662 798 lectionibus
1691 753 1840 806 refert)
1921 783 1923 785 -
1960 749 1976 761 ”

243 822 316 866 sed
347 822 537 866 breviter
569 821 709 866 dicam
741 822 844 880 quid
874 836 956 880 ego
988 822 1059 866 hic
1090 824 1283 867 evenisse
1314 825 1516 881 suspicer.
1550 823 1732 869 Ovidius
1753 824 1839 882 pri-

243 907 367 936 mum
397 895 645 950 scripserat:

426 963 549 1007 Victa
578 963 724 1008 labore
756 964 885 1022 fugae
918 964 1105 1015 „tellus”
1139 965 1201 1008 ait
1232 965 1378 1016 „hisce
1405 964 1479 1009 vel
1509 966 1640 1010 istam

426 1034 518 1087 Qua
550 1036 738 1078 nimium
769 1034 912 1092 placui
944 1035 1152 1078 mutando
1185 1035 1312 1093 perde
1343 1035 1558 1093 figuram”

242 1105 362 1156 (haec
407 1102 472 1148 est
513 1105 669 1148 codicis
711 1105 759 1148 M
801 1105 951 1158 lectio,
994 1107 1069 1162 qui
1102 1106 1230 1149 verba
1259 1105 1589 1150 tellus—istam
1618 1120 1748 1165 supra
1775 1120 1840 1152 ra-

243 1189 387 1219 suram
420 1177 559 1232 posita
590 1176 750 1229 habet).
784 1176 940 1220 Postea
972 1175 1126 1220 Ovidio
1158 1178 1203 1219 in
1235 1181 1426 1220 mentem
1459 1178 1581 1221 venit
1604 1177 1843 1236 quassavit

241 1251 287 1288 ut
318 1246 473 1299 laedar,
508 1247 622 1303 quod
653 1249 767 1290 inter
796 1246 931 1290 lineas
963 1248 1195 1304 asscripsit.
1228 1247 1330 1291 Mox
1366 1252 1511 1292 tamen
1540 1247 1758 1292 intellexit
1785 1260 1840 1292 ue

246 1318 307 1360 sic
339 1317 513 1373 quidem
545 1318 716 1374 probari
748 1332 897 1361 versus
928 1332 1051 1375 posse
1083 1322 1126 1361 et
1156 1332 1321 1362 novum
1351 1332 1556 1362 conamen

425 1386 548 1431 Victa
578 1387 722 1432 labore
753 1389 883 1446 fugae
913 1393 1107 1446 spectans
1137 1388 1348 1432 Peneidos
1378 1389 1513 1434 undas

428 1457 537 1509 „Fer
568 1459 717 1515 pater’'
748 1461 893 1516 inquit
926 1474 1102 1517 „opem‚
1137 1461 1173 1503 si
1203 1459 1383 1504 flumina
1413 1474 1573 1504 numen
1604 1459 1801 1505 habetis”

245 1530 291 1571 in
337 1530 535 1586 margine
578 1531 744 1586 posuit,
790 1544 928 1587 neque
974 1534 1119 1574 tamen
1161 1531 1382 1575 decernere
1423 1531 1660 1588 quidquam
1699 1530 1842 1576 voluit

245 1600 495 1656 prinsquam
527 1599 747 1656 exemplar
779 1600 1102 1644 describendum
1134 1602 1322 1644 traderet
1347 1601 1548 1645 librariis.
1578 1600 1696 1646 Novi
1718 1614 1842 1646 cona⁶

242 1671 372 1712 minis
418 1684 568 1727 margo
614 1670 770 1714 codicis
813 1671 861 1714 M
901 1679 944 1723 (a
986 1685 1117 1714 manu
1159 1685 1266 1715 saec.
1310 1671 1407 1725 XV)
1448 1671 1630 1716 alteram
1671 1677 1838 1730 partem

240 1740 319 1791 (fer
336 1765 392 1771 —
411 1740 594 1792 habetis)
626 1746 782 1793 servat,
816 1741 979 1785 codices
1011 1752 1038 1784 λ
1065 1747 1108 1785 et
1134 1759 1152 1784 ε
1177 1749 1330 1786 cuncta
1354 1744 1467 1786 inter
1491 1757 1537 1786 se
1564 1745 1836 1799 permiscent.

240 1809 353 1863 Quin
406 1811 508 1854 haec
554 1811 655 1868 fere
700 1814 755 1854 sit
803 1811 886 1855 loci
934 1814 1050 1855 varie
1098 1814 1252 1855 tentati
1300 1813 1476 1856 historia
1523 1827 1607 1856 non
1658 1813 1835 1857 dubito:

239 1881 447 1924 habemus
488 1895 590 1938 ergo
631 1882 700 1924 hic
742 1884 910 1939 insigne
951 1882 1198 1939 exemplum
1238 1884 1323 1933 rei,
1367 1883 1418 1926 de
1459 1897 1543 1940 qua
1584 1897 1626 1940 p.
1660 1882 1719 1927 63
1748 1884 1835 1941 egi.

240 1950 465 1994 Edendum
498 1958 645 1995 autem
677 1966 825 1996 censeo
866 1967 1030 1996 novum
1072 1955 1209 2010 ipsius
1255 1953 1401 1996 Ovidii
1442 1967 1673 2005 conamen,
1712 1952 1838 1999 nihil-

241 2035 323 2078 que
367 2027 584 2078 praeterea
625 2022 878 2067 addendum.
912 2023 1112 2067 Feliciter
1141 2026 1256 2067 enim
1289 2023 1468 2067 Ovidius
1499 2038 1544 2068 se
1574 2026 1719 2081 ipsum
1749 2037 1838 2070 corz

241 2094 373 2135 rexit:
426 2097 758 2136 consentaneum
806 2099 870 2137 est
916 2093 1141 2151 Daphnem
1188 2094 1487 2138 tantummodo
1534 2096 1670 2152 patris
1709 2107 1837 2152 opem
1921 2117 1924 2119 >

240 2162 492 2219 implorare,
526 2178 609 2206 non
639 2166 779 2220 ipsam
811 2166 851 2208 ei
883 2165 1091 2208 subiicere
1122 2167 1214 2222 opis
1247 2165 1443 2209 ferendae
1474 2167 1696 2210 rationem.
1723 2196 1729 2201 -

302 2328 389 2371 568
416 2343 477 2385 sq.
520 2329 667 2386 Neque
709 2331 783 2386 qui
823 2332 958 2386 possit
997 2330 1104 2372 silva
1145 2330 1341 2374 claudere
1382 2346 1518 2373 nemus
1558 2345 1696 2388 neque
1726 2330 1830 2389 quid

239 2401 295 2441 sit
326 2400 431 2441 silva
449 2405 677 2454 praerupta
710 2400 846 2443 video·
879 2399 1141 2457 Corruptum
1172 2415 1274 2458 ergo
1306 2406 1435 2458 puto:

421 2469 499 2511 Est
531 2484 683 2512 nemus
715 2470 1002 2522 Haemoniae,
1032 2477 1260 2528 praerupta
1287 2472 1399 2528 quod
1426 2471 1612 2528 undique
1637 2470 1801 2515 claudit

422 2540 541 2582 Silva

240 2609 310 2651 sed
344 2609 404 2651 nil
435 2612 480 2651 in
512 2615 701 2653 mentem
734 2612 865 2654 venit.

305 2773 389 2815 585
419 2788 478 2829 sq.
514 2774 693 2817 Inachus
726 2775 855 2818 filiam

423 2844 577 2900 Luget
596 2850 646 2887 ut
677 2847 900 2896 amissam,
934 2850 1068 2890 nescit
1099 2849 1245 2891 vitane
1276 2849 1445 2891 fruatur

425 2915 489 2955 An
522 2916 577 2955 sit
609 2916 721 2970 apud
756 2916 928 2967 Manes,
962 2918 1033 2960 sed
1066 2932 1196 2974 quam
1226 2933 1308 2961 non
1339 2919 1504 2960 invenit
1534 2931 1716 2973 usquam

420 2983 521 3025 Esse
554 2989 678 3039 putat
710 3000 946 3042 nusquam,
978 2993 1105 3043 atque
1137 2989 1280 3046 animo
1311 2989 1452 3044 peiora
1484 2991 1666 3030 veretur.
