2034 3334
1010 384 1064 426 92

339 506 447 550 Eam
489 510 632 550 autem
670 509 925 551 sententiam
959 509 1035 551 vix
1066 509 1161 552 aliis
1192 511 1384 566 potuisse
1415 511 1635 554 enuntiari
1666 523 1790 555 voca-

280 583 394 627 bulis
427 583 663 640 prudenter
693 584 894 628 admonet
925 585 1143 630 Hertzius.

339 660 391 702 In
423 659 463 702 N
477 673 576 703 uce
608 660 1008 717 pseudo—ovidiana
1038 675 1101 705 vs.
1135 663 1190 705 87
1224 662 1330 706 haec
1360 662 1586 720 leguntur:

463 778 586 823 Felix
619 782 784 823 secreto
817 793 928 836 quae
960 783 1102 824 natast
1133 780 1259 824 arbor
1289 782 1332 824 in
1366 795 1468 838 agro

521 855 577 898 Et
609 855 688 899 soli
723 855 897 900 domino
929 857 1039 900 ferre
1071 857 1232 901 tributa
1261 861 1420 915 potest.

461 931 560 975 Non
593 933 818 976 hominum
851 935 1056 990 strepitus
1089 934 1221 991 audit,
1257 948 1351 978 non·
1374 935 1448 978 illa
1481 938 1686 992 rotarum,

522 1009 620 1052 Non
652 1024 678 1053 a
709 1011 850 1054 vicina
883 1011 1183 1068 pulverulenta
1220 1013 1342 1056 viast.

283 1137 464 1194 Sumpta
495 1137 599 1180 haec
633 1150 726 1181 esse
756 1151 813 1181 ex
843 1137 1023 1181 Horatio
1061 1137 1209 1194 (Epist.
1243 1137 1277 1193 Ι,
1313 1139 1382 1194 17,
1416 1138 1454 1194 7,
1487 1139 1594 1195 sq.):

701 1247 747 1291 Si
778 1251 821 1291 te
852 1248 996 1304 pulvis
1027 1249 1319 1305 strepitusque
1349 1251 1541 1292 rotarum

464 1324 510 1368 Si
540 1324 673 1368 laedit
704 1338 910 1382 caupona,

284 1452 432 1495 multis
464 1452 570 1495 viris
602 1452 738 1496 doctis
770 1453 982 1508 videntur,
1014 1453 1190 1496 Hertzio
1218 1454 1407 1496 minime.
1425 1452 1660 1496 Verissime
1677 1451 1792 1496 enim

283 1529 356 1572 ille
403 1527 602 1572 observat
646 1542 735 1572 rem
781 1530 919 1586 ipsam
968 1543 1062 1573 esse
1110 1529 1485 1586 simplicissimam,
1533 1528 1663 1572 verba
1703 1542 1792 1572 non

282 1618 458 1662 prorsus
504 1606 673 1659 eadem3
723 1609 936 1663 postremo
984 1607 1030 1649 in
1072 1610 1160 1649 toto
1202 1607 1405 1663 carmine,
1448 1605 1563 1662 quod
1610 1595 1694 1648 18'2
1728 1609 1794 1650 est

285 1696 504 1738 versuum,
554 1683 723 1726 nullum
765 1687 981 1740 praeterea
1022 1684 1210 1727 inveniri
1250 1683 1510 1727 Horatianae
1540 1683 1792 1726 imitationis

285 1762 474 1817 signum.
1039 1819 1041 1821 ι

343 1837 499 1880 Postea
556 1841 699 1880 tamen
756 1838 869 1881 idem
927 1837 1133 1881 Hertzius
1188 1841 1406 1894 tamquam
1454 1851 1510 1881 ex
1556 1837 1792 1881 Horatiano

287 1914 377 1971 (IV,
411 1915 489 1970 13,
512 1916 578 1969 2):
644 1980 646 1984 .

795 1991 874 2034 Vis
903 1991 1091 2034 formosa
1122 1991 1258 2035 videri

287 2122 508 2175 sumptum
540 2119 657 2161 hunc
688 2118 808 2162 affert
837 2117 974 2162 Nucis
1011 2131 1210 2162 versum:

465 2235 595 2279 Nunc
626 2240 797 2280 uterum
829 2237 951 2280 vitiat
983 2249 1094 2293 quae
1125 2237 1220 2280 vult
1249 2236 1436 2280 formosa
1466 2237 1612 2280 videri.

290 2353 385 2405 Qua
414 2356 460 2396 in
492 2368 537 2398 re
568 2355 727 2411 egregii
762 2355 842 2397 viri
875 2355 1007 2397 miror
1036 2355 1380 2397 inconstantiam.

348 2431 384 2472 E
426 2431 677 2474 Phaedro
718 2444 844 2488 saepe
885 2434 1103 2487 tamquam
1134 2431 1395 2474 Horatianae
1426 2431 1624 2487 exempla
1653 2431 1794 2473 imita-

287 2508 416 2550 tionis
458 2509 562 2551 haec
594 2508 853 2552 afferuntur:
891 2508 1044 2564 „Naris
1077 2512 1303 2552 emunctae
1335 2507 1498 2552 senex''
1531 2507 1662 2563 (quod
1695 2520 1794 2550 con-

287 2584 422 2627 fertur
456 2598 553 2627 cum
587 2585 690 2628 Hor.
723 2585 809 2629 Sat.
839 2585 873 2641 I,
903 2587 945 2643 4,
980 2587 1029 2628 8:
1069 2586 1332 2640 „Emunctae
1365 2587 1494 2641 naris,
1526 2585 1661 2628 durus
1678 2598 1794 2628 com-

289 2674 446 2716 ponere
478 2662 696 2717 versus'’);
734 2663 885 2717 „dulce
916 2662 1117 2706 lucrum”
1149 2663 1282 2719 (quod
1315 2662 1532 2705 confertur
1562 2675 1660 2704 cum
1688 2661 1793 2705 Hor.

289 2738 422 2795 Epist.
454 2739 488 2794 I,
524 2741 588 2791 18,
623 2741 724 2782 102>
745 2740 920 2795 „Honos
947 2755 1001 2784 an
1029 2741 1155 2784 dulce
1180 2740 1456 2795 lucellum'');
1484 2740 1559 2783 sed
1574 2739 1683 2782 illud
1699 2752 1793 2783 esse

291 2829 345 2858 ex
378 2829 573 2859 sermone
611 2818 873 2873 quotidiano,
904 2818 985 2861 hoc
1018 2819 1209 2861 omnium
1242 2818 1330 2861 fere
1361 2818 1615 2873 scriptorum
1649 2819 1790 2872 poeta-

289 2905 472 2948 rumque
512 2892 776 2949 Latinorum,
818 2907 961 2951 neque
991 2894 1089 2951 plus
1123 2893 1291 2937 duobus
1323 2894 1439 2936 hisce
1472 2905 1565 2936 esse
1596 2892 1787 2936 tribuen-
