2034 3334
949 371 1002 412 73

218 498 340 542 locus
385 498 492 540 mihi
537 497 825 540 Horatianum
872 497 1016 540 locum
1062 497 1109 539 in
1151 499 1338 539 mentem
1381 495 1572 552 vocabat,
1602 497 1726 540 illum

221 575 447 631 eleganter,
494 574 693 630 breviter,
735 574 958 630 perspicue
1001 573 1164 617 dixisse
1196 572 1475 616 observabam
1509 574 1626 630 quod
1657 574 1726 616 hic

219 652 365 695 inutili
409 651 507 694 fuco
556 655 598 694 et
644 652 766 693 inani
812 650 1067 694 verbositate
1115 651 1376 706 corrupisset
1417 651 1554 707 magis
1597 665 1726 707 quam

221 729 470 771 ornavisset.
521 727 715 771 Sciebam
762 731 979 784 praeterea
1026 728 1142 770 viros
1191 727 1350 783 doctos,
1400 728 1476 783 qui
1516 731 1615 770 ante
1645 728 1726 770 hoc

220 805 439 849 saeculum
487 805 713 860 vixissent,
763 818 863 847 cum
907 804 1052 847 dolore
1095 804 1280 860 quodam
1324 804 1588 860 quaesivisse
1622 804 1727 860 quid

220 885 332 926 esset
375 881 491 938 quod
533 881 585 924 de
615 880 792 924 Horatio
824 883 899 924 aut
929 893 1106 937 prorsus
1139 884 1280 924 tacere
1311 880 1496 923 solerent
1525 880 1726 936 aequales

221 959 384 1015 quique
430 959 469 1001 ei
516 961 652 1001 aetate
695 970 900 1014 suppares
942 960 1096 1012 essent,
1138 960 1224 1012 aut,
1257 958 1293 1000 si
1324 956 1433 1000 forte
1465 958 1725 1001 mentionem

221 1036 315 1079 eius
361 1035 598 1090 iniicerent,
639 1035 766 1077 inviti
800 1034 844 1076 id
875 1033 1013 1076 facere
1045 1037 1086 1076 et
1120 1047 1250 1090 quam
1280 1034 1552 1090 paucissimis
1583 1033 1727 1077 verbis

220 1112 480 1155 viderentur.
525 1110 581 1154 Et
627 1114 728 1154 nota
773 1111 879 1153 mihi
924 1114 1014 1153 erat
1054 1111 1300 1154 coniectura
1342 1124 1428 1167 qua
1461 1124 1574 1153 anno
1610 1111 1725 1153 1785

221 1188 444 1232 Meierotto
485 1187 603 1231 illam
641 1187 806 1231 solvere
837 1172 1132 1244 quaestionem
1164 1191 1344 1230 conatus
1377 1191 1462 1231 est:
1495 1187 1726 1231 Horatium

224 1267 338 1309 enim
386 1266 587 1308 maiorem
626 1264 760 1307 fuisse
803 1265 953 1307 statuit
996 1277 1126 1321 quam
1171 1265 1247 1320 qui
1278 1263 1330 1306 ab
1362 1264 1615 1320 aequalibus
1648 1279 1727 1308 suo

222 1343 359 1399 pretio
418 1342 633 1385 aestimari
688 1345 843 1398 posset.
893 1340 1011 1392 Quae
1058 1341 1304 1384 coniectura
1349 1342 1451 1384 licet
1498 1342 1603 1384 mihi
1650 1343 1728 1384 mi-

221 1420 338 1462 nime
385 1418 587 1461 arrideret
619 1443 674 1449 --
708 1431 850 1474 neque
892 1419 1004 1461 enim
1049 1418 1155 1461 mihi
1197 1421 1315 1461 tanto
1348 1419 1487 1461 carior
1517 1423 1608 1461 erat
1638 1418 1727 1461 Ho-

221 1495 359 1538 ratius
407 1508 535 1549 quam
582 1493 803 1550 Virgilius,
847 1493 1040 1550 Ovidius,
1084 1494 1346 1550 Propertius,
1388 1507 1529 1550 neque
1560 1496 1597 1537 is
1629 1508 1726 1537 sum

225 1574 301 1629 qui
347 1572 444 1615 illos
487 1571 600 1614 solos
643 1571 828 1614 admirer
867 1571 1049 1615 artifices
1094 1585 1205 1628 quos
1235 1572 1372 1615 futuri
1405 1572 1566 1615 saeculi
1598 1586 1728 1615 causa

222 1651 369 1692 vivere
410 1648 477 1691 vel
514 1649 675 1691 vixisse
705 1648 819 1690 fama
850 1652 914 1691 est
947 1674 993 1680 —-
1035 1653 1178 1691 tamen
1211 1648 1502 1691 Meierottonis
1533 1647 1724 1691 libellum

223 1728 268 1769 in
304 1726 383 1768 hac
417 1725 667 1781 quaestione
697 1737 772 1780 pro
804 1724 1083 1768 fundamento
1111 1738 1205 1768 esse
1233 1725 1386 1768 debere
1403 1729 1444 1768 et
1461 1725 1560 1767 olim
1579 1727 1728 1768 censui

225 1807 267 1846 et
297 1815 414 1844 nunc
447 1802 572 1844 etiam
608 1814 771 1844 censeo.
804 1800 903 1844 Non
935 1803 1048 1844 enim
1077 1802 1217 1844 solum
1246 1802 1359 1844 lectu
1386 1802 1727 1845 iucundissimus

226 1882 302 1933 est,
347 1877 507 1932 Heynii
555 1878 764 1934 discipulo
812 1878 1105 1934 dignissimus,
1154 1878 1229 1921 sed
1277 1879 1405 1921 etiam
1453 1879 1727 1922 doctissimus

225 1954 467 2011 plenusque
498 1966 642 1996 rerum
678 1967 794 1996 nunc
827 1955 952 1996 etiam
987 1955 1162 2010 cognitu
1190 1967 1397 2011 perquam
1427 1955 1610 1998 utilium.
1629 1955 1728 1998 Non
1766 1984 1767 1988 =

226 2031 419 2086 undique
450 2030 627 2072 corrasit
658 2030 863 2072 minutias
895 2031 1075 2086 scriptor
1107 2030 1266 2086 quibus
1297 2031 1497 2074 lec-torem
1529 2031 1728 2075 obrueret

226 2118 436 2162 suamque
478 2109 708 2148 ostentaret
749 2106 997 2161 doctrinam,
1037 2120 1124 2149 non
1158 2108 1375 2150 materiem
1410 2107 1582 2164 collegit
1614 2108 1728 2151 unde

227 2182 470 2225 cuiusmodi
516 2185 657 2238 posset
700 2182 942 2225 aedificium
984 2182 1079 2225 fieri
1108 2184 1201 2239 ipse
1233 2184 1416 2226 nesciret
1447 2209 1501 2214 ——
1535 2185 1726 2226 nondum

227 2259 341 2302 enim
390 2258 463 2300 illa
510 2257 723 2300 scribendi
764 2259 871 2300 ratio
914 2260 958 2300 in
993 2259 1153 2301 honore
1184 2262 1289 2301 tunc
1321 2263 1411 2302 erat
1442 2285 1497 2290 --
1532 2260 1606 2302 sed
1637 2262 1728 2316 ipse

226 2339 366 2378 totum
398 2334 565 2390 posuit:
601 2346 623 2375 e
653 2335 802 2389 paucis
834 2335 908 2377 sed
941 2335 1234 2378 disertissimis
1266 2336 1372 2378 locis
1404 2336 1650 2392 aequalium
1677 2337 1728 2380 de

225 2411 406 2455 Horatio
438 2410 647 2452 iudicium
682 2411 807 2466 quale
837 2410 966 2453 fuerit
995 2411 1172 2467 efficere,
1207 2412 1360 2455 deinde
1388 2425 1465 2454 cur
1491 2413 1575 2455 tale
1600 2413 1730 2456 fuerit

227 2488 472 2531 coniectura
504 2487 676 2541 assequi
708 2490 896 2529 conatur.
929 2489 1074 2543 Atque
1105 2489 1149 2530 in
1182 2488 1261 2540 h-ac
1290 2489 1463 2544 quidem
1489 2493 1608 2546 parte
1624 2491 1730 2532 mihi

228 2578 381 2621 parum
426 2563 561 2606 fuisse
606 2561 712 2605 felix
760 2563 950 2617 videtur3
998 2566 1044 2606 in
1087 2564 1172 2620 illa,
1213 2564 1312 2607 licet
1353 2578 1440 2607 non
1481 2566 1608 2622 plane
1638 2580 1727 2610 rem

230 2655 329 2684 eum
381 2654 462 2683 acu
509 2640 700 2695 tetigisse
746 2640 928 2694 credam,
975 2644 1118 2682 tamen
1165 2642 1278 2683 viam
1326 2641 1378 2683 ab
1425 2655 1474 2684 eo
1520 2648 1728 2686 monstra-

228 2721 314 2760 tam
358 2718 509 2773 opinor
550 2730 574 2757 a
617 2729 703 2771 qua
743 2728 798 2758 ne
830 2729 947 2758 nunc
981 2716 1154 2772 quidem
1185 2717 1312 2773 longe
1343 2718 1398 2760 sit
1428 2719 1726 2762 recedendum.

229 2793 464 2848 Postquam
514 2791 626 2834 enim
675 2803 779 2833 sano
827 2790 1055 2847 sobrioque
1094 2792 1252 2834 iudicio
1297 2793 1506 2850 quidquid
1547 2796 1593 2836 in
1634 2808 1724 2838 rem

228 2869 328 2911 facit
366 2868 605 2925 pensitavit,
646 2867 727 2910 hoc
757 2867 926 2911 statuit:
959 2880 1035 2924 per
1066 2873 1236 2912 centum
1269 2868 1357 2913 fere
1389 2883 1524 2914 anuos
1557 2874 1723 2914 tantum

915 2952 932 2958 „⁴
1034 2944 1041 2954 l

925 2963 1050 2987 '1³⁷111
