2034 3334
1006 270 1070 318 --70

239 409 338 440 cum
367 394 500 439 semel
526 395 704 439 canendi
728 397 888 453 ceperit
912 397 1128 454 impetum
1155 400 1294 442 tacere
1319 411 1404 442 non
1432 398 1564 456 possit
1580 398 1834 456 priusquam

239 467 378 510 omnis
420 466 597 510 canendi
640 467 864 519 materies,
897 481 1028 525 quam
1059 471 1368 526 argumentum
1397 468 1595 526 praebet,
1626 468 1838 514 exhaust·
1878 476 1884 487 ⁶

238 539 318 589 sit,
361 539 435 594 qui
478 538 749 582 hexametros
790 542 833 581 et
864 537 1047 582 disticha
1078 537 1254 590 fundat,
1284 552 1367 582 non
1399 543 1490 583 tam
1520 541 1622 597 quia
1651 539 1744 596 ipse
1773 538 1836 583 eie

238 607 346 653 velit
393 622 523 665 quam
570 610 671 665 quia
718 622 867 652 versus
913 621 938 652 a
978 608 1134 665 quibus
1175 610 1352 652 initium
1394 610 1544 654 fecerit
1585 622 1712 653 suam
1751 608 1838 654 sibi

237 681 406 736 pariant
447 681 697 737 progeniem
732 704 788 711 —
821 693 926 722 num
958 677 1100 722 ullum
1130 679 1381 723 mortalium
1413 693 1552 738 genus
1581 679 1689 738 fingi
1718 680 1838 738 cogi-

240 752 406 807 tarique
433 751 568 806 possit
595 750 709 807 quod
736 752 794 794 sit
819 752 1054 794 innocuum
1081 748 1253 808 magis?
1278 749 1384 804 Quis
1410 750 1488 795 tali
1512 752 1606 795 viro
1632 764 1685 795 ex
1700 751 1838 796 animi

241 822 453 865 sententia
497 819 733 864 irascatur?
786 820 890 875 Quis
937 819 1065 864 illum
1111 820 1308 864 laedendi
1354 821 1615 879 nocendique
1660 819 1839 866 consilio

241 890 430 948 aliquem
475 893 774 948 conscripsisse
819 891 982 934 librum
1025 889 1295 948 suspicetur?
1341 891 1553 949 Equidem
1595 890 1760 944 hercle,
1802 892 1842 936 si

241 962 351 1005 mihi
393 961 583 1019 aequalis
624 967 735 1006 esset
773 961 954 1005 Ovidius
984 964 1107 1019 isque
1140 961 1415 1006 contumeliis
1446 966 1490 1006 et
1520 961 1764 1006 maledictis
1793 962 1842 1006 in

239 1046 310 1076 me
341 1036 451 1075 esset
480 1034 700 1084 invectus,
734 1032 837 1089 quid
867 1030 1079 1076 facerem?
1111 1032 1223 1086 Quid
1255 1031 1428 1076 censes?
1459 1033 1608 1076 Primo
1638 1032 1839 1085 riderem,

241 1103 392 1147 deinde
434 1103 667 1147 adversarii
708 1106 796 1147 mei
836 1102 1071 1147 admirarer
1111 1103 1375 1155 facundiam,
1423 1107 1640 1160 postremo
1685 1102 1839 1149 stilum

241 1188 456 1218 sumerem
499 1179 542 1218 et
573 1176 617 1217 in
651 1176 844 1232 margine
875 1174 1070 1217 literulas
1102 1177 1381 1232 appingerem
1411 1179 1462 1218 ut
1492 1178 1599 1232 quot
1629 1173 1705 1219 ille
1735 1188 1841 1219 usus

242 1245 340 1287 locis
370 1249 481 1288 esset
512 1249 749 1302 appareret.
782 1245 840 1288 Et
871 1247 916 1288 in
947 1245 1061 1288 hunc
1094 1251 1238 1288 tamen
1270 1245 1492 1288 hominem
1522 1246 1841 1290 internecivum

243 1317 481 1359 exercuisse
528 1316 699 1368 odium,
747 1318 790 1359 in
840 1317 954 1359 hunc
1000 1318 1063 1359 ira
1107 1318 1315 1360 exarsisse
1357 1330 1465 1373 quae
1505 1315 1641 1360 nullis
1679 1315 1839 1373 placari

242 1390 387 1443 posset
427 1387 625 1443 precibus
666 1386 950 1443 lamentisque
983 1386 1142 1430 dicitur
1172 1385 1296 1443 quis?
1327 1386 1568 1443 Imperator
1598 1387 1840 1444 Aug-ustus.

241 1458 436 1501 Profecto
483 1457 598 1500 haud
646 1457 768 1501 facile
815 1472 840 1500 a
887 1471 956 1500 me
996 1458 1182 1514 impetro
1227 1461 1277 1499 ut
1317 1459 1462 1500 virum
1503 1456 1633 1500 illum
1672 1467 1839 1501 amem:

242 1533 396 1571 natura
448 1542 548 1571 eum
596 1527 813 1572 crudelem
859 1528 989 1571 fuisse
1036 1530 1145 1578 scio,
1195 1527 1562 1571 dissimulatorem
1610 1526 1840 1579 callidum,

242 1599 459 1641 hominem
505 1598 687 1655 denique
728 1600 803 1655 qui
842 1600 963 1654 pensi
994 1598 1168 1641 haberet
1198 1597 1330 1649 nihil,
1364 1597 1602 1642 dummodo·
1627 1597 1682 1641 ad
1712 1597 1842 1642 finem

243 1670 325 1712 sibi
352 1670 623 1725 propositum
649 1671 915 1725 perveniret,
945 1673 988 1711 et
1015 1683 1189 1725 possum
1217 1671 1277 1711 sic
1305 1667 1443 1711 multa
1469 1670 1562 1712 eius
1589 1662 1841 1712 enumerare

242 1741 374 1790 vitia,
408 1739 479 1782 sed
512 1740 592 1782 hoc
622 1740 754 1790 mihi,
788 1743 837 1782 ut
870 1741 1031 1796 opinor,
1065 1740 1359 1795 unusquisque
1392 1738 1593 1782 concedet
1623 1739 1842 1782 neminem

244 1824 434 1867 unquam
476 1809 728 1852 mortalium
768 1809 845 1852 illo
887 1810 1019 1852 fuisse
1062 1809 1405 1866 prudentiorem,
1449 1811 1667 1853 neminem
1697 1810 1842 1867 magis

244 1882 438 1924 sobrium
471 1893 731 1936 sanumque,
765 1881 983 1923 neminem
1014 1881 1155 1937 magis
1186 1884 1403 1922 remotum
1430 1893 1454 1922 a
1482 1881 1603 1923 vanis
1627 1879 1844 1923 inanibus-

244 1966 326 2008 que
373 1952 509 1994 animi
555 1950 960 2007 perturbationibus.
1013 1950 1070 1992 Et
1110 1952 1147 1992 is
1188 1957 1330 1993 tamen
1374 1949 1508 2007 vulgo
1551 1949 1740 1994 creditur
1779 1950 1844 1994 ita

243 2023 531 2064 succensuisse
575 2020 752 2072 Ovidio‚
799 2026 847 2063 ut
889 2022 960 2063 vix
997 2019 1098 2063 ullis
1130 2022 1222 2063 eius
1254 2022 1470 2063 aerumnis
1502 2021 1652 2063 satiari
1682 2024 1839 2077 posset.

243 2092 397 2135 ovidio
438 2093 518 2134 aio.
563 2091 703 2134 Immo
745 2092 1006 2134 carminibus
1038 2093 1145 2134 eius.
1181 2092 1321 2147 Atque
1353 2090 1441 2133 illis
1473 2105 1557 2134 non
1588 2090 1842 2135 modo-euc-

243 2165 454 2206 censuisse
496 2177 596 2205 eum
638 2163 861 2213 audimus,
904 2162 975 2205 sed
1019 2161 1258 2218 periculum
1291 2163 1421 2205 etiam
1454 2162 1506 2205 ab
1537 2163 1591 2204 iis
1621 2162 1842 2206 metuisse.

245 2234 429 2290 Imperio
473 2248 549 2276 suo
592 2248 643 2276 ne
683 2233 975 2276 calamitatem
1018 2233 1185 2276 afferret
1227 2231 1373 2275 Ovidii
1411 2246 1581 2275 carmen
1617 2233 1843 2290 Augustus

245 2307 410 2348 veritus
451 2310 528 2347 est.
563 2304 619 2346 Et
661 2304 773 2361 quod
816 2302 1016 2347 carmen?
1058 2304 1140 2346 Ars
1182 2305 1402 2346 amatoria.
1445 2302 1628 2346 Difficile
1671 2308 1738 2346 est
1768 2303 1841 2347 hic

243 2378 381 2418 risum
414 2380 569 2418 tenere.

308 2445 491 2496 „Ridere
524 2451 572 2487 tu
603 2447 647 2487 in
680 2459 724 2487 re
757 2450 848 2488 tam
881 2446 989 2488 seria
1020 2446 1158 2501 possis
1174 2442 1220 2486 ?'’
1253 2446 1314 2487 sic
1345 2458 1415 2486 me
1446 2445 1589 2501 quivis
1620 2445 1687 2487 vir
1713 2442 1842 2501 paulo

244 2517 420 2573 gravior
460 2515 727 2572 interpellet:
773 2517 903 2571 „quin
937 2517 1081 2571 potius
1113 2529 1212 2558 cum
1243 2517 1503 2570 imperatore
1535 2518 1609 2556 tuo
1640 2513 1843 2570 prudenti

249 2586 470 2640 sobrioque
514 2588 706 2640 graviter
741 2587 934 2628 irasceris
966 2589 1114 2641 poetae
1144 2585 1326 2635 lascivo,
1361 2586 1436 2640 qui
1467 2583 1585 2627 istud
1616 2597 1760 2627 amare
1799 2586 1844 2627 et

247 2669 418 2711 peccare
466 2655 616 2697 docens
662 2670 830 2698 carmen
878 2657 924 2698 in
969 2654 1111 2698 lucem
1153 2657 1352 2698 emittere
1393 2669 1478 2697 non
1520 2655 1684 2697 veritus
1724 2650 1840 2696 sit?’'

247 2725 356 2777 Quia
395 2726 516 2766 irasci
561 2739 630 2767 me
674 2729 789 2767 vetat
831 2740 914 2768 non
952 2724 1093 2768 hercle
1125 2727 1261 2767 nimia
1291 2724 1500 2781 quaedam
1531 2723 1732 2766 adversus
1762 2722 1842 2767 hoc

245 2794 470 2836 literarum
519 2809 654 2850 genus
702 2794 855 2837 lenitas
903 2795 973 2837 sed
1018 2797 1248 2851 unicuique
1288 2796 1460 2837 innatus
1501 2793 1574 2835 ille
1616 2794 1843 2849 aequitatis

249 2879 407 2906 sensus.
444 2864 546 2906 Dico
574 2867 686 2906 enim
717 2865 944 2921 palamque
972 2865 1138 2908 declaro
1163 2867 1277 2908 iuter
1301 2869 1524 2921 poetarum
1550 2862 1843 2905 Romanorum

248 2947 374 2989 opera
415 2935 488 2975 vix
532 2934 674 2976 ullum
707 2937 883 2990 reperiri
918 2935 1033 2990 quod
1063 2937 1156 2991 ipsa
1187 2935 1266 2977 hac
1300 2934 1404 2976 Arte
1437 2934 1580 2975 minus
1613 2933 1671 2974 sit
1702 2933 1842 2988 impu-

246 3005 390 3045 dicum
423 3005 617 3060 magisve
652 3004 953 3046 verecundum.
988 3004 1219 3047 Hodiernis
1251 3003 1500 3047 hominibus
1534 3006 1618 3044 tres
1645 3001 1712 3044 illi
1737 3001 1839 3045 libri
