2034 3334
934 429 990 469 45

242 555 326 594 583
359 565 450 604 sqq.
482 555 595 594 Dum
627 555 857 604 apparatur
889 554 1117 600 (balneum)
1150 553 1270 601 virgo
1303 553 1346 591 in
1380 551 1572 591 conclavi
1603 551 1725 590 sedet

234 621 236 623 V
300 632 561 680 Suspectans
602 631 795 670 tabulam
837 631 1053 679 quandam
1093 630 1278 679 pictam;
1318 629 1375 668 ibi
1407 628 1546 668 inerat
1576 628 1743 677 pictura

1361 705 1502 755 ‚[hae0,
1536 705 1685 744 Iovem

300 783 388 833 Quo
430 785 555 832 pacto
596 783 769 823 Danaae
809 782 983 822 misisse
1025 781 1146 821 aiunt
1186 781 1402 830 quondam
1443 780 1487 819 in
1529 780 1743 829 gremium

1261 856 1460 903 [imbrem
1492 866 1684 895 aureum.

182 935 359 984 Egregie
401 934 469 974 hic
511 935 634 974 docet
676 934 918 973 Scholiasta
958 933 1123 973 nullam
1164 932 1358 971 tabulam
1400 931 1562 980 pictam
1599 930 1745 970 domui

182 1010 452 1050 meretriciae
489 1010 698 1060 aptiorem
741 1020 836 1048 esse
878 1019 1008 1058 quam
1049 1009 1172 1058 hanc,
1217 1008 1370 1057 quippe
1413 1007 1457 1046 in
1499 1018 1583 1055 qua
1624 1017 1745 1046 amor

183 1087 376 1136 depictus
408 1087 466 1126 sit
496 1097 582 1126 non
613 1086 827 1135 gratuitus
858 1086 933 1124 sed
965 1095 1068 1124 auro
1099 1084 1278 1123 venalis.

247 1163 363 1212 „Hac
410 1162 598 1211 imagine
645 1161 919 1201 admonitus”
969 1160 1157 1199 Chaerea
1203 1159 1265 1198 ait
1315 1159 1420 1209 „hoc
1463 1158 1744 1207 reputabam’'

185 1241 262 1284 (VS.
297 1239 381 1277 588
414 1241 516 1286 sq.):

273 1313 411 1352 Deum
438 1323 534 1352 sese
561 1313 605 1351 in
631 1311 852 1351 hominem
880 1311 1144 1350 convertisse
1171 1312 1298 1359 atque
1325 1310 1370 1349 in
1396 1310 1559 1349 alienas
1581 1308 1750 1357 tegulas

273 1389 453 1428 Venisse
485 1389 726 1428 clanculum
760 1399 834 1437 per
865 1388 1060 1436 pluvium
1092 1387 1239 1426 fucum
1271 1387 1435 1426 factum
1467 1386 1652 1424 mulieri.

184 1467 426 1514 Bentlejus:

303 1542 441 1581 Deum
468 1552 563 1580 sese
590 1541 634 1580 in
660 1540 847 1590 pretium
875 1539 1139 1579 convertisse
1167 1541 1211 1578 et
1236 1550 1311 1588 per
1337 1539 1500 1578 alienas
1527 1538 1695 1587 tegulas

304 1617 484 1657 Venisse
517 1628 551 1657 e.
572 1628 610 1666 q.
629 1627 662 1656 s.

187 1694 268 1732 Sed
309 1694 375 1732 ve]
419 1693 483 1732 sic
523 1693 750 1742 displicent
790 1702 954 1731 versus.
1000 1691 1136 1741 Quam
1175 1691 1290 1731 enim
1322 1702 1435 1730 nunc
1467 1692 1519 1730 ab
1553 1691 1750 1740 exemplo

187 1768 302 1808 Iovis
348 1769 673 1808 excusationem
715 1767 823 1816 petit
865 1767 1084 1806 Chaerea?
1126 1768 1287 1806 Versus
1329 1767 1391 1806 sic
1432 1766 1567 1806 reficti
1610 1767 1750 1815 magis

188 1845 340 1883 docent
372 1855 479 1892 quae
511 1844 578 1882 vis
610 1844 701 1882 auri
734 1843 792 1882 sit
828 1853 958 1891 quam
986 1845 1195 1891 quantum
1223 1844 1389 1882 amanti
1415 1843 1555 1882 liceat.
1585 1843 1748 1882 Schol.:

194 1919 376 1967 „Utrum
418 1919 516 1967 quia
557 1919 717 1968 Iupiter
758 1920 949 1957 humana
989 1919 1129 1957 forma
1165 1929 1318 1957 aurum
1351 1918 1579 1957 infundens
1611 1919 1751 1966 pictus

191 1995 283 2032 erat
310 1993 353 2031 in
379 1994 549 2043 tabuliS,
578 2004 663 2033 non
689 2004 763 2042 pro
791 1994 891 2032 Iove
919 2004 1072 2032 aurum
1083 1993 1132 2032 ?”
1160 1994 1214 2032 Et
1230 1994 1292 2032 sic
1309 1994 1396 2032 fere
1415 1993 1749 2041 Oudendorpius.
1814 2028 1822 2048 x

193 2069 273 2106 Sed
316 2069 498 2107 fortasse
539 2078 624 2107 non
664 2068 795 2107 nimis
836 2068 905 2107 hic
947 2070 1048 2107 sunt
1088 2069 1279 2118 urgenda
1314 2069 1534 2118 vocabula,
1569 2069 1750 2116 quando·
1822 2050 1824 2060 x

193 2144 363 2191 quidem
407 2143 450 2182 in
492 2143 563 2182 illo
606 2143 827 2182 alienas
867 2143 1016 2182 insunt
1057 2143 1225 2182 omnia:
1272 2143 1459 2193 „Iupiter
1491 2143 1534 2182 in
1566 2144 1752 2182 alienam

192 2219 368 2257 domum
410 2219 603 2267 irrepsit;
648 2219 747 2266 quid
789 2219 833 2257 ni
875 2220 918 2257 et
950 2229 1039 2267 ego.
1058 2219 1166 2257 mihi
1198 2219 1242 2257 in
1273 2219 1399 2257 domo
1431 2218 1571 2257 aliena
1596 2219 1754 2267 largiar

193 2294 350 2342 aliquid
363 2295 410 2332 ?’'
455 2294 605 2332 Cetera
646 2294 875 2332 abundant.
921 2293 1191 2343 Quamquam
1223 2294 1275 2332 ad
1307 2294 1443 2332 istud:
1481 2305 1591 2343 „non
1623 2294 1753 2332 nimis

194 2369 382 2417 urgenda
413 2369 586 2407 omnia’'
620 2369 663 2407 in
695 2369 893 2407 Terentio
926 2368 1088 2407 invitus
1120 2369 1328 2417 confugio.

254 2454 317 2482 vs.
347 2445 445 2483 591.
474 2444 560 2492 Ego
583 2444 811 2483 homuncio
828 2445 907 2482 hoc
926 2454 1010 2482 non
1027 2445 1212 2482 facerem
1225 2445 1245 2483 ‘?
1263 2454 1339 2492 ego
1358 2444 1460 2482 illud
1478 2455 1578 2483 vero
1597 2444 1657 2482 ita
1674 2444 1753 2483 feci

243 2558 254 2568 .,
1433 2523 1498 2566 [ac
1530 2520 1692 2559 lubens.

253 2597 415 2635 Bentl.:
479 2596 565 2644 Ego
612 2597 841 2635 homuncio
884 2596 963 2635 hoc
1005 2607 1090 2635 non
1130 2596 1338 2635 fecerim?
1380 2607 1457 2646 ego
1504 2608 1604 2636 vero
1651 2597 1753 2636 illud

1226 2673 1416 2718 [fecerim
1449 2683 1499 2711 ac
1529 2673 1693 2712 lubens.

197 2747 313 2796 Quod
345 2748 495 2796 probat
526 2748 818 2797 Ruhnkenius,
852 2747 932 2786 hoc
963 2749 1267 2796 argumentum
1296 2748 1502 2786 afferens:
1534 2749 1753 2797 „futurum
1805 2786 1812 2792 ,
2013 2786 2019 2795 ,

195 2826 366 2872 tempus
393 2823 634 2871 requiritur,
663 2833 747 2860 non
774 2822 1098 2870 praeteritum.”
1128 2823 1243 2871 Quod
1271 2823 1391 2861 nihili
1420 2825 1497 2872 est,
1527 2835 1566 2862 v.
1586 2835 1648 2862 vs.
1669 2826 1753 2863 606
1789 2782 2017 2879 ᾬΜ
2029 2801 2034 2808 ⁴

196 2901 239 2937 et
271 2899 354 2938 Cic.
387 2909 461 2948 pro
494 2899 657 2937 Cluent.
687 2900 710 2943 ς
737 2899 806 2936 45.
836 2897 887 2935 Et
914 2898 1046 2935 etiam
1074 2908 1225 2936 versus
1252 2899 1468 2936 emendati
1495 2899 1630 2938 altera
1656 2911 1755 2948 pars
1794 2906 1863 2951 A*
1885 2843 2018 2948 ff

197 2975 339 3022 inepte
371 2975 556 3022 languet.
1775 2972 1933 3061 fam«
1949 2975 2034 3010 vurta*
