2034 3334
1143 354 1197 397 16

423 495 524 526 nere
554 483 710 539 possit;
743 495 818 539 pro
851 494 936 538 quo
966 480 1076 524 facto
1108 481 1368 538 simulatque
1393 481 1575 525 honores
1593 481 1919 538 praemiumque

422 559 595 614 accepit,
625 558 678 601 ad
710 558 931 614 pristinam
963 562 1162 600 naturam
1195 557 1315 600 redit.
1352 556 1496 612 „Idem
1529 562 1571 601 et
1602 557 1706 600 mihi
1737 556 1920 600 accidit”

426 636 548 690 poeta
577 634 656 676 ait:

994 732 1230 788 Paupertas
1261 732 1434 789 impulit
1466 733 1610 776 audax

572 808 631 852 Ut
661 821 811 852 versus
839 808 1032 852 facerem.
1064 807 1147 852 Sed
1180 808 1295 864 quod
1326 821 1415 851 non
1447 808 1556 852 desit
1586 808 1809 853 habentem

574 883 694 936 Quae
723 887 925 941 poterunt
955 897 1150 940 unquam
1182 885 1285 927 satis
1320 897 1562 941 expurgare
1592 885 1768 940 cicutae,

575 960 631 1003 Ni
663 960 817 1004 melius
849 961 1034 1003 dormire
1063 964 1211 1017 putem
1246 974 1373 1017 quam
1408 959 1593 1005 scribere
1621 960 1808 1005 versus?

488 1070 573 1124 „At
619 1068 761 1112 enim'’
809 1081 987 1125 quaeras
1038 1081 1209 1123 „nonne
1255 1081 1483 1112 commune
1524 1069 1605 1111 hoc
1636 1072 1700 1112 est
1730 1069 1922 1112 omnium

426 1145 649 1188 hominum
696 1143 923 1187 artificium
969 1148 1020 1187 ut
1056 1144 1109 1187 de
1149 1157 1195 1187 se
1232 1157 1397 1200 suaque
1429 1149 1518 1188 arte
1548 1157 1647 1188 cum
1678 1148 1926 1202 contemptu

426 1221 671 1278 loquantur,
712 1234 797 1276 quo
841 1221 947 1264 alios
989 1221 1042 1263 ad
1074 1220 1463 1276 contradicendum,
1494 1221 1537 1263 id
1571 1225 1635 1264 est
1665 1221 1719 1264 ad
1750 1220 1927 1265 laudan-

427 1298 529 1341 dum
561 1298 780 1341 alliciant?
812 1297 964 1354 Neque
997 1298 1107 1341 illud
1137 1298 1288 1354 ignoro
1319 1310 1462 1354 neque
1489 1298 1727 1354 dissimulo,
1753 1297 1829 1342 sed
1843 1297 1924 1341 hoc

428 1374 535 1430 dico,
581 1375 656 1431 qui
698 1374 843 1417 divino
886 1374 1071 1430 quodam
1106 1374 1259 1430 spiritu
1290 1373 1460 1417 afflatus
1491 1374 1545 1417 de
1576 1387 1719 1418 amore
1749 1387 1840 1430 su0,
1871 1374 1924 1418 de

427 1451 604 1494 deorum
636 1454 856 1508 potestate,
888 1451 940 1494 de
970 1452 1131 1507 patriae
1162 1450 1363 1494 laudibus
1390 1451 1603 1504 cecinerit,
1633 1463 1856 1507 nunquam
1872 1463 1922 1494 eo

426 1541 520 1572 esse
551 1528 856 1571 descensurum
890 1531 938 1570 ut
969 1528 1219 1570 invitum
1253 1540 1298 1570 se
1329 1531 1370 1570 et
1401 1531 1548 1570 contra
1577 1527 1764 1570 indolem
1797 1539 1920 1570 suam

429 1605 617 1647 carmina
647 1604 799 1648 fecisse
829 1605 1072 1658 mentiatur,
1103 1603 1262 1660 quibus
1291 1604 1468 1647 honeste
1499 1605 1668 1660 inopiae
1699 1616 1804 1647 suae
1819 1603 1922 1647 sub—

426 1681 591 1723 veniret
626 1692 853 1736 arcamque
885 1680 1090 1736 impleret.
1123 1679 1347 1722 Eiusmodi
1373 1679 1643 1722 mendacium
1660 1682 1924 1736 verqpoetae

426 1769 481 1799 ne
512 1755 628 1799 ebrio
661 1755 832 1812 quidem
864 1756 909 1797 in
942 1755 1198 1798 hilarissimo
1233 1755 1468 1797 amicorum
1501 1756 1699 1798 convivio
1730 1756 1776 1798 in
1805 1768 1922 1798 men-

424 1835 508 1874 tem
553 1832 698 1875 venire
738 1836 885 1890 potest.
917 1831 1001 1874 Sed
1033 1831 1247 1888 fingamus
1280 1832 1365 1874 iam
1399 1832 1528 1875 semel
1558 1833 1604 1874 in
1637 1833 1724 1875 vita
1753 1835 1920 1889 poetam

424 1907 672 1951 incredibile
717 1895 882 1964 aliquid
926 1909 1111 1951 iocatum
1160 1920 1264 1962 esse,
1311 1912 1453 1951 tamen
1500 1908 1581 1950 hoc
1621 1912 1799 1964 constat,
1832 1921 1919 1965 quo

426 1985 611 2040 quisque
641 1986 697 2027 sit
727 1984 880 2027 artifex
912 1984 1062 2026 melior
1093 1997 1143 2026 eo
1176 1985 1321 2026 minus
1353 1997 1453 2027 eum
1486 1985 1538 2027 de
1570 1997 1615 2028 se
1641 1997 1806 2041 suaque
1831 1989 1922 2028 arte

424 2060 543 2117 loqui
569 2061 714 2104 solere.
741 2061 904 2104 Avium
933 2061 1096 2103 similes
1123 2065 1225 2103 sunt
1253 2061 1342 2103 veri
1370 2064 1529 2117 poe‘tae,
1557 2074 1666 2117 quae
1691 2074 1767 2118 per
1792 2061 1923 2104 silvas

426 2139 658 2181 errantium
700 2151 825 2181 aures
868 2139 992 2180 suavi
1024 2150 1128 2180 voce
1159 2138 1391 2191 deleniunt,
1424 2138 1499 2180 sed
1530 2137 1635 2193 quid
1664 2137 1728 2180 illi
1759 2137 1812 2180 de
1842 2149 1921 2180 suo

424 2217 551 2256 cantu
582 2218 781 2256 censeant
811 2226 1034 2269 nunquam
1066 2214 1263 2269 cogitant.
1300 2212 1394 2255 Hoc
1422 2226 1522 2256 vero
1549 2213 1616 2256 vel
1645 2214 1819 2256 minime
1845 2226 1920 2256 ex-

426 2290 701 2345 spectandum
744 2294 808 2332 est
843 2290 1061 2345 egregium
1095 2289 1282 2345 aliquem
1316 2293 1481 2345 poetam
1514 2289 1728 2332 eiusmodi
1758 2289 1811 2332 de
1841 2302 1921 2332 sua

425 2369 514 2408 arte
546 2379 726 2408 usurum
759 2365 978 2409 vocabulis
1013 2370 1059 2409 ut
1086 2367 1138 2409 de
1154 2367 1276 2422 gravi
1293 2367 1559 2422 molestoque
1577 2366 1760 2422 quodam
1777 2365 1921 2408 labore

425 2454 662 2484 sermonem
708 2455 801 2485 esse
847 2446 982 2498 putes.
1041 2442 1250 2500 Horatius
1293 2446 1435 2485 autem
1481 2443 1738 2498 frequenter,
1785 2454 1920 2498 quum

424 2520 554 2559 totam
598 2519 691 2560 eius
732 2522 916 2561 mentem
946 2519 992 2560 in
1017 2519 1110 2574 ipsa
1138 2519 1255 2574 poesi
1283 2522 1532 2574 occupatam
1564 2531 1657 2562 esse
1689 2517 1922 2574 oportebat,

421 2594 628 2649 gloriatur
674 2606 719 2636 se
764 2594 1013 2637 difficillimo
1061 2607 1237 2638 munere
1280 2595 1460 2638 feliciter
1505 2607 1598 2637 esse
1629 2593 1918 2650 perfunctum.

426 2667 510 2718 Qui
539 2669 610 2711 ille
640 2669 758 2711 labor
787 2670 916 2713 fuerit
946 2683 1081 2727 rogas.
1112 2670 1335 2714 Faciamus
1366 2671 1539 2713 initium
1571 2669 1622 2712 ab
1652 2670 1787 2712 initio.

781 2771 930 2815 Parios
963 2773 1051 2826 (ait)
1082 2785 1160 2829 ego
1192 2773 1358 2828 primus
1389 2771 1553 2815 iambos

488 2845 665 2890 Ostendi
695 2846 827 2903 Latio,
857 2880 867 2889 .
884 2879 893 2889 .
910 2880 919 2890 .
938 2880 947 2889 .
965 2861 1052 2890 non
1082 2861 1151 2891 res
1183 2851 1224 2891 et
1255 2848 1422 2904 agentia
1453 2846 1584 2890 verba
1618 2845 1873 2900 Lycamben.
