2034 3334
997 231 1024 276 6

266 348 331 392 Ex
378 349 458 393 hoc
505 364 608 408 ergo
655 365 812 408 genere
855 350 911 397 77
958 356 1060 396 sunt
1099 367 1272 408 versus,
1312 369 1420 412 quos
1463 354 1801 413 „descriptIvos”

204 418 319 462 haud
350 421 494 477 inepte
526 420 823 478 appellaveris.

266 490 464 534 Alterum
491 505 631 548 genus
657 507 807 536 eorum
833 497 920 545 est,
947 493 1025 537 ubi
1050 493 1207 552 aliquis
1233 494 1347 540 lente
1363 499 1491 554 atque
1508 510 1608 540 cum
1624 499 1802 554 stupore

203 561 275 604 vel
316 561 598 606 admiratione
638 564 999 621 circumspectans
1040 564 1260 609 inducitur
1300 565 1548 625 fingiturve.
1579 566 1746 611 Eorum
1775 579 1802 610 a

202 634 420 689 quaternis
451 634 650 690 spondeis
686 634 740 678 16
771 636 997 693 incipiunt.

263 702 318 755 11,
353 703 440 747 533
487 703 595 747 Tam
626 719 762 762 nuper
794 707 920 762 pictis
953 720 1072 750 caeso
1104 707 1343 764 pavonibus
1374 708 1508 766 Argo.

242 773 319 825 111,
354 774 441 817 345
489 774 727 827 Infantem,
761 777 967 834 nymphis
998 779 1085 821 iam
1118 782 1222 822 tunc
1254 780 1330 836 qui
1353 783 1497 836 posset
1527 780 1677 824 amari.

248 870 305 877 —
354 845 439 888 461
489 846 546 889 Et
575 851 786 903 quantum
819 853 941 891 motu
975 848 1150 892 formosi
1180 851 1373 907 suspicor
1402 851 1502 894 oris.

241 915 312 967 IV,
346 916 431 959 211
484 917 622 970 Quam
654 922 794 962 mater
824 924 1020 971 cunctas,
1054 925 1143 962 tam
1177 924 1361 964 matrem
1392 919 1484 964 filia
1512 922 1632 966 vicit.

246 1011 303 1019 -—
355 986 442 1030 323
490 988 547 1031 Et
577 989 709 1032 frater
738 989 843 1032 felix
875 994 919 1033 et
948 990 1166 1034 fortunata
1196 991 1400 1048 profecto.

248 1083 304 1090 -
356 1058 443 1101 638
490 1060 557 1102 11]oe
587 1075 686 1102 auro
718 1076 861 1114 ramos,
894 1076 942 1104 ex
973 1077 1074 1104 auro
1098 1077 1221 1117 poma
1253 1063 1448 1117 teqebant.

272 1128 321 1180 V,
386 1129 440 1172 81
491 1130 746 1175 Exstantem
778 1133 916 1189 signis
948 1131 1197 1190 multaeque
1228 1134 1273 1176 in
1305 1133 1491 1191 pondere
1521 1146 1699 1178 massae.

248 1225 302 1232 -
356 1200 442 1243 189
490 1201 682 1259 Argento
713 1204 896 1259 partim,
929 1204 1090 1259 partim
1121 1202 1359 1247 caelaverat
1388 1218 1505 1248 auro.

243 1270 314 1321 VI,
381 1270 436 1314 17
484 1273 571 1314 Nec
589 1274 739 1328 factas
769 1274 895 1315 solum
927 1279 1050 1316 vectes
1079 1279 1260 1328 spectare
1291 1274 1469 1318 iuvabat.

252 1367 299 1374 —
356 1342 440 1384 129
489 1343 583 1385 Non
615 1343 726 1385 illud
757 1344 916 1396 Pallae,
943 1360 1023 1387 non
1054 1345 1165 1387 illud
1194 1360 1357 1401 carpere
1387 1346 1523 1389 Livor.

247 1438 303 1444 -
354 1412 441 1456 394
488 1414 546 1456 Et
577 1414 807 1471 Nymphae
839 1415 996 1459 flerunt
1027 1419 1071 1459 et
1103 1417 1298 1473 quisquis
1330 1417 1552 1460 montibus
1582 1415 1685 1460 illis.

252 1509 301 1515 —-
354 1484 439 1526 581
490 1485 717 1527 Evolvit
749 1490 922 1528 vestes
952 1487 1103 1528 saevi
1133 1491 1371 1529 matrona
1405 1486 1645 1543 tyranni.

202 1552 316 1604 VIII,
381 1554 438 1597 29
486 1554 707 1598 Laudabat
739 1557 864 1613 virgo
895 1558 1087 1600 iunctam
1120 1571 1220 1600 cum
1251 1558 1417 1600 viribus
1447 1562 1598 1601 artem.

241 1624 316 1674 XI,
352 1623 439 1667 394
487 1627 718 1668 Asc-endunt
750 1626 851 1668 illuc
879 1632 1102 1683 stratosque
1133 1628 1176 1670 in
1208 1628 1327 1670 litore
1358 1633 1508 1671 tauros,

249 1719 303 1726 —
355 1694 442 1738 ’724
489 1697 741 1738 Admotum
773 1701 941 1739 terrae
973 1698 1066 1740 iam
1101 1700 1221 1755 quod
1251 1713 1544 1754 cognoscere
1565 1704 1754 1754 ponet.

225 1764 317 1817 XV,
353 1765 439 1808 563
488 1766 544 1809 Et
573 1769 662 1809 iam
693 1782 776 1810 non
810 1767 971 1819 telum,
1005 1769 1078 1811 sed
1109 1768 1217 1812 lenti
1248 1771 1424 1812 viminis
1456 1770 1592 1813 arbor.

260 1836 423 1888 Quibus
453 1838 546 1880 iure
577 1842 721 1881 nostro
753 1838 877 1881 hosce
910 1838 937 1881 8
970 1839 1187 1883 addimus:

265 1906 320 1958 ΙΙ,
357 1906 442 1950 178
490 1908 549 1950 Ut
583 1922 681 1951 vero
713 1923 883 1952 summo
916 1909 1109 1967 despexit
1141 1911 1192 1954 ab
1226 1911 1396 1954 aethere
1427 1914 1575 1954 terras.

245 2003 298 2009 —
349 1977 436 2020 859
485 1978 608 2031 Quod
641 1983 730 2022 tam
761 1979 975 2023 formosus
1008 1981 1122 2037 quod
1154 1981 1314 2037 proelia
1345 1981 1466 2025 nulla
1497 1983 1702 2026 minatur.

237 2048 311 2099 III,
347 2048 431 2091 421
483 2050 539 2090 Et
567 2050 707 2102 diynos
738 2050 897 2092 Baccho
928 2051 1068 2104 diynos
1100 2056 1138 2093 et
1170 2052 1361 2106 Apolline
1391 2052 1533 2096 crines.

242 2119 312 2170 IV,
349 2119 436 2162 313
485 2120 609 2163 Nunc
641 2120 879 2177 perlucenti
910 2122 1174 2165 circumdata
1205 2137 1358 2180 corpus
1389 2125 1566 2166 amictu.

244 2215 300 2222 -—
349 2190 435 2233 325
484 2191 566 2234 Sed
595 2190 723 2248 longe
755 2194 920 2235 cunctis
950 2192 1164 2250 longeque
1196 2193 1360 2236 beatior
1390 2193 1478 2236 illa.

244 2286 300 2292 —
351 2261 436 2304 715
486 2262 767 2305 Praebentem
799 2263 971 2306 Phoebo
1002 2263 1183 2307 liventia
1217 2267 1340 2321 terga
1370 2264 1609 2308 draconem.

269 2331 317 2382 V,
352 2332 438 2374 265
488 2333 687 2375 Silvarum
719 2333 826 2375 lucos
859 2334 1129 2389 circumspicit
1154 2335 1424 2392 antiquarum.

241 2401 310 2451 VI,
350 2403 433 2444 104
480 2404 705 2457 Europam:
741 2419 874 2446 verum
905 2409 1063 2447 taurum
1083 2406 1208 2462 freta
1239 2421 1334 2448 vera
1356 2410 1543 2460 putares.

256 2472 346 2514 Hos
373 2486 451 2529 ego
481 2488 652 2525 versus,
687 2476 762 2531 qui
794 2475 852 2518 24
885 2480 987 2518 sunt
1017 2490 1222 2528 numero,
1255 2477 1577 2531 contemplativos
1607 2475 1789 2534 appello.

254 2613 448 2655 Tertium
481 2628 618 2669 genus
651 2620 715 2657 est
746 2630 895 2659 eorum
928 2631 1135 2660 versuum
1167 2620 1242 2674 qui
1273 2618 1475 2675 loquendi
1504 2620 1788 2676 gravitatem,

193 2683 406 2738 loquentis
437 2686 632 2726 animum
666 2686 895 2737 afflictum,
930 2689 1064 2739 iram,
1098 2689 1462 2746 indignationem,
1497 2691 1788 2746 arrogantiam

192 2767 290 2793 sono
324 2767 400 2794 suo
434 2755 671 2797 imitantur.
708 2756 871 2799 Eorum
903 2772 927 2799 a
958 2761 1175 2814 quaternis
1208 2759 1404 2815 spondeis
1438 2747 1755 2816 43'incipiunt.

275 2822 306 2871 I,
343 2822 428 2863 663
478 2825 710 2867 Aeternum
744 2832 911 2870 nostros
943 2828 1085 2871 luctus
1118 2829 1311 2872 extendit
1341 2831 1385 2871 in
1418 2843 1588 2872 aevum.

255 2891 307 2940 II,
343 2892 429 2932 518
477 2894 551 2934 Est
586 2910 670 2936 vero
703 2912 772 2937 cur
803 2897 893 2952 quis
926 2898 1115 2940 Iunonem
1145 2900 1304 2941 laedere
1335 2899 1450 2941 nolit.

239 2985 291 2991 —
344 2961 428 3002 525
484 2964 559 3002 Cur
591 2980 667 3005 non
700 2971 736 3006 et
763 2968 887 3019 pulsa
919 2969 1031 3010 ducit
1064 2970 1220 3011 Iunone
1251 2984 1418 3025 meoque.

1998 186 2010 200 “
1991 132 2012 175 ρῳ*
1984 43 2011 119 diff-:fi

2020 881 2022 883 '
2019 621 2034 848 *ganz-uncam».
2018 571 2029 606 ΛΡ
2011 544 2015 547 ⁴
2022 452 2029 474 Α.
2020 404 2032 409 ’ζ
2017 372 2025 382 x
2018 337 2021 340 ⁷
2016 313 2019 315 '
2025 290 2026 293 „
2024 223 2026 225 ’
2013 83 2014 86 ⁴
