2034 3334
35 154 59 217 magd-2

1009 409 1065 449 42

312 535 598 585 Lepidissima
624 535 752 584 haec;
781 545 884 575 nam
911 535 1165 585 profecto—si
1191 534 1323 576 Thais
1348 535 1430 576 hoc
1445 535 1670 577 habuisset
1685 536 1819 577 consi·

253 611 360 651 lium
402 612 451 651 ut
491 622 538 650 se
579 621 772 651 sororem
814 611 935 651 illam
976 621 1073 652 esse
1103 610 1344 663 simularet,
1377 622 1463 652 non
1493 611 1580 653 alia
1608 613 1819 663 rogasset.

254 687 472 737 Quaedam
503 687 796 728 illustrantem
827 688 1056 728 audiamus
1083 687 1389 729 Scholiastam.

311 773 376 803 vs.
409 746 509 807 523.
543 763 692 804 Haec
721 773 858 814 quor
888 764 1203 813 quaeritet:
1239 764 1310 815 „in
1335 766 1463 815 gestu
1488 765 1533 805 et
1557 727 1683 805 vultu
1708 763 1821 814 quod

253 840 390 880 restat
440 840 694 880 ostenditur.
699 840 724 857 ’'
771 839 876 890 Hoc,
924 841 974 880 ut
1019 841 1180 891 opinor,
1228 840 1346 881 vult:
1392 842 1543 891 gestus
1587 839 1820 891 vultusque

252 917 575 956 indirectae
601 917 952 966 interrogationis
978 917 1070 957 vim
1097 917 1328 967 explicant.
1356 917 1640 958 Rectissime:
1657 917 1820 958 etenim

252 994 479 1042 tamquam
520 993 574 1033 ad
615 993 950 1033 circumstantes
990 1003 1038 1033 se
1070 992 1278 1034 Chremes
1309 993 1523 1034 convertit
1553 993 1622 1033 his
1651 992 1797 1034 verbis
1808 1003 1825 1051 ε0

257 1069 405 1119 „Nunc
435 1079 515 1109 vos
546 1079 700 1110 omnes
731 1079 833 1119 rogo
865 1071 994 1119 atque
1025 1070 1229 1110 obsecro”
1251 1065 1292 1116 ¹).

312 1156 376 1185 vs.
426 1145 525 1186 529.
573 1146 832 1186 Intendit
873 1146 1115 1187 Scholiasta
1155 1146 1258 1186 dicit
1299 1147 1375 1186 aut
1414 1146 1531 1186 idem
1572 1155 1670 1186 esse
1709 1145 1821 1195 quod

253 1222 552 1261 contendit
592 1223 669 1262 aut
709 1223 821 1271 quod
862 1222 1099 1273 probare
1139 1210 1284 1273 vult,
1329 1231 1412 1271 quo
1448 1228 1581 1261 sensu
1611 1221 1820 1262 Iuriscon-

250 1298 363 1351 Q
398 1299 589 1338 utantur.
632 1298 725 1338 Hoc
755 1299 913 1339 verius.
946 1299 1120 1348 Proprie
1152 1299 1452 1339 intendere
1483 1299 1552 1338 est
1581 1297 1747 1351 crimen
1775 1297 1823 1339 in

253 1374 550 1414 adversarium
583 1375 723 1416 iacere
741 1370 784 1421 ²).
817 1375 959 1424 Atque
990 1375 1071 1415 hoc
1101 1375 1270 1424 egregie
1302 1375 1525 1415 hominem
1550 1358 1821 1414 rusticanum

253 1449 387 1500 decet,
430 1451 575 1490 verbis
616 1461 642 1491 a
682 1452 773 1491 foro
815 1451 1056 1501 desumptis
1097 1451 1184 1500 uti;
1227 1451 1382 1501 quippe
1422 1451 1495 1500 qui
1535 1450 1581 1490 in
1619 1448 1724 1489 urbe
1758 1447 1821 1489 nil

253 1526 395 1575 magis
441 1528 635 1567 metuere
682 1527 819 1567 soleat
861 1537 991 1576 quam
1034 1527 1276 1601 calgmnias
1316 1529 1361 1567 et
1400 1525 1821 1595 circfflcriptiones

253 1602 480 1642 hominum
512 1604 557 1643 in
587 1604 678 1643 foro
708 1605 995 1643 versatorum.

313 1679 504 1719 Tandem
546 1680 664 1720 intus
706 1691 756 1720 eo
797 1681 1012 1720 clamante
1049 1681 1187 1727 (530):
1226 1680 1372 1730 „heus,
1405 1680 1525 1730 heuS,
1558 1678 1706 1728 ecquis
1735 1678 1820 1729 hic,

253 1767 331 1806 ego
373 1767 471 1796 sum
514 1756 764 1808 Chremes,”
807 1758 948 1807 prodit
978 1758 1159 1806 Pythias
1200 1757 1368 1797 ancilla.
1411 1756 1573 1796 Blande
1589 1756 1822 1806 alloquitur

253 1833 593 1882 adolescentem;
627 1835 811 1874 retinere
843 1845 942 1874 eum
975 1835 1176 1882 conatur;
1210 1835 1258 1873 ut
1289 1844 1385 1873 cras
1416 1833 1564 1873 redeat
1593 1832 1729 1882 rogat.
1761 1832 1822 1872 At

253 1910 547 1958 suspicionum
579 1910 732 1959 plenus
763 1910 835 1950 ille
866 1911 1015 1960 paucis
1046 1911 1226 1959 syllabis
1257 1921 1388 1959 quam
1420 1909 1610 1959 primum
1636 1907 1820 1948 abeundi

253 1987 334 2026 sibi
362 1988 529 2026 certum
555 1988 672 2026 stare
700 1987 928 2027 consilium
955 1987 1157 2027 declarat.
1187 1987 1294 2036 Quid
1321 1988 1468 2026 autem
1490 1986 1674 2026 facetius
1689 1994 1821 2035 quam

253 2064 523 2103 rusticanum
580 2064 911 2114 adolescentem,
970 2064 1125 2103 blande
1182 2075 1281 2104 eum
1339 2064 1558 2103 salutante
1610 2062 1821 2112 Pythiade

253 2141 418 2179 verbis:
451 2151 500 2190 „0
528 2141 765 2190 capitulum
792 2141 1153 2191 lepidissimum,’'
1176 2141 1329 2180 statim
1355 2150 1505 2180 secum
1531 2139 1669 2189 loqui:
1701 2139 1821 2190 „dieo

254 2227 331 2265 ego
379 2218 439 2256 mi
487 2218 666 2256 insidias
712 2216 863 2256 fieri?”
913 2217 1122 2267 Quidquid
1174 2217 1355 2266 Pythias
1400 2216 1453 2256 ab
1495 2226 1545 2255 eo
1585 2216 1706 2267 petit,
1747 2215 1822 2256 ille

255 2295 405 2342 negat;
434 2294 622 2342 tandem,
651 2294 724 2332 ubi
751 2293 825 2332 illa
851 2293 1020 2342 rogavit
1047 2296 1125 2340 (vs.
1154 2294 1278 2340 535):
1305 2293 1455 2343 „Quor⁷
1474 2293 1537 2332 mi
1553 2291 1820 2333 Chremes?”
1884 2305 1888 2311 ·

255 2370 472 2408 exclamat
504 2370 692 2417 „malam
720 2380 812 2408 rem
840 2370 939 2409 hinc
966 2370 1090 2409 ibis.’'
1119 2370 1296 2418 Egregie
1324 2369 1586 2408 Scholiasta:
1617 2369 1822 2419 „apparet

254 2444 377 2482 lllum
411 2455 543 2483 manu
576 2447 741 2484 tac-tum
775 2456 884 2495 esse,
919 2446 990 2494 qui
1021 2446 1084 2484 sic
1115 2445 1357 2484 irascitur.”
1390 2445 1615 2485 Postremo
1640 2443 1821 2494 Pythias

256 2522 394 2566 (537):
428 2523 607 2570 „amabo
634 2524 683 2561 ut
710 2523 810 2562 illuc
836 2525 1034 2562 transeas
1060 2523 1133 2562 ubi
1159 2522 1233 2562 illa
1259 2523 1368 2562 est.'’
1396 2522 1528 2562 Recte
1555 2521 1819 2561 Scholiasta:

268 2673 317 2723 Δ
335 2673 378 2701 Cr.
399 2673 526 2703 Andria
546 2676 606 2703 191.
626 2676 731 2704 Senex
752 2675 884 2705 Davum
900 2675 1148 2712 perterriturus,
1164 2683 1207 2705 ne
1224 2675 1303 2710 quid
1317 2674 1479 2705 moliatur
1487 2676 1604 2704 contra
1612 2673 1673 2703 filii
1682 2673 1820 2709 nuptias

255 2735 275 2755 a
302 2734 339 2755 se
365 2727 523 2763 decretas,
547 2729 656 2763 longis
680 2730 787 2758 utitur
806 2729 1013 2765 ambagibus.
1032 2728 1178 2758 Tandem
1197 2735 1332 2758 servus:
1351 2728 1439 2764 „Hoc
1458 2727 1537 2763 quid
1555 2727 1620 2757 sit”
1637 2727 1736 2762 rogat
1753 2733 1821 2756 non

255 2779 381 2815 herum,
413 2781 450 2808 ut
469 2780 593 2816 opinor,
614 2781 671 2810 sed
691 2782 905 2816 spectatores.
925 2782 1073 2811 Colorem
1093 2781 1270 2811 verborum
1290 2781 1416 2816 optime
1434 2779 1551 2809 reddes
1570 2780 1634 2808 hac
1651 2778 1819 2809 versione:

256 2832 324 2866 „Nu
345 2840 405 2861 zou
425 2833 459 2861 ik
488 2834 564 2862 toch
583 2834 646 2863 wel
665 2842 743 2863 eens
762 2835 875 2863 willen
893 2842 1018 2870 vragen
1037 2841 1129 2864 waar
1147 2834 1207 2863 dat
1223 2834 1309 2863 heen
1327 2833 1446 2862 moet.’'

266 2886 324 2930 -Ἰ
344 2885 388 2912 Cf.
418 2885 458 2913 ad
488 2886 588 2914 Andr.
618 2887 673 2922 IV,
699 2888 726 2922 3,
754 2888 802 2915 18:
832 2887 1114 2921 „Intenderam
1141 2887 1283 2916 verbum
1309 2894 1332 2916 a
1360 2885 1577 2915 venatoribus
1599 2883 1815 2920 translatum,

257 2937 311 2970 qui
342 2937 428 2965 retia
457 2938 634 2966 intendunt
664 2940 704 2967 ad
734 2939 822 2968 seras
851 2940 1036 2974 capiendas.
1064 2939 1147 2976 Quia
1175 2946 1252 2974 ergo
1279 2939 1378 2975 parat
1405 2938 1577 2968 Chremem
1597 2938 1632 2967 et
1650 2936 1819 2967 Simonem

257 2988 379 3023 fallere,
399 2989 660 3020 intenderam
680 2991 776 3020 dixit.
795 2991 848 3020 vel
869 2999 889 3020 a
907 2990 1044 3028 sagmis
1064 2991 1165 3029 atque
1183 2991 1289 3022 arcu?
