2034 3334
975 398 1054 436 187

230 522 293 562 sic
333 522 449 562 enim
489 521 538 561 fit
578 533 710 570 quum
751 532 933 571 persona
968 532 1042 570 pro
1074 532 1257 570 persona
1288 521 1339 560 ad
1373 519 1792 560 commendationem

231 598 449 638 affertur.”
492 598 633 636 Immo
674 608 776 637 vero
819 607 1057 646 persona
1096 607 1190 646 pro
1223 607 1403 646 causa,
1437 606 1523 635 non
1553 605 1794 644 persona

230 685 324 723 pro
365 684 618 723 persona.
661 673 832 712 Etenim
873 683 1171 722 personam
1212 683 1306 721 pro
1349 682 1518 711 causa
1558 671 1619 710 ad
1662 681 1791 710 com-

231 760 276 788 m
289 760 312 788 e
323 760 351 788 n
363 750 388 788 d
401 760 426 788 a
437 751 455 788 t
468 750 516 788 io
530 761 557 788 n
570 760 592 788 e
604 761 649 788 m
692 749 877 788 afferunt
918 750 1121 798 oratores,
1166 748 1237 797 qui
1279 747 1547 796 argumentis
1583 746 1710 785 diffisi
1741 746 1794 784 ad

230 836 378 874 preces
410 825 660 874 confugiunt
691 826 734 864 et
770 856 786 873 „
795 835 894 864 mea
926 834 1056 864 causa
1086 835 1158 863 reo
1191 823 1426 872 ignoscite”
1461 823 1619 862 dicunt.

291 974 322 1024 Ι,
362 975 396 1023 1,
436 975 488 1012 10
521 984 610 1022 sqq.
644 973 767 1022 „Noli
795 974 1039 1012 amatorum
1068 982 1330 1021 quemquam
1357 971 1569 1011 eximium
1595 970 1794 1010 habere.'’

233 1051 340 1100 Syra
371 1061 479 1089 anus
511 1050 748 1089 Philotium
779 1051 940 1099 monet,
975 1050 1055 1089 hoc
1087 1050 1340 1098 argumento
1374 1058 1474 1087 usa:

409 1126 520 1165 Nam
551 1136 679 1164 nemo
711 1125 883 1164 illorum
915 1125 1155 1174 quisquam,
1191 1124 1311 1173 scito,
1346 1124 1398 1163 ad
1430 1125 1473 1162 te
1504 1123 1636 1172 venit,

411 1202 519 1251 Quin
551 1202 612 1240 ita
643 1203 765 1250 paret
796 1212 854 1250 se,
890 1202 966 1240 abs
997 1202 1040 1240 te
1072 1202 1121 1239 ut
1151 1200 1371 1239 blanditiis
1403 1200 1506 1250 suis,

411 1277 548 1327 Quam
580 1278 762 1316 minimo
794 1277 930 1326 pretio
963 1287 1089 1315 suam
1122 1276 1391 1325 voluptatem
1423 1275 1606 1324 expleat.

411 1353 588 1392 Hiscine
620 1355 679 1403 tU,
715 1353 881 1402 amabo,
916 1363 1001 1391 non
1034 1353 1183 1391 contra
1214 1351 1500 1390 insidiabere?

292 1429 357 1468 Ad
390 1440 453 1468 vs.
492 1430 541 1468 11
577 1429 830 1468 annotatur:
868 1428 974 1477 „hoc
1005 1427 1186 1466 verbum
1217 1427 1378 1476 paret
1405 1427 1636 1466 adversum
1661 1425 1797 1464 muni-

188 1487 201 1536 s
234 1505 338 1544 ficos
392 1506 435 1544 et
481 1505 678 1553 segnes.'’
726 1504 951 1552 Ingeniose
997 1513 1072 1552 pro
1118 1502 1427 1542 munificos
1472 1501 1799 1541 Westerhovius

233 1581 537 1620 nullificos
570 1580 762 1619 coniecit.
1597 1612 1600 1615 Δ

293 1657 359 1696 Ad
401 1667 464 1695 VS.
513 1657 589 1694 13:
629 1655 878 1701 Hiscine]
918 1652 1140 1706 „gqa'nncnffi
1172 1654 1213 1692 id
1245 1655 1312 1692 est
1344 1653 1514 1692 talibus.
1549 1653 1602 1691 Et
1632 1652 1729 1691 vide
1763 1652 1800 1691 si

233 1733 411 1781 pulchra
457 1731 667 1770 meretrix
713 1731 822 1769 est.”
870 1730 1005 1769 Vide
1053 1731 1301 1778 corruptum
1342 1729 1523 1768 videtur.
1566 1729 1689 1767 Hanc
1731 1739 1799 1767 ex-

237 1809 406 1857 spectes
440 1807 725 1846 sententiam:
763 1807 950 1856 „bonum
983 1806 1063 1845 hoc
1096 1806 1228 1854 Syrae
1261 1804 1500 1854 consilium,
1530 1804 1568 1842 si
1593 1804 1802 1843 meretrix

235 1884 414 1933 pulchra
457 1884 565 1922 est.”
599 1883 800 1931 Suspicor
833 1892 931 1931 ergo
963 1893 1038 1931 pro
1070 1882 1196 1920 vide
1227 1881 1455 1929 legendum
1489 1890 1584 1919 esse
1615 1880 1799 1918 facile.

300 1961 365 1999 17.
400 1960 552 2009 ,‚Bene‚
582 1959 682 2007 quia
703 1968 788 1997 non
809 1958 1037 2006 persuasit,
1058 1957 1132 1996 sed
1150 1957 1354 1996 affectum
1372 1955 1528 1995 doloris
1546 1955 1801 2004 expressit.’'

235 2036 500 2075 Eiiciendum
543 2034 649 2073 sed.
683 2034 932 2082 Explicatur
966 2033 1081 2071 enim
1116 2032 1277 2071 scholio
1310 2042 1384 2071 cur
1416 2032 1523 2080 Syra
1555 2031 1692 2070 eheu
1722 2041 1802 2069 me

237 2112 503 2150 miseram
536 2110 763 2148 exclamet.

299 2261 330 2310 Ι,
377 2261 414 2309 2,
463 2260 528 2298 19.
573 2259 703 2297 Nam
747 2257 871 2296 illic
903 2258 1047 2296 haud
1078 2256 1314 2305 licebat,
1347 2255 1460 2294 nisi
1491 2253 1803 2304 praefinito

237 2336 418 2383 loqui]
483 2334 663 2384 „legitur
716 2334 759 2372 et
805 2333 917 2382 illi,
966 2334 1015 2371 ut
1061 2332 1119 2370 sit
1165 2331 1467 2371 circumflexus
1513 2330 1716 2370 accentus
1763 2330 1805 2368 et

238 2410 450 2462 significet
481 2411 605 2449 illic
635 2411 684 2448 ut

759 2485 826 2523 1111
857 2494 957 2523 mea
987 2483 1133 2523 tristia
1163 2484 1289 2522 facta.

240 2563 293 2602 Et
324 2562 570 2602 absolutum
602 2562 710 2600 est.”

300 2637 647 2682 Praefinito]
685 2636 832 2685 „deest
862 2636 1138 2684 tempore,
1173 2636 1248 2673 aut
1279 2635 1379 2683 quid
1409 2634 1538 2673 tale.”

300 2714 448 2762 Inepte
494 2711 806 2761 praefinito
854 2711 954 2749 novi
1001 2710 1152 2749 scholii
1197 2710 1362 2749 factum
1408 2710 1474 2749 est
1515 2710 1689 2748 lemma.
1733 2709 1805 2748 Le-

241 2789 427 2837 gendum
471 2798 645 2827 censeo:
694 2788 763 2836 „et
794 2786 1040 2825 absolutum
1072 2787 1139 2825 est
1169 2785 1504 2835 praefinit03
1539 2770 1660 2824 deest
1690 2784 1806 2823 enim

242 2865 494 2912 tempore
519 2864 601 2902 aut
631 2862 731 2911 quid
762 2862 891 2901 tale.”

305 2939 372 2977 22.
418 2938 518 2977 Sed
561 2938 688 2986 quid
728 2937 828 2976 hoc
859 2937 1111 2985 negoti?]
1150 2936 1245 2985 „hic
1276 2936 1328 2975 ad
1360 2937 1664 2985 argumentum
1696 2945 1808 2973 nunc
