2034 3334
1057 380 1140 422 182

402 506 534 564 Apud
565 504 767 550 Ovidium
798 504 912 560 (Met.
945 504 1045 561 VH,
1078 505 1203 560 182):

519 623 752 681 Egreditur
782 624 905 667 tectis
938 626 1079 667 vestes
1109 623 1263 668 induta
1293 624 1503 668 recinctas

520 700 650 744 Nuda
680 700 847 757 pedem,
878 700 1019 743 nudos
1050 701 1212 744 umeris
1243 699 1387 744 infusa
1418 701 1608 758 capillos.

403 843 533 900 Apud
563 842 794 886 Horatium
827 841 975 899 (Epod.
1010 842 1050 898 5,
1083 842 1155 896 51)
1188 840 1366 885 Canidia
1397 846 1617 899 precatur:

521 961 623 1005 Nox
652 965 694 1005 et
725 960 865 1004 Diana
896 974 1007 1017 quae
1041 961 1259 1005 silentium
1291 962 1405 1018 regis

582 1038 754 1081 Arcana
785 1051 884 1081 cum
916 1037 1030 1081 fiunt
1062 1051 1194 1082 sacra.

404 1174 535 1231 Apud
567 1172 771 1216 Ovidium
803 1172 954 1217 Medea
984 1173 1098 1225 (Met.
1130 1173 1229 1229 VII,
1263 1173 1388 1228 192):

528 1293 682 1350 „Nox”
714 1295 773 1337 ait
807 1295 998 1349 „arcanis
1029 1294 1251 1350 fidissima,
1283 1306 1482 1351 quaeque
1513 1293 1681 1337 diurnis

523 1371 668 1413 Aurea
699 1383 798 1413 cum
833 1371 936 1414 luna
969 1371 1196 1414 succeditis
1227 1370 1402 1428 ignibus
1435 1373 1561 1426 astra,

523 1447 685 1503 Tuque,
717 1448 873 1504 triceps
904 1447 1108 1491 Hecate.'’

346 1579 452 1622 Mihi
494 1579 668 1636 quidem
712 1580 879 1622 minimi
913 1580 1016 1623 haec
1048 1579 1251 1623 videntur
1283 1579 1499 1634 momenti,
1530 1591 1674 1635 neque
1703 1579 1851 1635 magni

346 1656 581 1712 Zingerle0‚
613 1657 650 1699 si
682 1655 791 1699 bene
823 1669 922 1699 eum
960 1656 1164 1712 intelligo.

410 1732 600 1789 „Operae
645 1733 832 1789 pretium
875 1732 967 1775 est’'
1000 1733 1060 1775 ait
1090 1732 1339 1788 Zingerleus
1375 1731 1622 1787 „Canidiam
1653 1730 1851 1777 Horatia-

347 1823 446 1852 nam
478 1822 577 1852 cum
610 1810 707 1852 lena
739 1808 950 1852 Ovidiana
981 1810 1092 1863 (Am.
1125 1808 1160 1865 Ι,
1188 1810 1228 1863 8,
1258 1809 1279 1850 1
1309 1810 1417 1864 sqq.)
1444 1820 1700 1865 comparare.
1716 1807 1851 1865 Equi-

346 1887 441 1929 dem
489 1887 634 1943 potius
679 1885 933 1929 Ovidianam
975 1886 1114 1929 lenam
1158 1899 1257 1929 cum
1298 1885 1578 1942 Propertiana
1609 1897 1851 1943 comparem

346 1962 415 2018 (V,
460 1963 512 2016 5).
558 1961 654 2004 Hoc
702 1963 817 2004 enim
864 1963 1053 2018 primum
1098 1975 1198 2004 cum
1245 1962 1468 2018 Propertio
1514 1973 1743 2006 commune
1786 1964 1853 2007 est

348 2038 502 2082 Ovidio
542 2039 659 2095 quod
691 2042 733 2082 et
762 2040 856 2095 ipse
887 2051 1031 2082 veram
1065 2039 1280 2095 quandam
1310 2039 1648 2095 indignationem
1678 2051 1852 2083 verum-

350 2128 434 2171 que
466 2116 613 2158 odium
639 2117 684 2157 in
711 2116 1019 2158 invisissimam
1049 2127 1246 2158 evomere
1269 2115 1439 2158 videtur
1454 2115 1681 2169 feminam;
1698 2114 1852 2159 deinde

348 2195 389 2234 et
422 2192 524 2234 haec
557 2191 663 2233 mihi
695 2190 993 2234 observatione
1025 2191 1154 2247 digna
1188 2191 1410 2234 videntur:
1445 2191 1498 2234 de
1528 2195 1700 2235 aeterna
1728 2191 1852 2235 lenae

351 2269 421 2310 siti
453 2271 494 2310 et
526 2267 776 2323 Propertius
807 2268 1000 2323 loquitur
1031 2271 1073 2310 et
1107 2266 1310 2321 Ovidius3
1346 2271 1528 2324 uterque
1559 2279 1651 2310 eam
1683 2266 1853 2310 inducit

349 2344 516 2400 puellae
572 2344 898 2400 persuadentem
953 2348 1001 2387 ut
1048 2344 1161 2387 solas
1208 2345 1408 2387 amatoris
1450 2347 1612 2400 spectet
1657 2343 1850 2398 divitia83

351 2425 533 2476 uterque
581 2421 619 2463 ei
669 2420 815 2462 obiicit
862 2421 978 2476 quod
1025 2421 1190 2477 puellas
1232 2420 1411 2463 artificia
1451 2420 1660 2477 quaedam
1691 2419 1853 2476 doceat,

352 2496 509 2551 quibus
551 2496 650 2538 illae
694 2499 869 2538 utantur
901 2501 950 2539 ut
982 2510 1112 2552 quam
1146 2498 1324 2539 maximi
1357 2511 1436 2540 sua
1466 2497 1655 2540 vendant
1683 2496 1851 2554 gaudia.

350 2571 460 2613 Sunt
502 2572 606 2614 haec
637 2575 796 2628 poetae,
830 2574 906 2628 qui
939 2576 1014 2615 aut
1044 2574 1091 2615 in
1123 2586 1267 2616 amore
1300 2573 1436 2615 multa
1467 2574 1645 2616 adversa
1675 2573 1768 2630 ipse
1798 2573 1855 2616 sit

351 2652 568 2703 expertus,
603 2652 676 2690 aut
709 2649 760 2690 ab
793 2650 886 2704 ipsa
918 2649 1023 2705 quid
1054 2649 1110 2692 sit
1136 2663 1256 2692 amor
1280 2650 1476 2692 didicerit
1503 2654 1666 2692 natura.
1683 2649 1855 2712 HQffi

352 2736 464 2777 vero,
498 2728 543 2765 ut
576 2725 659 2766 iam
694 2725 900 2780 dicebam,
932 2726 977 2767 in
1011 2725 1231 2768 Canidiam
1264 2739 1414 2784 vegsus
1448 2716 1856 2769 declamanfflnt

353 2812 539 2854 suasque
572 2801 616 2841 in
642 2813 797 2855 genere
824 2802 1009 2856 quodam
1036 2801 1251 2844 scribendi
1278 2803 1516 2845 exercentis
1543 2803 1678 2855 vires3
1697 2801 1852 2844 multo-

353 2888 435 2930 que
480 2877 639 2918 rectius
686 2889 784 2918 cum
832 2877 978 2933 epodis
1025 2877 1079 2921 de
1119 2877 1298 2921 Canidia
1339 2891 1557 2934 compares
1594 2891 1704 2934 quae
1736 2877 1851 2935 apud
