<?xml version="1.0" encoding="UTF-8"?>
<!DOCTYPE html PUBLIC "-//W3C//DTD XHTML 1.0 Transitional//EN"
    "http://www.w3.org/TR/xhtml1/DTD/xhtml1-transitional.dtd">
<html xmlns="http://www.w3.org/1999/xhtml" xml:lang="en" lang="en">
 <head>
  <title>
</title>
<meta http-equiv="Content-Type" content="text/html;charset=utf-8" />
  <meta name='ocr-system' content='tesseract 3.04.00' />
  <meta name='ocr-capabilities' content='ocr_page ocr_carea ocr_par ocr_line ocrx_word'/>
</head>
<body>
  <div class='ocr_page' id='page_1' title='image "./dehoratiopota00hartuoft_0096.png"; bbox 0 0 2034 3334; ppageno 0'>
   <div class='ocr_carea' id='block_1_1' title="bbox 1040 359 1097 400">
    <p class='ocr_par' dir='ltr' id='par_1_1' title="bbox 1040 359 1097 400">
     <span class='ocr_line' id='line_1_1' title="bbox 1040 359 1097 400; baseline 0 0"><span class='ocrx_word' id='word_1_1' title='bbox 1040 359 1097 400; x_wconf 90' lang='lat'>88</span> 
     </span>
    </p>
   </div>
   <div class='ocr_carea' id='block_1_2' title="bbox 250 483 1815 694">
    <p class='ocr_par' dir='ltr' id='par_1_2' title="bbox 250 483 1815 694">
     <span class='ocr_line' id='line_1_2' title="bbox 310 483 1812 529; baseline 0.001 -2"><span class='ocrx_word' id='word_1_2' title='bbox 310 485 390 528; x_wconf 89' lang='lat' dir='ltr'>leio</span> <span class='ocrx_word' id='word_1_3' title='bbox 436 488 525 527; x_wconf 89' lang='lat' dir='ltr'>tam</span> <span class='ocrx_word' id='word_1_4' title='bbox 567 487 719 527; x_wconf 89' lang='lat' dir='ltr'>notum</span> <span class='ocrx_word' id='word_1_5' title='bbox 760 484 895 527; x_wconf 87' lang='lat' dir='ltr'>fuisse</span> <span class='ocrx_word' id='word_1_6' title='bbox 937 487 986 527; x_wconf 90' lang='lat' dir='ltr'>ut</span> <span class='ocrx_word' id='word_1_7' title='bbox 1025 483 1114 527; x_wconf 89' lang='lat' dir='ltr'>fere</span> <span class='ocrx_word' id='word_1_8' title='bbox 1157 485 1361 528; x_wconf 89' lang='lat' dir='ltr'>memoria</span> <span class='ocrx_word' id='word_1_9' title='bbox 1391 498 1491 528; x_wconf 90' lang='lat' dir='ltr'>eum</span> <span class='ocrx_word' id='word_1_10' title='bbox 1522 488 1698 528; x_wconf 88' lang='lat' dir='ltr'>teneret.</span> <span class='ocrx_word' id='word_1_11' title='bbox 1729 484 1812 529; x_wconf 83' lang='lat' dir='ltr'>Sed</span> 
     </span>
     <span class='ocr_line' id='line_1_3' title="bbox 310 560 1815 618; baseline 0.001 -15"><span class='ocrx_word' id='word_1_12' title='bbox 310 563 408 618; x_wconf 90' lang='lat' dir='ltr'>quis</span> <span class='ocrx_word' id='word_1_13' title='bbox 450 562 494 604; x_wconf 92' lang='lat' dir='ltr'>id</span> <span class='ocrx_word' id='word_1_14' title='bbox 534 560 811 604; x_wconf 86' lang='lat' dir='ltr'>affirmaverit</span> <span class='ocrx_word' id='word_1_15' title='bbox 842 561 922 603; x_wconf 94' lang='lat' dir='ltr'>hoc</span> <span class='ocrx_word' id='word_1_16' title='bbox 954 564 1206 617; x_wconf 87' lang='lat' dir='ltr'>argumento</span> <span class='ocrx_word' id='word_1_17' title='bbox 1240 561 1356 617; x_wconf 92' lang='lat' dir='ltr'>quod</span> <span class='ocrx_word' id='word_1_18' title='bbox 1387 562 1432 604; x_wconf 92' lang='lat' dir='ltr'>in</span> <span class='ocrx_word' id='word_1_19' title='bbox 1465 562 1538 604; x_wconf 90' lang='lat' dir='ltr'>illo</span> <span class='ocrx_word' id='word_1_20' title='bbox 1569 562 1707 618; x_wconf 90' lang='lat' dir='ltr'>capite</span> <span class='ocrx_word' id='word_1_21' title='bbox 1739 575 1815 604; x_wconf 88' lang='lat' dir='ltr'>no-</span> 
     </span>
     <span class='ocr_line' id='line_1_4' title="bbox 250 631 1815 694; baseline 0 -14"><span class='ocrx_word' id='word_1_22' title='bbox 250 631 255 689; x_wconf 48' lang='lat' dir='ltr'><strong><em>s</em></strong></span> <span class='ocrx_word' id='word_1_23' title='bbox 308 639 426 680; x_wconf 91' lang='lat' dir='ltr'>mina</span> <span class='ocrx_word' id='word_1_24' title='bbox 466 637 690 681; x_wconf 83' lang='lat' dir='ltr'>Censorini</span> <span class='ocrx_word' id='word_1_25' title='bbox 731 637 959 694; x_wconf 89' lang='lat' dir='ltr'>Lolliique,</span> <span class='ocrx_word' id='word_1_26' title='bbox 990 637 1042 680; x_wconf 90' lang='lat' dir='ltr'>ad</span> <span class='ocrx_word' id='word_1_27' title='bbox 1076 651 1185 694; x_wconf 89' lang='lat' dir='ltr'>quos</span> <span class='ocrx_word' id='word_1_28' title='bbox 1219 637 1425 680; x_wconf 83' lang='lat' dir='ltr'>Horatius</span> <span class='ocrx_word' id='word_1_29' title='bbox 1457 639 1648 680; x_wconf 88' lang='lat' dir='ltr'>carmina</span> <span class='ocrx_word' id='word_1_30' title='bbox 1679 637 1755 693; x_wconf 90' lang='lat' dir='ltr'>IV,</span> <span class='ocrx_word' id='word_1_31' title='bbox 1787 639 1815 680; x_wconf 91' lang='lat'>8</span> 
     </span>
    </p>
   </div>
   <div class='ocr_carea' id='block_1_3' title="bbox 246 713 1815 771">
    <p class='ocr_par' dir='ltr' id='par_1_3' title="bbox 246 713 1815 771">
     <span class='ocr_line' id='line_1_5' title="bbox 246 713 1815 771; baseline 0.001 -15"><span class='ocrx_word' id='word_1_32' title='bbox 246 720 249 756; x_wconf 76' lang='lat'><em>2</em></span> <span class='ocrx_word' id='word_1_33' title='bbox 308 719 351 758; x_wconf 90' lang='lat' dir='ltr'>et</span> <span class='ocrx_word' id='word_1_34' title='bbox 383 716 409 757; x_wconf 88' lang='lat'>9</span> <span class='ocrx_word' id='word_1_35' title='bbox 443 715 629 771; x_wconf 83' lang='lat' dir='ltr'>scripsit,</span> <span class='ocrx_word' id='word_1_36' title='bbox 659 715 972 758; x_wconf 80' lang='lat' dir='ltr'>inveniantur?</span> <span class='ocrx_word' id='word_1_37' title='bbox 1007 713 1158 757; x_wconf 83' lang='lat' dir='ltr'>Oblata</span> <span class='ocrx_word' id='word_1_38' title='bbox 1189 715 1305 757; x_wconf 88' lang='lat' dir='ltr'>enim</span> <span class='ocrx_word' id='word_1_39' title='bbox 1336 714 1538 758; x_wconf 84' lang='lat' dir='ltr'>facultate</span> <span class='ocrx_word' id='word_1_40' title='bbox 1570 716 1686 758; x_wconf 89' lang='lat' dir='ltr'>viros</span> <span class='ocrx_word' id='word_1_41' title='bbox 1717 715 1815 758; x_wconf 86' lang='lat' dir='ltr'>illos</span> 
     </span>
    </p>
   </div>
   <div class='ocr_carea' id='block_1_4' title="bbox 308 791 1812 848">
    <p class='ocr_par' dir='ltr' id='par_1_4' title="bbox 308 791 1812 848">
     <span class='ocr_line' id='line_1_6' title="bbox 308 791 1812 848; baseline 0 -14"><span class='ocrx_word' id='word_1_42' title='bbox 308 793 501 835; x_wconf 90' lang='lat' dir='ltr'>nominat</span> <span class='ocrx_word' id='word_1_43' title='bbox 543 791 750 847; x_wconf 85' lang='lat' dir='ltr'>Velleius,</span> <span class='ocrx_word' id='word_1_44' title='bbox 792 805 935 848; x_wconf 90' lang='lat' dir='ltr'>neque</span> <span class='ocrx_word' id='word_1_45' title='bbox 978 791 1104 834; x_wconf 89' lang='lat' dir='ltr'>aliam</span> <span class='ocrx_word' id='word_1_46' title='bbox 1150 791 1204 835; x_wconf 94' lang='lat' dir='ltr'>ob</span> <span class='ocrx_word' id='word_1_47' title='bbox 1237 804 1410 834; x_wconf 89' lang='lat' dir='ltr'>causam</span> <span class='ocrx_word' id='word_1_48' title='bbox 1444 805 1516 835; x_wconf 88' lang='lat' dir='ltr'>eos</span> <span class='ocrx_word' id='word_1_49' title='bbox 1548 792 1812 834; x_wconf 89' lang='lat' dir='ltr'>coniunctim</span> 
     </span>
    </p>
   </div>
   <div class='ocr_carea' id='block_1_5' title="bbox 2002 0 2034 435">
    <p class='ocr_par' dir='ltr' id='par_1_5' title="bbox 2002 0 2034 435">
     <span class='ocr_line' id='line_1_7' title="bbox 2002 0 2034 435; baseline 0 2899"><span class='ocrx_word' id='word_1_50' title='bbox 2002 0 2034 435; x_wconf 95' lang='lat' dir='ltr'> </span> 
     </span>
    </p>
   </div>
   <div class='ocr_carea' id='block_1_6' title="bbox 307 857 2034 1002">
    <p class='ocr_par' dir='ltr' id='par_1_6' title="bbox 307 857 2034 1002">
     <span class='ocr_line' id='line_1_8' title="bbox 307 857 2034 925; baseline -0.001 -13"><span class='ocrx_word' id='word_1_51' title='bbox 307 873 612 912; x_wconf 83' lang='lat' dir='ltr'>commemorat</span> <span class='ocrx_word' id='word_1_52' title='bbox 657 883 785 925; x_wconf 89' lang='lat' dir='ltr'>quam</span> <span class='ocrx_word' id='word_1_53' title='bbox 829 869 946 925; x_wconf 91' lang='lat' dir='ltr'>quod</span> <span class='ocrx_word' id='word_1_54' title='bbox 978 869 1126 912; x_wconf 91' lang='lat' dir='ltr'>eodem</span> <span class='ocrx_word' id='word_1_55' title='bbox 1161 872 1354 925; x_wconf 88' lang='lat' dir='ltr'>tempore</span> <span class='ocrx_word' id='word_1_56' title='bbox 1385 869 1431 911; x_wconf 92' lang='lat' dir='ltr'>in</span> <span class='ocrx_word' id='word_1_57' title='bbox 1462 868 1608 912; x_wconf 87' lang='lat' dir='ltr'>eadem</span> <span class='ocrx_word' id='word_1_58' title='bbox 1642 869 1816 925; x_wconf 85' lang='lat' dir='ltr'>regione</span> <span class='ocrx_word' id='word_1_59' title='bbox 1848 869 1925 925; x_wconf 54' lang='lat' dir='ltr'>f),</span> <span class='ocrx_word' id='word_1_60' title='bbox 1962 857 2034 922; x_wconf 33' lang='grc' dir='ltr'>’,λς</span> 
     </span>
     <span class='ocr_line' id='line_1_9' title="bbox 309 925 2034 1002; baseline 0.002 -13"><span class='ocrx_word' id='word_1_61' title='bbox 309 947 419 990; x_wconf 91' lang='lat' dir='ltr'>diem</span> <span class='ocrx_word' id='word_1_62' title='bbox 464 946 665 989; x_wconf 88' lang='lat' dir='ltr'>obierunt</span> <span class='ocrx_word' id='word_1_63' title='bbox 706 959 968 1002; x_wconf 90' lang='lat' dir='ltr'>supremum.</span> <span class='ocrx_word' id='word_1_64' title='bbox 1002 945 1116 997; x_wconf 80' lang='lat' dir='ltr'>Quid</span> <span class='ocrx_word' id='word_1_65' title='bbox 1150 946 1265 1002; x_wconf 88' lang='lat' dir='ltr'>qu&#39;od</span> <span class='ocrx_word' id='word_1_66' title='bbox 1298 959 1347 988; x_wconf 88' lang='lat' dir='ltr'>ea</span> <span class='ocrx_word' id='word_1_67' title='bbox 1379 946 1432 989; x_wconf 90' lang='lat' dir='ltr'>de</span> <span class='ocrx_word' id='word_1_68' title='bbox 1462 946 1547 989; x_wconf 91' lang='lat' dir='ltr'>illis</span> <span class='ocrx_word' id='word_1_69' title='bbox 1579 949 1722 988; x_wconf 89' lang='lat' dir='ltr'>narrat</span> <span class='ocrx_word' id='word_1_70' title='bbox 1755 949 1816 1001; x_wconf 87' lang='lat' dir='ltr'>ut,</span> <span class='ocrx_word' id='word_1_71' title='bbox 1850 925 1974 992; x_wconf 39' lang='lat' dir='ltr'>uss,</span> <span class='ocrx_word' id='word_1_72' title='bbox 1994 936 2034 980; x_wconf 53' lang='grc' dir='ltr'>ζ’</span> 
     </span>
    </p>
   </div>
   <div class='ocr_carea' id='block_1_7' title="bbox 307 1022 1867 1079">
    <p class='ocr_par' dir='ltr' id='par_1_7' title="bbox 307 1022 1867 1079">
     <span class='ocr_line' id='line_1_10' title="bbox 307 1022 1867 1079; baseline 0 -13"><span class='ocrx_word' id='word_1_73' title='bbox 307 1025 393 1066; x_wconf 88' lang='lat' dir='ltr'>nisi</span> <span class='ocrx_word' id='word_1_74' title='bbox 425 1022 595 1066; x_wconf 85' lang='lat' dir='ltr'>Horatii</span> <span class='ocrx_word' id='word_1_75' title='bbox 626 1036 803 1079; x_wconf 89' lang='lat' dir='ltr'>prorsus</span> <span class='ocrx_word' id='word_1_76' title='bbox 833 1023 988 1066; x_wconf 87' lang='lat' dir='ltr'>fuisset</span> <span class='ocrx_word' id='word_1_77' title='bbox 1014 1024 1256 1078; x_wconf 66' lang='lat' dir='ltr'>immemor,</span> <span class='ocrx_word' id='word_1_78' title='bbox 1282 1023 1451 1066; x_wconf 84' lang='lat' dir='ltr'>silentio</span> <span class='ocrx_word' id='word_1_79' title='bbox 1468 1036 1567 1066; x_wconf 90' lang='lat' dir='ltr'>eum</span> <span class='ocrx_word' id='word_1_80' title='bbox 1585 1023 1816 1079; x_wconf 89' lang='lat' dir='ltr'>praeterire</span> <span class='ocrx_word' id='word_1_81' title='bbox 1857 1034 1867 1041; x_wconf 63' lang='grc'><em>’</em></span> 
     </span>
    </p>
   </div>
   <div class='ocr_carea' id='block_1_8' title="bbox 306 1099 1819 2000">
    <p class='ocr_par' dir='ltr' id='par_1_8' title="bbox 306 1099 1819 1680">
     <span class='ocr_line' id='line_1_11' title="bbox 306 1099 1814 1157; baseline -0.001 -14"><span class='ocrx_word' id='word_1_82' title='bbox 306 1114 395 1143; x_wconf 90' lang='lat' dir='ltr'>non</span> <span class='ocrx_word' id='word_1_83' title='bbox 421 1101 642 1157; x_wconf 90' lang='lat' dir='ltr'>potuisset.</span> <span class='ocrx_word' id='word_1_84' title='bbox 676 1099 804 1143; x_wconf 85' lang='lat' dir='ltr'>Forte</span> <span class='ocrx_word' id='word_1_85' title='bbox 835 1101 949 1143; x_wconf 90' lang='lat' dir='ltr'>enim</span> <span class='ocrx_word' id='word_1_86' title='bbox 980 1100 1043 1142; x_wconf 91' lang='lat' dir='ltr'>illi</span> <span class='ocrx_word' id='word_1_87' title='bbox 1076 1101 1157 1142; x_wconf 89' lang='lat' dir='ltr'>viri</span> <span class='ocrx_word' id='word_1_88' title='bbox 1189 1104 1231 1143; x_wconf 89' lang='lat' dir='ltr'>et</span> <span class='ocrx_word' id='word_1_89' title='bbox 1261 1100 1377 1156; x_wconf 87' lang='lat' dir='ltr'>apud</span> <span class='ocrx_word' id='word_1_90' title='bbox 1410 1099 1637 1142; x_wconf 87' lang='lat' dir='ltr'>Horatium</span> <span class='ocrx_word' id='word_1_91' title='bbox 1667 1099 1814 1143; x_wconf 89' lang='lat' dir='ltr'>eadem</span> 
     </span>
     <span class='ocr_line' id='line_1_12' title="bbox 307 1177 1816 1235; baseline 0 -15"><span class='ocrx_word' id='word_1_92' title='bbox 307 1179 464 1235; x_wconf 83' lang='lat' dir='ltr'>pagina</span> <span class='ocrx_word' id='word_1_93' title='bbox 510 1181 900 1221; x_wconf 86' lang='lat' dir='ltr'>commemorantur</span> <span class='ocrx_word' id='word_1_94' title='bbox 943 1181 985 1220; x_wconf 88' lang='lat' dir='ltr'>et</span> <span class='ocrx_word' id='word_1_95' title='bbox 1016 1178 1184 1234; x_wconf 88' lang='lat' dir='ltr'>magnis</span> <span class='ocrx_word' id='word_1_96' title='bbox 1216 1177 1417 1220; x_wconf 90' lang='lat' dir='ltr'>laudibus</span> <span class='ocrx_word' id='word_1_97' title='bbox 1449 1177 1682 1220; x_wconf 58' lang='lat' dir='ltr'>extollitur&lt;</span> <span class='ocrx_word' id='word_1_98' title='bbox 1701 1180 1816 1220; x_wconf 88' lang='lat' dir='ltr'>uter-</span> 
     </span>
     <span class='ocr_line' id='line_1_13' title="bbox 309 1253 1816 1311; baseline -0.001 -13"><span class='ocrx_word' id='word_1_99' title='bbox 309 1268 394 1311; x_wconf 89' lang='lat' dir='ltr'>que</span> <span class='ocrx_word' id='word_1_100' title='bbox 425 1255 500 1298; x_wconf 90' lang='lat' dir='ltr'>sed</span> <span class='ocrx_word' id='word_1_101' title='bbox 533 1255 668 1297; x_wconf 88' lang='lat' dir='ltr'>multo</span> <span class='ocrx_word' id='word_1_102' title='bbox 701 1254 936 1297; x_wconf 89' lang='lat' dir='ltr'>maioribus</span> <span class='ocrx_word' id='word_1_103' title='bbox 967 1253 1154 1297; x_wconf 87' lang='lat' dir='ltr'>Lollius:</span> <span class='ocrx_word' id='word_1_104' title='bbox 1188 1255 1226 1297; x_wconf 91' lang='lat' dir='ltr'>is</span> <span class='ocrx_word' id='word_1_105' title='bbox 1257 1255 1372 1297; x_wconf 91' lang='lat' dir='ltr'>enim</span> <span class='ocrx_word' id='word_1_106' title='bbox 1398 1253 1460 1296; x_wconf 86' lang='lat' dir='ltr'>ibi</span> <span class='ocrx_word' id='word_1_107' title='bbox 1484 1257 1705 1310; x_wconf 87' lang='lat' dir='ltr'>tamquam</span> <span class='ocrx_word' id='word_1_108' title='bbox 1721 1266 1816 1310; x_wconf 90' lang='lat' dir='ltr'>per-</span> 
     </span>
     <span class='ocr_line' id='line_1_14' title="bbox 306 1330 1817 1388; baseline 0 -14"><span class='ocrx_word' id='word_1_109' title='bbox 306 1331 406 1375; x_wconf 89' lang='lat' dir='ltr'>fecti</span> <span class='ocrx_word' id='word_1_110' title='bbox 453 1332 642 1374; x_wconf 88' lang='lat' dir='ltr'>hominis</span> <span class='ocrx_word' id='word_1_111' title='bbox 689 1333 831 1388; x_wconf 86' lang='lat' dir='ltr'>imago</span> <span class='ocrx_word' id='word_1_112' title='bbox 877 1331 1059 1374; x_wconf 88' lang='lat' dir='ltr'>habetur</span> <span class='ocrx_word' id='word_1_113' title='bbox 1104 1332 1149 1373; x_wconf 90' lang='lat' dir='ltr'>in</span> <span class='ocrx_word' id='word_1_114' title='bbox 1193 1345 1280 1387; x_wconf 87' lang='lat' dir='ltr'>quo</span> <span class='ocrx_word' id='word_1_115' title='bbox 1322 1331 1443 1374; x_wconf 90' lang='lat' dir='ltr'>nulla</span> <span class='ocrx_word' id='word_1_116' title='bbox 1475 1344 1562 1373; x_wconf 90' lang='lat' dir='ltr'>non</span> <span class='ocrx_word' id='word_1_117' title='bbox 1595 1330 1817 1387; x_wconf 85' lang='lat' dir='ltr'>splendeat</span> 
     </span>
     <span class='ocr_line' id='line_1_15' title="bbox 307 1407 1816 1459; baseline -0.001 -8"><span class='ocrx_word' id='word_1_118' title='bbox 307 1410 458 1452; x_wconf 88' lang='lat' dir='ltr'>virtus.</span> <span class='ocrx_word' id='word_1_119' title='bbox 493 1407 607 1459; x_wconf 83' lang='lat' dir='ltr'>Quid</span> <span class='ocrx_word' id='word_1_120' title='bbox 637 1413 782 1451; x_wconf 87' lang='lat' dir='ltr'>autem</span> <span class='ocrx_word' id='word_1_121' title='bbox 814 1408 1040 1451; x_wconf 79' lang='lat' dir='ltr'>Velleius?</span> <span class='ocrx_word' id='word_1_122' title='bbox 1071 1407 1352 1451; x_wconf 87' lang='lat' dir='ltr'>Censorinum</span> <span class='ocrx_word' id='word_1_123' title='bbox 1384 1408 1486 1450; x_wconf 87' lang='lat' dir='ltr'>dicit</span> <span class='ocrx_word' id='word_1_124' title='bbox 1511 1407 1646 1451; x_wconf 85' lang='lat' dir='ltr'>fuisse</span> <span class='ocrx_word' id='word_1_125' title='bbox 1673 1409 1816 1450; x_wconf 89' lang='lat' dir='ltr'>virum</span> 
     </span>
     <span class='ocr_line' id='line_1_16' title="bbox 308 1484 1819 1541; baseline -0.001 -13"><span class='ocrx_word' id='word_1_126' title='bbox 308 1485 665 1529; x_wconf 87' lang='lat' dir='ltr'>demerendis</span> <span class='ocrx_word' id='word_1_127' title='bbox 696 1485 1026 1528; x_wconf 88' lang='lat' dir='ltr'>hominibus</span> <span class='ocrx_word' id='word_1_128' title='bbox 1057 1486 1335 1541; x_wconf 87' lang='lat' dir='ltr'>genitum,</span> <span class='ocrx_word' id='word_1_129' title='bbox 1367 1484 1491 1527; x_wconf 89' lang='lat' dir='ltr'>Lollii</span> <span class='ocrx_word' id='word_1_130' title='bbox 1524 1489 1673 1528; x_wconf 89' lang='lat' dir='ltr'>contra</span> <span class='ocrx_word' id='word_1_131' title='bbox 1699 1487 1819 1528; x_wconf 85' lang='lat' dir='ltr'>notat</span> 
     </span>
     <span class='ocr_line' id='line_1_17' title="bbox 306 1561 1817 1618; baseline -0.001 -13"><span class='ocrx_word' id='word_1_132' title='bbox 306 1561 532 1618; x_wconf 80' lang='lat' dir='ltr'>perfida</span> <span class='ocrx_word' id='word_1_133' title='bbox 591 1566 643 1605; x_wconf 90' lang='lat' dir='ltr'>et</span> <span class='ocrx_word' id='word_1_134' title='bbox 703 1562 871 1618; x_wconf 89' lang='lat' dir='ltr'>plena</span> <span class='ocrx_word' id='word_1_135' title='bbox 933 1561 1165 1605; x_wconf 91' lang='lat' dir='ltr'>subdoli</span> <span class='ocrx_word' id='word_1_136' title='bbox 1228 1575 1292 1603; x_wconf 91' lang='lat' dir='ltr'>ac</span> <span class='ocrx_word' id='word_1_137' title='bbox 1355 1562 1579 1604; x_wconf 89' lang='lat' dir='ltr'>versuti</span> <span class='ocrx_word' id='word_1_138' title='bbox 1641 1561 1817 1604; x_wconf 86' lang='lat' dir='ltr'>animi</span> 
     </span>
     <span class='ocr_line' id='line_1_18' title="bbox 308 1638 573 1680; baseline 0 0"><span class='ocrx_word' id='word_1_139' title='bbox 308 1638 573 1680; x_wconf 87' lang='lat' dir='ltr'>consilia.</span> 
     </span>
    </p>

    <p class='ocr_par' dir='ltr' id='par_1_9' title="bbox 306 1714 1815 2000">
     <span class='ocr_line' id='line_1_19' title="bbox 366 1714 1814 1770; baseline 0.001 -14"><span class='ocrx_word' id='word_1_140' title='bbox 366 1714 552 1757; x_wconf 87' lang='lat' dir='ltr'>Transeo</span> <span class='ocrx_word' id='word_1_141' title='bbox 586 1727 704 1757; x_wconf 90' lang='lat' dir='ltr'>nunc</span> <span class='ocrx_word' id='word_1_142' title='bbox 735 1714 789 1757; x_wconf 91' lang='lat' dir='ltr'>ad</span> <span class='ocrx_word' id='word_1_143' title='bbox 815 1715 1110 1757; x_wconf 86' lang='lat' dir='ltr'>testimonium</span> <span class='ocrx_word' id='word_1_144' title='bbox 1139 1716 1265 1757; x_wconf 89' lang='lat' dir='ltr'>cuius</span> <span class='ocrx_word' id='word_1_145' title='bbox 1292 1727 1370 1770; x_wconf 89' lang='lat' dir='ltr'>ego</span> <span class='ocrx_word' id='word_1_146' title='bbox 1399 1716 1656 1757; x_wconf 80' lang='lat' dir='ltr'>mentionem</span> <span class='ocrx_word' id='word_1_147' title='bbox 1674 1714 1814 1758; x_wconf 88' lang='lat' dir='ltr'>facere</span> 
     </span>
     <span class='ocr_line' id='line_1_20' title="bbox 307 1790 1814 1848; baseline 0.001 -15"><span class='ocrx_word' id='word_1_148' title='bbox 307 1800 396 1833; x_wconf 87' lang='lat' dir='ltr'>non</span> <span class='ocrx_word' id='word_1_149' title='bbox 443 1791 645 1834; x_wconf 88' lang='lat' dir='ltr'>auderem</span> <span class='ocrx_word' id='word_1_150' title='bbox 694 1791 778 1834; x_wconf 89' lang='lat' dir='ltr'>nisi</span> <span class='ocrx_word' id='word_1_151' title='bbox 824 1790 993 1834; x_wconf 84' lang='lat' dir='ltr'>infinita</span> <span class='ocrx_word' id='word_1_152' title='bbox 1038 1792 1230 1833; x_wconf 90' lang='lat' dir='ltr'>virorum</span> <span class='ocrx_word' id='word_1_153' title='bbox 1273 1791 1497 1834; x_wconf 88' lang='lat' dir='ltr'>doctorum</span> <span class='ocrx_word' id='word_1_154' title='bbox 1544 1804 1613 1833; x_wconf 90' lang='lat' dir='ltr'>me</span> <span class='ocrx_word' id='word_1_155' title='bbox 1646 1795 1814 1848; x_wconf 88' lang='lat' dir='ltr'>cogeret</span> 
     </span>
     <span class='ocr_line' id='line_1_21' title="bbox 306 1868 1814 1925; baseline 0.001 -15"><span class='ocrx_word' id='word_1_156' title='bbox 306 1868 541 1922; x_wconf 79' lang='lat' dir='ltr'>industria3</span> <span class='ocrx_word' id='word_1_157' title='bbox 574 1869 711 1924; x_wconf 86' lang='lat' dir='ltr'>magis</span> <span class='ocrx_word' id='word_1_158' title='bbox 745 1868 859 1911; x_wconf 90' lang='lat' dir='ltr'>enim</span> <span class='ocrx_word' id='word_1_159' title='bbox 893 1868 1108 1911; x_wconf 90' lang='lat' dir='ltr'>ludicrum</span> <span class='ocrx_word' id='word_1_160' title='bbox 1140 1872 1205 1911; x_wconf 87' lang='lat' dir='ltr'>est</span> <span class='ocrx_word' id='word_1_161' title='bbox 1237 1882 1365 1924; x_wconf 90' lang='lat' dir='ltr'>quam</span> <span class='ocrx_word' id='word_1_162' title='bbox 1397 1881 1473 1925; x_wconf 91' lang='lat' dir='ltr'>pro</span> <span class='ocrx_word' id='word_1_163' title='bbox 1501 1869 1634 1912; x_wconf 91' lang='lat' dir='ltr'>huius</span> <span class='ocrx_word' id='word_1_164' title='bbox 1661 1882 1814 1925; x_wconf 82' lang='lat' dir='ltr'>quaes-</span> 
     </span>
     <span class='ocr_line' id='line_1_22' title="bbox 306 1943 1815 2000; baseline 0.002 -14"><span class='ocrx_word' id='word_1_165' title='bbox 306 1945 435 1987; x_wconf 82' lang='lat' dir='ltr'>tionis</span> <span class='ocrx_word' id='word_1_166' title='bbox 467 1945 684 2000; x_wconf 86' lang='lat' dir='ltr'>gravitate.</span> <span class='ocrx_word' id='word_1_167' title='bbox 722 1943 940 2000; x_wconf 90' lang='lat' dir='ltr'>Inspicere</span> <span class='ocrx_word' id='word_1_168' title='bbox 972 1945 1087 1987; x_wconf 89' lang='lat' dir='ltr'>enim</span> <span class='ocrx_word' id='word_1_169' title='bbox 1120 1945 1319 1988; x_wconf 86' lang='lat' dir='ltr'>lectorem</span> <span class='ocrx_word' id='word_1_170' title='bbox 1352 1943 1457 1987; x_wconf 67' lang='grc' dir='ltr'>πάνυ</span> <span class='ocrx_word' id='word_1_171' title='bbox 1483 1947 1636 1997; x_wconf 80' lang='grc' dir='ltr'><em>σεμνῶς</em></span> <span class='ocrx_word' id='word_1_172' title='bbox 1662 1945 1815 1989; x_wconf 84' lang='lat' dir='ltr'>iubent</span> 
     </span>
    </p>
   </div>
   <div class='ocr_carea' id='block_1_9' title="bbox 669 2054 1458 2175">
    <p class='ocr_par' dir='ltr' id='par_1_10' title="bbox 669 2054 1458 2175">
     <span class='ocr_line' id='line_1_23' title="bbox 669 2054 1458 2098; baseline 0.001 -1"><span class='ocrx_word' id='word_1_173' title='bbox 669 2054 830 2097; x_wconf 67' lang='lat' dir='ltr'>Goapns</span> <span class='ocrx_word' id='word_1_174' title='bbox 861 2054 1181 2098; x_wconf 75' lang='lat' dir='ltr'>INscmPTmNUM</span> <span class='ocrx_word' id='word_1_175' title='bbox 1211 2055 1458 2098; x_wconf 78' lang='lat' dir='ltr'><strong>LATINARUM</strong></span> 
     </span>
     <span class='ocr_line' id='line_1_24' title="bbox 725 2131 1396 2175; baseline 0.001 -2"><span class='ocrx_word' id='word_1_176' title='bbox 725 2131 820 2174; x_wconf 89' lang='lat' dir='ltr'>Vol.</span> <span class='ocrx_word' id='word_1_177' title='bbox 852 2131 917 2174; x_wconf 92' lang='lat' dir='ltr'>IV</span> <span class='ocrx_word' id='word_1_178' title='bbox 947 2131 1018 2174; x_wconf 91' lang='lat' dir='ltr'>N0.</span> <span class='ocrx_word' id='word_1_179' title='bbox 1048 2133 1162 2174; x_wconf 85' lang='lat'><strong>3135</strong></span> <span class='ocrx_word' id='word_1_180' title='bbox 1195 2139 1237 2175; x_wconf 85' lang='lat' dir='ltr'>et</span> <span class='ocrx_word' id='word_1_181' title='bbox 1271 2133 1396 2175; x_wconf 84' lang='lat'><strong>1237.</strong></span> 
     </span>
    </p>
   </div>
   <div class='ocr_carea' id='block_1_10' title="bbox 305 2248 1815 2778">
    <p class='ocr_par' dir='ltr' id='par_1_11' title="bbox 305 2248 1815 2688">
     <span class='ocr_line' id='line_1_25' title="bbox 368 2248 1814 2307; baseline 0.002 -16"><span class='ocrx_word' id='word_1_182' title='bbox 368 2248 482 2300; x_wconf 80' lang='lat' dir='ltr'>Quid</span> <span class='ocrx_word' id='word_1_183' title='bbox 513 2254 657 2292; x_wconf 87' lang='lat' dir='ltr'>autem</span> <span class='ocrx_word' id='word_1_184' title='bbox 688 2249 749 2291; x_wconf 92' lang='lat' dir='ltr'>ibi</span> <span class='ocrx_word' id='word_1_185' title='bbox 780 2250 1060 2292; x_wconf 78' lang='lat' dir='ltr'>invenimus?</span> <span class='ocrx_word' id='word_1_186' title='bbox 1088 2249 1305 2292; x_wconf 90' lang='lat' dir='ltr'>Puerulus</span> <span class='ocrx_word' id='word_1_187' title='bbox 1333 2251 1507 2306; x_wconf 86' lang='lat' dir='ltr'>quidam</span> <span class='ocrx_word' id='word_1_188' title='bbox 1525 2250 1814 2307; x_wconf 90' lang='lat' dir='ltr'>Pompeianus</span> 
     </span>
     <span class='ocr_line' id='line_1_26' title="bbox 307 2327 1815 2383; baseline 0.002 -15"><span class='ocrx_word' id='word_1_189' title='bbox 307 2328 352 2368; x_wconf 91' lang='lat' dir='ltr'>in</span> <span class='ocrx_word' id='word_1_190' title='bbox 384 2327 538 2369; x_wconf 91' lang='lat' dir='ltr'>domus</span> <span class='ocrx_word' id='word_1_191' title='bbox 572 2327 798 2369; x_wconf 88' lang='lat' dir='ltr'>cuiusdam</span> <span class='ocrx_word' id='word_1_192' title='bbox 832 2329 993 2383; x_wconf 90' lang='lat' dir='ltr'>pariete</span> <span class='ocrx_word' id='word_1_193' title='bbox 1025 2327 1279 2370; x_wconf 86' lang='lat' dir='ltr'>scribillavit</span> <span class='ocrx_word' id='word_1_194' title='bbox 1307 2328 1516 2370; x_wconf 88' lang='lat' dir='ltr'>vocabula</span> <span class='ocrx_word' id='word_1_195' title='bbox 1542 2327 1815 2372; x_wconf 86' lang='lat' dir='ltr'>Romulus</span> 
     </span>
     <span class='ocr_line' id='line_1_27' title="bbox 305 2403 1815 2460; baseline 0.002 -16"><span class='ocrx_word' id='word_1_196' title='bbox 305 2404 362 2444; x_wconf 91' lang='lat' dir='ltr'>in</span> <span class='ocrx_word' id='word_1_197' title='bbox 411 2403 593 2456; x_wconf 84' lang='lat' dir='ltr'>coe103</span> <span class='ocrx_word' id='word_1_198' title='bbox 642 2405 688 2445; x_wconf 88' lang='lat' dir='ltr'>in</span> <span class='ocrx_word' id='word_1_199' title='bbox 732 2404 844 2446; x_wconf 91' lang='lat' dir='ltr'>alius</span> <span class='ocrx_word' id='word_1_200' title='bbox 887 2404 1042 2446; x_wconf 89' lang='lat' dir='ltr'>domus</span> <span class='ocrx_word' id='word_1_201' title='bbox 1083 2405 1243 2460; x_wconf 87' lang='lat' dir='ltr'>pariete</span> <span class='ocrx_word' id='word_1_202' title='bbox 1285 2405 1370 2447; x_wconf 91' lang='lat' dir='ltr'>duo</span> <span class='ocrx_word' id='word_1_203' title='bbox 1404 2418 1554 2447; x_wconf 89' lang='lat' dir='ltr'>versus</span> <span class='ocrx_word' id='word_1_204' title='bbox 1585 2404 1815 2460; x_wconf 88' lang='lat' dir='ltr'>Virgiliani</span> 
     </span>
     <span class='ocr_line' id='line_1_28' title="bbox 306 2479 1813 2538; baseline 0.003 -18"><span class='ocrx_word' id='word_1_205' title='bbox 306 2479 509 2535; x_wconf 89' lang='lat' dir='ltr'>leguntur</span> <span class='ocrx_word' id='word_1_206' title='bbox 557 2480 631 2522; x_wconf 91' lang='lat' dir='ltr'>sed</span> <span class='ocrx_word' id='word_1_207' title='bbox 680 2484 766 2522; x_wconf 88' lang='lat' dir='ltr'>tam</span> <span class='ocrx_word' id='word_1_208' title='bbox 812 2481 966 2523; x_wconf 88' lang='lat' dir='ltr'>misere</span> <span class='ocrx_word' id='word_1_209' title='bbox 1014 2483 1206 2537; x_wconf 90' lang='lat' dir='ltr'>corrupti</span> <span class='ocrx_word' id='word_1_210' title='bbox 1252 2486 1300 2524; x_wconf 92' lang='lat' dir='ltr'>ut</span> <span class='ocrx_word' id='word_1_211' title='bbox 1347 2495 1419 2524; x_wconf 91' lang='lat' dir='ltr'>eos</span> <span class='ocrx_word' id='word_1_212' title='bbox 1467 2482 1615 2524; x_wconf 88' lang='lat' dir='ltr'>afferre</span> <span class='ocrx_word' id='word_1_213' title='bbox 1661 2482 1813 2538; x_wconf 87' lang='lat' dir='ltr'>pigeat.</span> 
     </span>
     <span class='ocr_line' id='line_1_29' title="bbox 307 2555 1812 2614; baseline 0.003 -17"><span class='ocrx_word' id='word_1_214' title='bbox 307 2555 473 2598; x_wconf 89' lang='lat' dir='ltr'>Docent</span> <span class='ocrx_word' id='word_1_215' title='bbox 505 2569 604 2612; x_wconf 88' lang='lat' dir='ltr'>ergo</span> <span class='ocrx_word' id='word_1_216' title='bbox 637 2558 718 2598; x_wconf 93' lang='lat' dir='ltr'>viri</span> <span class='ocrx_word' id='word_1_217' title='bbox 750 2557 863 2599; x_wconf 89' lang='lat' dir='ltr'>docti</span> <span class='ocrx_word' id='word_1_218' title='bbox 894 2558 939 2599; x_wconf 92' lang='lat' dir='ltr'>in</span> <span class='ocrx_word' id='word_1_219' title='bbox 971 2557 1332 2614; x_wconf 88' lang='lat' dir='ltr'>Inscriptionibus</span> <span class='ocrx_word' id='word_1_220' title='bbox 1363 2558 1636 2614; x_wconf 88' lang='lat' dir='ltr'>Pompeianis</span> <span class='ocrx_word' id='word_1_221' title='bbox 1669 2558 1812 2614; x_wconf 89' lang='lat' dir='ltr'>Virgi-</span> 
     </span>
     <span class='ocr_line' id='line_1_30' title="bbox 307 2633 1812 2690; baseline 0.003 -16"><span class='ocrx_word' id='word_1_222' title='bbox 307 2633 415 2675; x_wconf 91' lang='lat' dir='ltr'>lium</span> <span class='ocrx_word' id='word_1_223' title='bbox 463 2633 637 2688; x_wconf 88' lang='lat' dir='ltr'>quidem</span> <span class='ocrx_word' id='word_1_224' title='bbox 680 2637 721 2676; x_wconf 89' lang='lat' dir='ltr'>et</span> <span class='ocrx_word' id='word_1_225' title='bbox 761 2633 952 2676; x_wconf 84' lang='lat' dir='ltr'>Ennium</span> <span class='ocrx_word' id='word_1_226' title='bbox 995 2635 1120 2677; x_wconf 89' lang='lat' dir='ltr'>etiam</span> <span class='ocrx_word' id='word_1_227' title='bbox 1155 2636 1287 2690; x_wconf 88' lang='lat' dir='ltr'>citari,</span> <span class='ocrx_word' id='word_1_228' title='bbox 1321 2649 1405 2677; x_wconf 94' lang='lat' dir='ltr'>non</span> <span class='ocrx_word' id='word_1_229' title='bbox 1438 2648 1538 2678; x_wconf 90' lang='lat' dir='ltr'>vero</span> <span class='ocrx_word' id='word_1_230' title='bbox 1571 2634 1812 2678; x_wconf 90' lang='lat' dir='ltr'>Horatium.</span> 
     </span>
    </p>

    <p class='ocr_par' dir='ltr' id='par_1_12' title="bbox 367 2708 1811 2778">
     <span class='ocr_line' id='line_1_31' title="bbox 367 2708 1811 2778; baseline 0.003 -28"><span class='ocrx_word' id='word_1_231' title='bbox 367 2708 601 2751; x_wconf 88' lang='lat' dir='ltr'>Catonis</span> <span class='ocrx_word' id='word_1_232' title='bbox 632 2708 1023 2752; x_wconf 90' lang='lat' dir='ltr'>Distichorum</span> <span class='ocrx_word' id='word_1_233' title='bbox 1056 2710 1184 2778; x_wconf 79' lang='lat' dir='ltr'>Libro</span> <span class='ocrx_word' id='word_1_234' title='bbox 1215 2711 1260 2753; x_wconf 89' lang='lat' dir='ltr'>H</span> <span class='ocrx_word' id='word_1_235' title='bbox 1292 2712 1578 2767; x_wconf 85' lang='lat' dir='ltr'>praemittitur</span> <span class='ocrx_word' id='word_1_236' title='bbox 1609 2711 1811 2766; x_wconf 89' lang='lat' dir='ltr'>praefatio</span> 
     </span>
    </p>
   </div>
   <div class='ocr_carea' id='block_1_11' title="bbox 306 2754 1810 2843">
    <p class='ocr_par' dir='ltr' id='par_1_13' title="bbox 306 2754 1810 2843">
     <span class='ocr_line' id='line_1_32' title="bbox 306 2754 1810 2843; baseline 0.003 -17"><span class='ocrx_word' id='word_1_237' title='bbox 306 2787 350 2827; x_wconf 91' lang='lat' dir='ltr'>in</span> <span class='ocrx_word' id='word_1_238' title='bbox 386 2799 471 2841; x_wconf 89' lang='lat' dir='ltr'>qua</span> <span class='ocrx_word' id='word_1_239' title='bbox 503 2785 725 2841; x_wconf 89' lang='lat' dir='ltr'>Virgilius,</span> <span class='ocrx_word' id='word_1_240' title='bbox 758 2786 912 2841; x_wconf 89' lang='lat' dir='ltr'>Macer,</span> <span class='ocrx_word' id='word_1_241' title='bbox 943 2754 1157 2842; x_wconf 42' lang='lat' dir='ltr'>Liilcganus,</span> <span class='ocrx_word' id='word_1_242' title='bbox 1191 2786 1371 2830; x_wconf 90' lang='lat' dir='ltr'>Ovidius</span> <span class='ocrx_word' id='word_1_243' title='bbox 1406 2789 1692 2843; x_wconf 88' lang='lat' dir='ltr'>nominantur,</span> <span class='ocrx_word' id='word_1_244' title='bbox 1723 2802 1810 2830; x_wconf 91' lang='lat' dir='ltr'>non</span> 
     </span>
    </p>
   </div>
   <div class='ocr_carea' id='block_1_12' title="bbox 195 2862 1810 2921">
    <p class='ocr_par' dir='ltr' id='par_1_14' title="bbox 195 2862 1810 2921">
     <span class='ocr_line' id='line_1_33' title="bbox 195 2862 1810 2921; baseline 0.003 -18"><span class='ocrx_word' id='word_1_245' title='bbox 195 2891 198 2896; x_wconf 68' lang='lat'>,</span> <span class='ocrx_word' id='word_1_246' title='bbox 228 2898 257 2904; x_wconf 76' lang='grc'>.,</span> <span class='ocrx_word' id='word_1_247' title='bbox 308 2862 478 2904; x_wconf 87' lang='lat' dir='ltr'>additur</span> <span class='ocrx_word' id='word_1_248' title='bbox 509 2862 726 2906; x_wconf 86' lang='lat' dir='ltr'>Horatius.</span> <span class='ocrx_word' id='word_1_249' title='bbox 758 2863 840 2907; x_wconf 82' lang='lat' dir='ltr'>Sed</span> <span class='ocrx_word' id='word_1_250' title='bbox 873 2877 927 2906; x_wconf 92' lang='lat' dir='ltr'>ne</span> <span class='ocrx_word' id='word_1_251' title='bbox 960 2865 996 2907; x_wconf 92' lang='lat' dir='ltr'>si</span> <span class='ocrx_word' id='word_1_252' title='bbox 1028 2865 1198 2907; x_wconf 89' lang='lat' dir='ltr'>additus</span> <span class='ocrx_word' id='word_1_253' title='bbox 1232 2865 1405 2921; x_wconf 91' lang='lat' dir='ltr'>quidem</span> <span class='ocrx_word' id='word_1_254' title='bbox 1439 2868 1551 2907; x_wconf 88' lang='lat' dir='ltr'>esset</span> <span class='ocrx_word' id='word_1_255' title='bbox 1582 2865 1663 2907; x_wconf 87' lang='lat' dir='ltr'>ista</span> <span class='ocrx_word' id='word_1_256' title='bbox 1691 2878 1810 2921; x_wconf 89' lang='lat' dir='ltr'>prae-</span> 
     </span>
    </p>
   </div>
   <div class='ocr_carea' id='block_1_13' title="bbox 973 2951 1722 3045">
    <p class='ocr_par' dir='ltr' id='par_1_15' title="bbox 973 2951 1722 3045">
     <span class='ocr_line' id='line_1_34' title="bbox 981 2951 1722 2988; baseline 0.004 -3"><span class='ocrx_word' id='word_1_257' title='bbox 981 2967 1001 2974; x_wconf 41' lang='grc' dir='ltr'><strong><em>ψ</em></strong></span> <span class='ocrx_word' id='word_1_258' title='bbox 1270 2962 1285 2985; x_wconf 57' lang='grc' dir='ltr'><strong><em>ν</em></strong></span> <span class='ocrx_word' id='word_1_259' title='bbox 1336 2955 1400 2988; x_wconf 42' lang='grc' dir='ltr'>μί</span> <span class='ocrx_word' id='word_1_260' title='bbox 1448 2964 1461 2986; x_wconf 67' lang='grc' dir='ltr'>ι</span> <span class='ocrx_word' id='word_1_261' title='bbox 1522 2951 1565 2987; x_wconf 65' lang='lat'>“2</span> <span class='ocrx_word' id='word_1_262' title='bbox 1633 2964 1653 2987; x_wconf 63' lang='lat' dir='ltr'>ff</span> <span class='ocrx_word' id='word_1_263' title='bbox 1712 2984 1722 2988; x_wconf 86' lang='lat'>-</span> 
     </span>
     <span class='ocr_line' id='line_1_35' title="bbox 973 2976 1657 3031; baseline 0.001 -18"><span class='ocrx_word' id='word_1_264' title='bbox 973 2982 1165 3020; x_wconf 48' lang='lat' dir='ltr'>“few-*l</span> <span class='ocrx_word' id='word_1_265' title='bbox 1215 2980 1353 3031; x_wconf 40' lang='lat' dir='ltr'>rvr-*¹3¹</span> <span class='ocrx_word' id='word_1_266' title='bbox 1546 2976 1557 2991; x_wconf 67' lang='lat' dir='ltr'><strong><em>s</em></strong></span> <span class='ocrx_word' id='word_1_267' title='bbox 1628 2982 1657 3002; x_wconf 77' lang='lat'>‘-</span> 
     </span>
     <span class='ocr_line' id='line_1_36' title="bbox 1192 3022 1376 3045; baseline 0 -8"><span class='ocrx_word' id='word_1_268' title='bbox 1192 3032 1195 3037; x_wconf 57' lang='lat'>¹</span> <span class='ocrx_word' id='word_1_269' title='bbox 1303 3027 1312 3045; x_wconf 73' lang='lat' dir='ltr'><em>s</em></span> <span class='ocrx_word' id='word_1_270' title='bbox 1358 3022 1376 3043; x_wconf 40' lang='lat'>⁴¹</span> 
     </span>
    </p>
   </div>
   <div class='ocr_carea' id='block_1_14' title="bbox 1886 2850 1941 2869">
    <p class='ocr_par' dir='ltr' id='par_1_16' title="bbox 1886 2850 1941 2869">
     <span class='ocr_line' id='line_1_37' title="bbox 1886 2850 1941 2869; baseline 0 -3"><span class='ocrx_word' id='word_1_271' title='bbox 1886 2850 1941 2869; x_wconf 54' lang='lat'>4⁴</span> 
     </span>
    </p>
   </div>
   <div class='ocr_carea' id='block_1_15' title="bbox 1912 2862 2008 2907">
    <p class='ocr_par' dir='ltr' id='par_1_17' title="bbox 1912 2862 2008 2907">
     <span class='ocr_line' id='line_1_38' title="bbox 1912 2862 2008 2907; baseline -0.01 0"><span class='ocrx_word' id='word_1_272' title='bbox 1912 2903 1919 2907; x_wconf 88' lang='grc'>,.</span> <span class='ocrx_word' id='word_1_273' title='bbox 1941 2862 2008 2906; x_wconf 51' lang='lat'>²27²!</span> 
     </span>
    </p>
   </div>
   <div class='ocr_carea' id='block_1_16' title="bbox 1880 996 2034 1033">
    <p class='ocr_par' dir='ltr' id='par_1_18' title="bbox 1880 996 2034 1033">
     <span class='ocr_line' id='line_1_39' title="bbox 1880 996 2034 1033; baseline 0 -23"><span class='ocrx_word' id='word_1_274' title='bbox 1880 996 1918 1028; x_wconf 23' lang='lat'>3³</span> <span class='ocrx_word' id='word_1_275' title='bbox 1951 999 1960 1017; x_wconf 70' lang='lat'>,¹¹</span> <span class='ocrx_word' id='word_1_276' title='bbox 1991 1003 2034 1033; x_wconf 83' lang='grc'>,4</span> 
     </span>
    </p>
   </div>
   <div class='ocr_carea' id='block_1_17' title="bbox 1917 1047 2034 1098">
    <p class='ocr_par' dir='ltr' id='par_1_19' title="bbox 1917 1047 2034 1098">
     <span class='ocr_line' id='line_1_40' title="bbox 1951 1047 2034 1077; baseline 0 0"><span class='ocrx_word' id='word_1_277' title='bbox 1951 1047 2034 1077; x_wconf 52' lang='lat' dir='ltr'>&#39;UA</span> 
     </span>
     <span class='ocr_line' id='line_1_41' title="bbox 1917 1083 1949 1098; baseline 0 0"><span class='ocrx_word' id='word_1_278' title='bbox 1917 1083 1949 1098; x_wconf 70' lang='lat' dir='ltr'>‘r</span> 
     </span>
    </p>
   </div>
  </div>
 </body>
</html>
