2034 3334
848 362 930 403 173

137 504 229 536 esse
259 490 444 533 obnoxia
474 489 729 531 dubitationi
761 487 978 540 concedit3
1013 486 1179 542 reliqua
1212 486 1353 527 omnia
1383 486 1443 527 ita
1462 485 1631 528 afferam

139 571 187 611 ut
225 568 360 623 ipsius
403 565 613 621 Zingerlei
655 564 806 606 addam
850 562 978 606 verba
1009 562 1228 618 quaedam,
1261 574 1283 604 0
1317 561 1474 617 quibus
1506 575 1632 618 appa-

138 647 228 687 reat
259 645 465 699 quantum
494 643 587 697 ipso
615 640 756 682 iudice
783 639 964 695 singulis
993 640 1048 681 sit
1065 638 1339 680 tribuendum
1357 640 1632 695 argumentis
1667 669 1731 681 κ
1776 696 1782 708 ,
1890 675 1951 707 ’¹75‘
1979 672 2008 724 ὅ

196 719 388 762 Primum
432 731 531 773 ergo
568 717 815 772 Zingerleus
849 716 950 757 dicit
980 715 1401 782 duafflraesertim
1380 716 1481 785 odas
1498 685 1797 757 Hora-‘Las'
1827 703 1844 734 Ἀ
1880 705 1953 747 μ’]

139 797 276 839 tianas
319 794 471 837 Ovidio
503 795 546 834 in
581 793 744 835 deliciis
775 792 919 846 fuisse,
952 792 1133 847 illasque
1165 804 1263 833 eum
1290 793 1348 833 ita
1379 781 1424 833 in
1458 805 1632 834 succum

141 876 182 914 et
222 872 474 927 sanguinem
519 871 696 912 vertisse
739 872 787 910 ut
819 869 1119 910 diversissimis
1150 868 1254 910 locis
1286 869 1636 925 temporibusque
1718 921 1734 932 ..
1789 911 1821 941 ss
1851 918 1903 941 W
1928 927 1957 937 Μ

141 961 196 990 ex
227 947 311 989 illis
344 946 491 988 afferre
523 945 775 1005 aliquid
716 947 881 1007 tantum
901 957 1000 1003 non
1027 947 1259 999 cogeretur.
1278 943 1518 987 Probabilis
1535 958 1636 987 sane
1698 943 1756 995 '‘JJ
1820 987 1822 993 ,
1849 938 1854 943 ’
1926 942 1929 945 ’

142 1024 284 1079 opinio
312 1025 423 1065 esset
439 1023 475 1064 si
492 1022 600 1063 duae
616 1020 714 1062 illae
723 1003 835 1062 odae
851 1020 1002 1062 ceteris
1020 1019 1218 1062 omnibus
1234 1019 1360 1075 longe
1378 1023 1639 1075 praestarent

143 1101 245 1143 01νο
280 1100 586 1142 sententiarum
631 1097 793 1139 lumine
842 1096 1159 1151 verborumque
1200 1098 1407 1151 acumine,
1450 1101 1498 1139 ut
1530 1097 1638 1139 illud

147 1177 308 1231 „donec
337 1179 483 1231 gratus
517 1187 630 1216 eram
662 1172 781 1228 tibi'',
813 1173 902 1215 sive
934 1173 1056 1214 metri
1088 1174 1343 1215 amoenitate
1375 1177 1416 1215 et
1448 1173 1638 1228 artificio,

144 1256 193 1295 ut
223 1265 393 1294 carmen
415 1248 772 1304 „miserarumst”.
790 1248 917 1291 Nunc
935 1262 1033 1291 vero
1052 1249 1182 1291 altera
1199 1262 1360 1304 earum,
1378 1264 1637 1305 quamquam

145 1329 308 1384 aliquot
348 1330 441 1370 eius
485 1328 585 1368 vitia
627 1327 671 1367 in
715 1326 937 1381 propatulo
970 1330 1082 1380 sunt,
1113 1329 1255 1368 tamen
1287 1330 1351 1368 est
1382 1327 1485 1368 satis
1519 1326 1639 1378 bona,

145 1404 276 1447 altera
322 1407 462 1446 autem
510 1403 703 1458 pessima.
754 1401 888 1451 Quam
936 1403 1050 1443 enim
1096 1401 1279 1443 absurda
1299 1403 1454 1444 ‘essent
1482 1402 1555 1444 illa
1588 1401 1639 1444 ab

144 1480 323 1522 Horatio
353 1479 565 1521 Mercurio
598 1478 695 1520 data
720 1477 918 1519 mandata
946 1477 1138 1535 3111,112‚
1167 1490 1382 1532 quamque
1399 1478 1640 1520 vehementi

146 1569 253 1612 opus
285 1559 397 1598 esset
427 1555 637 1597 medicina
668 1557 717 1596 ut
748 1567 802 1596 ex
833 1554 919 1595 illis
946 1553 1163 1595 tolerabile
1190 1553 1310 1595 fieret
1326 1567 1495 1596 carmen
1513 1567 1641 1610 supra

146 1632 344 1674 vidimus.
376 1630 504 1673 Nunc
534 1630 627 1684 hoc,
660 1631 860 1685 quoniam
892 1642 960 1671 res
987 1630 1046 1671 ita
1072 1629 1164 1683 fert,
1190 1629 1283 1671 dico
1301 1629 1530 1671 admodum
1549 1643 1642 1672 esse

147 1709 351 1750 incertam
392 1719 482 1749 rem
523 1709 668 1748 utrum
700 1707 815 1762 prior
845 1705 1050 1747 Horatius
1084 1706 1192 1747 illud
1225 1707 1440 1761 scripserit
1472 1719 1643 1749 carmen

149 1797 204 1825 an
251 1782 430 1825 Ovidius
477 1795 597 1824 suam
643 1781 1004 1837 Hypermnestrae
1050 1782 1104 1823 ad
1144 1781 1364 1835 Lynceum
1408 1783 1642 1838 epistolam.
1670 1794 1750 1821 xv,-

149 1858 272 1901 Hanc
298 1859 412 1901 enim
440 1858 602 1914 quidni,
629 1859 666 1900 si
692 1870 779 1900 non
795 1859 841 1899 in
857 1858 995 1900 lucem
1014 1859 1216 1913 emittere,
1232 1862 1374 1901 tamen
1391 1860 1477 1901 iam
1494 1860 1641 1901 amicis

149 1937 324 1979 recitare
354 1936 539 1991 potuerit
570 1934 750 1977 Ovidius
782 1936 858 1976 vix
887 1936 1041 1991 viginti
1072 1949 1207 1978 annos
1239 1940 1366 1978 natus
1396 1950 1482 1978 non
1508 1937 1645 1992 video,

150 2015 191 2055 et
230 2012 562 2068 prudentissime
593 2011 695 2052 mihi
729 2010 774 2052 F.
806 2010 1098 2067 Curschmann
1129 2013 1172 2053 in
1208 2012 1384 2069 BQi
1415 2013 1513 2055 libri
1546 2026 1642 2056 cen—

151 2102 252 2131 sura
283 2089 387 2130 haec
418 2091 604 2130 statuere
635 2087 826 2129 videtur:

215 2163 320 2218 „Die
365 2163 498 2219 Frage
544 2163 596 2205 ob
638 2163 739 2205 Hor.
782 2163 860 2217 III,
900 2163 951 2203 11
995 2163 1098 2205 oder
1129 2162 1276 2207 Ovid's
1307 2164 1645 2220 Hypermnestra

154 2241 229 2282 das
274 2240 444 2282 friihere
493 2239 672 2281 Gedicht
703 2240 775 2293 sei,
807 2239 896 2280 und
929 2239 981 2280 ob
1014 2239 1155 2281 Horaz
1188 2240 1270 2282 den
1304 2240 1413 2283 Ovid
1446 2241 1647 2284 benutzte

155 2316 367 2372 iibergehe
398 2316 478 2370 ich,
510 2316 563 2357 da
593 2316 697 2365 ihre¹
715 2314 890 2370 Losung
922 2315 1039 2357 nicht
1070 2316 1310 2358 erreichbar
1340 2315 1542 2359 scheint.''

217 2392 275 2434 cf.
319 2396 533 2448 praeterea
581 2392 632 2433 de
680 2390 823 2432 Ovidii
871 2391 1046 2446 epistola
1085 2391 1250 2434 Lehrsii
1291 2393 1645 2448 disputationem:

157 2481 286 2523 quam
316 2468 512 2509 intricata
543 2467 598 2508 sit
632 2467 825 2522 quaestio
857 2466 1034 2509 videbis.
1090 2450 1185 2460 ‘—

218 2543 301 2586 Sed
348 2543 400 2584 de
444 2543 524 2584 hoc
571 2542 742 2597 quidem
784 2543 971 2584 carmine
1013 2555 1114 2584 mox
1155 2543 1408 2599 videbimus,
1445 2557 1563 2586 nunc
1596 2546 1650 2587 ad

166 2638 184 2663 ι,
226 2636 234 2645 ·
295 2632 338 2673 *m
371 2623 649 2660 transeamus.
676 2617 872 2659 Affirmat
900 2631 999 2673 ergo
1027 2618 1275 2674 Zingerleus
1293 2619 1460 2662 Horatii
1476 2634 1648 2663 carmen

344 2694 447 2736 adeo
490 2693 642 2736 Ovidio
685 2693 817 2736 fuisse
848 2695 893 2735 in
928 2694 1089 2737 deliciis
1122 2698 1162 2737 et
1193 2699 1279 2737 tam
1310 2696 1487 2739 firmiter
1518 2699 1650 2740 menti

162 2771 253 2813 eius
283 2770 517 2812 inhaesisse
550 2773 597 2811 ut
628 2770 859 2812 identidem
893 2771 1150 2812 mentionem
1177 2772 1270 2814 eius
1297 2785 1382 2814 non
1410 2772 1547 2816 facere
1563 2786 1650 2816 non

163 2849 315 2902 posset.
347 2845 430 2888 Hic
457 2849 600 2888 tamen
625 2859 796 2888 carmen
821 2845 1105 2889 Horatianum
1121 2847 1339 2904 habemus,
1356 2850 1496 2892 sinon
1513 2863 1650 2892 unum
