2034 3334
1008 386 1089 426 194

258 512 351 552 sine
383 512 512 551 calce.
547 511 823 561 Ineptissime
855 522 957 551 vero
990 512 1053 551 ad
1085 513 1323 553 amicam
1354 523 1468 553 nunc
1499 513 1599 554 huic
1631 513 1837 556 adhaeret

257 588 433 638 scholio,
468 598 568 627 cum
600 587 731 627 fuerit
760 587 925 627 lemma
957 588 1195 638 sequentis.

320 665 390 704 38.
1005 664 1155 705 Nonne
1187 665 1545 707 ea‘dissimulare
1577 677 1657 707 nos

436 740 573 790 Magis
614 740 856 780 humanum
898 742 977 790 est,
1022 751 1153 790 quam
1190 741 1292 781 dare
1323 752 1512 793 operam,
1547 742 1590 782 id
1620 743 1732 784 scire
1762 743 1835 795 qui

1494 820 1589 866 [nos
1620 818 1772 860 oderit.

317 893 493 942 Magis
535 893 850 941 humanum]
899 893 1031 943 „bene
1072 894 1173 942 quia
1214 895 1258 934 et
1299 894 1403 934 illud
1436 894 1679 935 humanum
1712 894 1833 936 dissi-

257 969 466 1008 mulare.”
510 970 700 1019 Apparet
740 979 816 1019 pro
857 969 1228 1010 dissimulare
1269 970 1500 1020 legendum
1543 981 1640 1011 esse
1677 971 1835 1012 foras

256 1045 513 1094 proferre
558 1045 628 1084 vel
674 1045 834 1094 aliquid
881 1046 924 1084 in
971 1056 1070 1085 eam
1115 1047 1394 1087 sententiam.
1446 1047 1539 1087 Hoc
1581 1047 1699 1088 enim
1740 1047 1837 1089 vult

255 1121 472 1161 scholion:
534 1121 932 1170 „dissimulare
989 1121 1083 1161 ideo
1139 1123 1255 1162 recte
1302 1123 1485 1172 magis
1533 1123 1834 1165 humanum

256 1197 423 1247 dicitur,
466 1197 568 1245 quia
608 1197 743 1237 etiam
774 1197 886 1246 quod
917 1197 956 1236 ei
987 1198 1215 1247 opponitur
1245 1199 1548 1239 humanum
1580 1200 1692 1240 est.’'
1723 1200 1833 1246 (Hu-

254 1283 475 1313 manum
507 1273 625 1312 enim
655 1274 789 1313 etiam
821 1274 873 1313 de
905 1274 1020 1313 male
1050 1274 1178 1314 factis
1209 1274 1449 1325 adhibetur,
1481 1275 1534 1315 de
1561 1275 1752 1325 peccatis
1778 1286 1834 1316 ex

254 1350 448 1389 humana
478 1349 775 1389 imbecillitate
807 1349 951 1397 natis).

317 1428 386 1466 55.
419 1426 485 1465 Ad
518 1436 718 1465 versum:

439 1502 533 1542 Hoc
569 1502 631 1541 mi
662 1513 798 1542 unum
831 1513 885 1542 ex
917 1503 1116 1552 plurimis
1147 1503 1337 1543 miseriis
1369 1504 1579 1544 relicuum
1613 1504 1756 1545 fuerat

1648 1579 1832 1628 [malum

258 1656 512 1695 annotatur:
551 1665 680 1704 „nam
712 1666 797 1694 non
829 1655 1043 1694 mediocre
1075 1657 1154 1705 est,
1184 1655 1295 1704 quod
1328 1656 1526 1695 omnium
1553 1655 1831 1696 miseriarum

258 1733 327 1772 est
366 1731 585 1781 ultimum,
630 1733 674 1770 et
714 1731 826 1770 inter
868 1731 985 1770 mala
1025 1731 1176 1781 multa,
1216 1732 1326 1780 quod
1358 1731 1422 1771 sic
1453 1732 1734 1781 accipimus.”
1765 1731 1832 1772 Ex

254 1807 394 1856 quod
425 1808 508 1847 sic
539 1807 852 1856 accipimus
879 1807 1047 1846 nullum
1073 1817 1230 1846 sanum
1257 1817 1437 1847 sensum
1464 1807 1678 1857 extundo;
1705 1807 1831 1848 credo

255 1884 348 1922 eius
403 1885 556 1923 natum
607 1883 947 1933 importunitate,
996 1883 1068 1932 qui
1113 1883 1307 1923 scholion
1352 1883 1573 1924 vocabulis
1618 1883 1832 1924 addendis

253 1959 502 2009 corruperit.
554 1959 648 1999 Non
694 1959 812 1998 enim
857 1959 1004 1998 dubito
1051 1959 1154 2008 quin
1200 1959 1304 1999 olim
1351 1959 1649 1999 huiuscemodi
1694 1958 1828 1999 fuerit

253 2037 469 2076 scholion:
523 2047 651 2085 „nam
696 2046 782 2075 non
828 2035 1042 2075 mediocre
1089 2037 1168 2085 est,
1215 2036 1327 2084 quod
1373 2036 1569 2075 omnium
1610 2035 1827 2075 malorum

255 2113 460 2152 ultimum
493 2114 537 2152 et
569 2113 680 2152 inter
712 2113 829 2152 mala
860 2112 1000 2151 multa
1031 2111 1245 2160 reliquum
1278 2111 1559 2161 accipimus.”

314 2263 384 2313 IV,
421 2264 459 2314 2,
497 2264 549 2303 12
582 2274 674 2312 sqq.
709 2263 863 2309 (Verba
894 2262 1110 2312 Pamphili
1141 2263 1244 2301 sunt
1276 2262 1329 2301 ad
1361 2263 1598 2307 matrem):

790 2339 969 2388 Quaeso,
1003 2338 1103 2387 quid
1134 2338 1247 2377 istuc
1279 2337 1447 2377 consilii
1479 2339 1579 2378 est?

343 2416 465 2455 Illius
497 2415 684 2455 stultitia
714 2416 842 2465 victa,
876 2425 932 2454 ex
961 2414 1066 2453 urbe
1097 2414 1145 2453 tu
1175 2423 1250 2452 rus
1281 2413 1527 2453 habitatum
1557 2413 1752 2464 migres?

344 2492 436 2530 Non
453 2492 607 2531 facies:
627 2502 764 2540 neque
781 2491 923 2530 sinam
940 2492 989 2530 ut
1005 2489 1078 2539 qui
1094 2489 1229 2538 nobis,
1243 2490 1396 2539 mater,
1410 2489 1693 2530 maledictum
1703 2489 1823 2540 velit,
1873 2502 1883 2515 ’τ

345 2568 438 2606 Mea
469 2567 705 2616 pertinacia
736 2577 832 2606 esse
864 2566 978 2606 dicat
1007 2566 1185 2614 factum,
1219 2565 1333 2604 haud
1364 2567 1440 2604 tua
1471 2565 1697 2606 modestia.

256 2643 375 2682 Sch.:
410 2644 523 2682 Mea
554 2644 878 2692 pertinacia
909 2652 1034 2682 esse
1061 2642 1214 2681 dicat
1239 2641 1468 2687 factum]
1502 2641 1822 2693 „beneretinet,

255 2730 387 2767 quum
430 2720 524 2758 vult
564 2729 643 2758 sua
685 2719 894 2758 interesse
935 2728 989 2757 ne
1026 2716 1144 2756 fiat.”
1178 2717 1316 2756 Locus
1348 2718 1714 2768 corruptissimus,
1747 2718 1824 2758 sed

254 2795 304 2833 (le
347 2794 647 2833 emendatione
683 2805 768 2833 non
800 2794 1128 2843 desperandum.
1161 2793 1350 2832 Verbum
1381 2793 1402 2831 f
1410 2793 1490 2831 iat
1521 2804 1599 2833 suo
1630 2794 1823 2834 subiecto

255 2880 398 2908 carere
426 2881 510 2908 non
538 2872 692 2919 potest,
712 2880 849 2927 neque
866 2880 944 2909 suo
962 2869 1126 2909 obiecto
1144 2868 1323 2907 verbum
1341 2879 1361 2906 r
1373 2878 1395 2907 e
1407 2868 1489 2907 tin
1503 2870 1568 2917 et;
1591 2870 1822 2919 utrumque

254 2946 357 2983 latet
404 2947 442 2983 in
488 2957 671 2994 quum,
717 2946 783 2984 cui
827 2946 970 2984 nullus
1008 2946 1075 2984 hic
1108 2945 1238 2994 locus,
1273 2947 1530 2993 quapropter
1561 2943 1822 2984 confidenter
