2034 3334
951 377 1007 415 93

195 503 330 551 rogat.
376 502 508 541 Addit
542 502 675 540 frater
706 512 841 550 pauca
872 502 1000 540 haec:
1037 501 1194 550 „proba
1226 503 1269 540 et
1299 501 1538 551 modesta,’'
1572 501 1615 540 et
1646 500 1757 539 Mici-

197 588 325 616 onem
356 577 510 626 aspicit
542 587 797 625 responsum
830 578 922 616 eius
949 578 1219 625 exspectans.
1248 578 1306 616 At
1332 577 1403 616 ille
1430 577 1492 615 nil
1518 577 1633 615 aliud
1650 576 1756 615 nisi:
1785 597 1790 600 -

200 653 288 703 „ita
318 638 481 692 aiunt.”
515 653 604 701 Quo
638 653 717 692 hoc
749 653 871 692 vultu
904 653 1017 692 dicat
1049 653 1172 692 Micio
1205 653 1327 692 docet
1359 653 1600 692 Scholiasta
1632 663 1758 691 anno-

195 729 347 768 tando:
399 729 506 778 „ita
553 729 732 768 aiunt:
781 729 873 768 Hoc
919 729 980 767 ita
1026 729 1266 778 respondet,
1316 729 1440 777 quasi
1486 729 1621 768 dicat:
1665 729 1760 767 sed

197 805 325 852 quid
357 805 534 843 mea?'’

255 881 427 920 Phorm.
454 882 522 920 86.
553 881 658 930 Quid
685 881 849 920 factum
876 881 934 920 sit
950 882 1199 921 absentibus
1215 881 1402 931 senibus,
1423 882 1556 920 altero
1573 880 1758 930 domino,

197 957 332 996 altero
364 957 492 996 huius
523 957 666 1006 fratre,
701 958 848 996 narrat
875 957 982 996 Geta
1009 967 1173 1006 servus,
1204 958 1271 996 cui
1299 957 1470 996 illorum
1497 956 1574 996 filii
1601 957 1759 996 adoles-

198 1034 344 1072 centes
375 1033 546 1072 fuerant
577 1033 823 1072 commissi:

375 1109 530 1148 Noster
560 1109 665 1148 mali
697 1109 756 1147 nil
788 1109 1018 1157 quicquam
1049 1109 1210 1158 primo:
1245 1109 1314 1148 hic
1345 1109 1554 1148 Phaedria

377 1183 586 1223 Continuo
618 1185 836 1232 quandam
867 1186 1020 1223 nactus
1053 1186 1120 1223 est
1150 1184 1386 1233 puellulam

378 1259 719 1299 Citharistriam:
753 1260 864 1298 hanc
895 1270 1043 1299 amare
1077 1260 1217 1309 coepit
1248 1240 1425 1308 perdite.

377 1337 437 1375 Ea
468 1337 683 1376 serviebat
714 1337 857 1376 lenoni
890 1337 1210 1385 impurissimo:

376 1413 522 1461 Neque
554 1413 665 1461 quod
697 1413 869 1451 daretur
900 1413 1152 1461 quicquam:
1186 1412 1228 1451 id
1260 1413 1460 1451 curarant
1491 1412 1648 1459 patres,

378 1488 587 1527 Restabat
618 1488 733 1527 aliud
764 1488 825 1526 nil
856 1488 939 1526 nisi
973 1488 1118 1527 oculos
1149 1498 1336 1537 pascere.

379 1564 554 1614 Sectari,
588 1564 633 1602 in
662 1564 814 1603 ludum
846 1564 998 1603 ducere
1032 1565 1074 1603 et
1106 1564 1318 1603 reducere.

379 1640 465 1678 Nos
497 1640 624 1679 otiosi
656 1650 831 1688 operam
863 1639 1073 1678 dabamus
1101 1639 1347 1678 Phaedriae.

202 1715 334 1755 Arida
359 1716 466 1755 haec
487 1717 530 1754 et
547 1716 674 1755 exilis
690 1716 826 1754 videri
842 1717 989 1764 posset
1005 1716 1206 1765 narratio,
1227 1715 1579 1754 ornamentorum
1597 1724 1763 1763 expers,

203 1791 287 1830 nisi
328 1802 406 1830 nos
448 1791 689 1830 Scholiasta
730 1792 900 1830 doceret
938 1791 1092 1830 Getam
1125 1791 1255 1830 iocari
1287 1790 1430 1829 verbis
1462 1790 1763 1829 sectari...

203 1868 492 1917 reducere,
531 1868 601 1906 vel
632 1868 774 1916 potius
807 1868 999 1906 cavillari
1014 1880 1022 1922 ξ
1055 1869 1171 1906 recte
1203 1867 1319 1906 enim
1350 1868 1394 1906 et
1425 1877 1481 1905 ex
1512 1866 1618 1905 artis
1649 1876 1765 1915 prae-

205 1942 339 1991 ceptis
366 1943 446 1982 hoc
471 1944 652 1982 verbum
678 1943 869 1991 positum
896 1945 963 1981 est
990 1943 1033 1981 in
1060 1943 1329 1991 lepidissima
1355 1943 1448 1981 eius
1465 1941 1765 1980 annotatione:

209 2019 349 2068 „Bene
391 2019 618 2057 cavillatus
655 2019 721 2056 est
753 2019 796 2056 et
827 2018 1072 2057 ioculariter
1104 2019 1148 2056 in
1179 2019 1509 2068 adolescentem,
1545 2018 1613 2058 cui
1646 2018 1767 2056 aetas

206 2094 268 2132 ad
300 2094 604 2133 sectandos
636 2093 1010 2142 philosophos
1043 2095 1144 2142 apta
1177 2094 1310 2132 erat.'’

265 2169 437 2209 Phorm.
487 2169 584 2208 273.
634 2168 834 2218 Antipho,
883 2170 932 2207 ut
977 2179 1154 2207 securus
1201 2179 1300 2207 cum
1341 2178 1421 2207 sua
1452 2168 1593 2208 amica
1622 2169 1768 2208 vivere

207 2247 364 2295 posset,
400 2255 499 2284 cum
530 2244 788 2283 Phormione
815 2243 876 2282 ita
904 2244 1096 2282 collusit:
1125 2244 1177 2283 ab
1204 2244 1277 2283 illo
1305 2245 1349 2283 in
1375 2245 1442 2284 ius
1468 2247 1634 2284 tractus
1659 2246 1767 2284 tam-

207 2332 338 2370 quam
380 2320 418 2359 si
459 2319 600 2359 amica
641 2319 714 2358 illa
756 2317 960 2372 e'wlnlyQQ
994 2321 1110 2358 esset
1141 2321 1269 2368 atque
1300 2320 1391 2369 ipse
1423 2321 1515 2360 eius
1547 2322 1767 2369 cognatus,

208 2407 337 2445 quem
367 2396 485 2443 leges
517 2405 614 2433 eam
647 2395 799 2432 ducere
830 2405 1012 2432 uxorem
1043 2394 1249 2445 iuberent,
1284 2396 1463 2434 tacendo
1495 2406 1542 2434 se
1574 2396 1768 2435 condem-

209 2471 302 2510 nari
348 2481 502 2520 passus
550 2472 628 2509 est.
672 2471 799 2508 Pater
839 2480 1038 2509 reversus
1080 2471 1208 2519 atque
1239 2471 1340 2519 quid
1372 2472 1563 2511 evenerit
1594 2472 1770 2511 edoctus

210 2547 398 2596 graviter
429 2547 654 2584 succenset
685 2545 962 2593 maximeque
989 2544 1088 2595 filio,
1118 2556 1247 2594 quem
1273 2547 1402 2595 probe
1429 2548 1632 2596 intelligit
1657 2547 1769 2586 ultro

211 2622 254 2660 in
281 2622 401 2660 illam
428 2621 699 2659 Phormionis
725 2621 898 2668 plagam
925 2621 1222 2661 incucurrisse.
1245 2622 1441 2671 Dumque
1467 2623 1582 2662 filius
1602 2625 1770 2672 patrem

211 2698 410 2735 metuens
441 2696 597 2745 latitat,
632 2705 807 2734 causam
841 2696 933 2734 eius
965 2696 1054 2744 agit
1079 2697 1211 2735 frater
1236 2698 1442 2746 patruelis
1469 2698 1678 2737 Phaedria
1703 2698 1772 2737 his

212 2772 355 2810 verbis
388 2771 674 2817 (270—275):

362 2847 405 2884 Si
439 2848 517 2896 est,
551 2847 714 2895 patrue,
750 2846 919 2894 culpam
951 2847 1000 2884 ut
1030 2847 1220 2895 Antipho
1252 2848 1296 2886 in
1328 2859 1374 2887 se
1406 2850 1629 2889 admiserit

362 2922 425 2960 Ex
457 2932 541 2969 qua
571 2931 616 2959 re
648 2921 792 2959 minus
824 2921 884 2959 rei
915 2921 1025 2960 foret
1055 2924 1131 2960 aut
1160 2923 1302 2962 famae
1333 2925 1592 2975 temperans,
