2034 3334
932 235 990 282 '73

165 362 358 405 sensibus
398 361 643 404 blandiatur
683 360 1015 403 adolescentium
1047 361 1236 403 carmina
1270 373 1346 402 sua
1378 360 1584 405 amatoria
1614 359 1761 402 scribit

167 432 348 476 Ovidius
391 447 529 488 neque
569 436 619 475 ut
648 433 703 474 iis
739 433 853 474 viam
885 431 938 474 ad
971 430 1093 474 dulce
1127 430 1300 473 Veneris
1331 433 1542 473 monstret
1573 431 1763 472 ministe-

166 505 281 546 rium
314 528 370 535 -
401 503 464 545 nil
503 518 610 559 opus
642 502 730 545 11118
764 503 954 545 moribus
987 502 1066 544 tali
1098 500 1329 558 magistro!
1365 527 1421 533 —
1453 501 1555 544 huic
1586 501 1665 544 soli
1697 503 1759 544 rei

164 574 227 616 ibi
251 587 416 630 quoque
444 574 516 616 dat
543 587 715 630 operam
742 577 793 614 ut
820 586 1097 629 quaecunque
1124 572 1174 614 de
1201 572 1277 614 1110
1304 575 1560 628 argumento
1588 576 1629 614 et
1646 571 1759 614 dicta

165 645 252 686 sint
285 643 389 686 olim
422 648 464 686 et
497 645 669 685 0111111110
703 643 787 685 11101
817 644 981 699 possint
1013 657 1141 698 quam
1175 641 1491 699 elegantissime
1518 646 1692 685 exornet
1717 646 1761 684 et

165 727 294 770 quam
334 715 556 770 aptissime
595 713 803 769 disponat.
846 712 939 764 Sic,
974 716 1024 754 ut
1055 727 1106 755 ex
1137 714 1349 755 immensa
1380 715 1502 769 copia
1533 727 1670 754 unum
1703 712 1759 754 af-

165 784 322 835 feram,
367 798 466 826 cum
508 783 705 826 dominae
750 797 849 825 suae
893 782 1093 825 ancillam
1137 781 1417 839 Cypassidem
1450 797 1494 825 80
1525 782 1756 825 sollicitare

164 852 312 910 fingit,
354 858 583 911 postquam
625 850 770 895 multav
795 855 834 895 ei
876 857 940 895 est
971 852 1214 909 pollicitus,
1246 854 1290 894 in
1322 853 1404 895 fine
1435 851 1757 895 haec’minatur

169 922 287 977 (Am.
319 924 352 976 Ι,
387 924 428 975 8,
463 924 683 978 25-28);

348 995 467 1048 Quod
501 997 536 1037 si
569 995 702 1038 stulta
733 1009 886 1052 negas,
921 995 1047 1037 index
1081 998 1271 1037 anteacta
1302 994 1467 1037 fatebor

406 1065 462 1107 Et
494 1066 663 1108 veniam
697 1065 845 1120 culpae
879 1064 1071 1121 proditor
1101 1066 1191 1121 ipse
1221 1078 1363 1115 meae,

346 1135 520 1191 Quoque
553 1135 647 1178 loco
679 1141 822 1178 tecum
857 1136 1014 1178 fuerim
1047 1137 1319 1191 quotiesque,
1355 1134 1558 1192 Cypassi,

405 1206 594 1248 Narrabo
626 1206 846 1256 dominae,
880 1209 1067 1262 quotque
1100 1206 1339 1261 quibusque
1372 1206 1523 1249 modis,

184 1273 187 1275 ’
226 1276 562 1332 Lepidissimum
590 1291 680 1319 esse
707 1276 852 1318 locum
879 1277 992 1318 hunc
1016 1275 1199 1319 libenter
1224 1277 1513 1327 concedimus,
1545 1276 1616 1318 sed
1635 1276 1759 1318 locum

165 1360 255 1389 esse
287 1351 329 1389 01
349 1347 458 1402 finqi
492 1351 628 1389 totam
660 1346 783 1388 illam
814 1346 1163 1389 sollicitationem
1195 1361 1270 1403 pro
1303 1350 1417 1389 certo
1449 1348 1629 1398 scimus,
1659 1361 1757 1388 cum

163 1417 208 1459 in
251 1416 332 1459 fine
376 1418 632 1473 pentametri
669 1421 711 1459 et
743 1417 856 1472 apud
889 1417 1022 1459 alium
1055 1421 1225 1473 poetam
1258 1416 1410 1460 0111110
1443 1417 1662 1473 aequalem
1694 1418 1757 1458 in-

164 1489 363 1530 venimus
397 1487 558 1543 aliquid
591 1488 704 1543 quod
735 1488 786 1530 ab
818 1487 894 1530 1110
926 1492 1094 1543 quotque
1123 1489 1338 1544 quibusque
1368 1488 1494 1529 modis
1527 1489 1598 1529 vix
1639 1487 1757 1543 quid-

165 1571 293 1614 quam
326 1558 548 1614 discrepet.
582 1558 762 1615 Legitur
794 1562 937 1600 autem
971 1558 1084 1614 apud
1115 1557 1335 1600 Tibullum
1367 1557 1438 1610 (11,
1474 1557 1514 1609 6,
1535 1557 1632 1609 52„

344 1627 463 1671 Tunc
492 1630 653 1671 morior
685 1630 821 1679 curis,
855 1632 957 1671 tunc
989 1643 1109 1671 mens
1141 1629 1252 1671 mihi
1283 1628 1447 1685 perdita
1479 1628 1605 1685 fingit

405 1699 562 1751 Quisve
594 1713 735 1742 meam
768 1702 932 1750 teneat,
965 1703 1069 1755 quot
1101 1702 1294 1742 teneatve
1326 1699 1478 1741 modis.

222 1769 271 1811 In
303 1770 406 1812 Arte
431 1784 531 1812 vero
557 1770 637 1812 hoc
665 1784 707 1812 se
734 1771 985 1826 praesertim
1014 1773 1203 1826 spectare
1231 1773 1281 1811 ut
1306 1769 1417 1811 nihil
1444 1770 1618 1811 omittat
1643 1769 1756 1824 quod

161 1841 208 1882 in
248 1840 405 1882 chartis
447 1844 574 1896 atque
615 1842 661 1882 111
703 1842 910 1883 memoria
953 1840 1174 1882 conditum
1215 1841 1392 1891 habeat,
1426 1840 1498 1882 sed
1530 1844 1580 1881 ut
1614 1841 1755 1882 omnia

162 1924 292 1967 quam
323 1912 624 1953 venustissime
651 1911 788 1953 tribus
813 1910 902 1953 11118
929 1911 1257 1966 comprehendat
1285 1910 1577 1954 voluminibus
1604 1910 1758 1952 diserte

163 1984 347 2023 testatur
376 1983 492 2037 ipse,
523 1981 651 2036 idque
682 1982 728 2022 in
759 1983 964 2036 cuiusque
994 1980 1096 2023 libri
1128 1981 1233 2023 fine:

284 2050 304 2093 I
345 2050 449 2093 Pars
482 2054 653 2106 superat
686 2052 846 2106 coepti,
880 2064 978 2106 pars
1011 2053 1076 2093 est
1105 2051 1309 2092 exhausta
1339 2050 1492 2092 laboris
1502 2064 1512 2101 ;

406 2120 491 2163 Hic
522 2124 663 2162 teneat
694 2123 859 2162 nostras
891 2134 1041 2162 ancora
1071 2121 1182 2162 iacta
1212 2123 1337 2162 rates.

264 2189 305 2232 II
335 2187 464 2239 Ecce,
498 2194 652 2247 rogant
682 2194 871 2241 tenerae,
906 2190 987 2232 sibi
1019 2190 1115 2232 dem
1147 2194 1370 2246 praecepta
1400 2189 1590 2246 puellae:

407 2260 490 2303 Vos
522 2262 641 2303 eritis
672 2260 840 2303 chartae
873 2262 1069 2316 proxima
1101 2274 1201 2302 cura
1232 2259 1375 2302 meae!

251 2330 314 2373 III
346 2331 487 2373 Lusus
518 2331 645 2373 habet
677 2329 827 2372 finem!
862 2332 1015 2387 cygnis
1047 2330 1294 2372 descendere
1326 2334 1520 2386 tempus,

407 2401 632 2444 Duxerunt
665 2399 772 2443 collo
804 2402 879 2456 qui
908 2402 1012 2456 iuga
1043 2404 1185 2443 nostra
1217 2414 1307 2442 suo.

344 2471 404 2514 Ut
435 2471 648 2527 quondam
681 2472 878 2521 iuvenes,
912 2472 974 2512 ita
1004 2484 1138 2520 nunc,
1172 2484 1268 2512 mea
1300 2471 1447 2521 turba,
1481 2469 1648 2525 puellae

404 2541 643 2583 Inscribant
675 2539 845 2596 spoliis:
882 2539 1023 2590 „Naso
1056 2542 1264 2596 magister
1296 2540 1428 2582 erat''.

164 2611 348 2664 Quaeso,
393 2615 539 2654 utrum
582 2610 691 2653 levis
732 2609 965 2666 lascivique
1008 2613 1158 2665 poetae
1198 2611 1280 2651 ista
1321 2614 1420 2652 sunt
1453 2623 1504 2651 an
1537 2609 1757 2666 diligentis

167 2686 209 2724 et
239 2679 470 2724 industrii?

225 2751 394 2807 Ubique
425 2753 465 2793 ei
496 2753 594 2792 ante
627 2748 772 2792 oculos
805 2752 891 2791 stat
923 2763 1007 2791 non
1038 2748 1183 2791 Venus
1215 2749 1287 2791 sed

614 2820 852 2875 imparibus
885 2822 1005 2861 vecta
1035 2817 1187 2860 Thalia
1219 2820 1322 2861 rotis

163 2893 192 2934 i.
211 2906 246 2934 e.
280 2891 357 2934 dea
388 2891 465 2933 illa
497 2904 603 2946 quae
634 2892 677 2932 in
711 2889 857 2931 scholis
888 2889 1130 2939 rhetorum,
1164 2888 1259 2939 101,
1294 2890 1407 2945 quod
1438 2890 1586 2932 eodem
1619 2890 1751 2939 redit,

167 2967 391 3017 poetarum
423 2960 591 3003 colitur.
639 2959 806 3016 Ubique
838 2961 1003 3015 quaerit
1035 2959 1246 3015 quomodo
1281 2973 1392 3002 novo
1426 2962 1542 3015 operi
1573 2962 1756 3002 inserere
