<?xml version="1.0" encoding="UTF-8"?>
<!DOCTYPE html PUBLIC "-//W3C//DTD XHTML 1.0 Transitional//EN"
    "http://www.w3.org/TR/xhtml1/DTD/xhtml1-transitional.dtd">
<html xmlns="http://www.w3.org/1999/xhtml" xml:lang="en" lang="en">
 <head>
  <title>
</title>
<meta http-equiv="Content-Type" content="text/html;charset=utf-8" />
  <meta name='ocr-system' content='tesseract 3.04.00' />
  <meta name='ocr-capabilities' content='ocr_page ocr_carea ocr_par ocr_line ocrx_word'/>
</head>
<body>
  <div class='ocr_page' id='page_1' title='image "./dehoratiopota00hartuoft_0553.png"; bbox 0 0 2034 3334; ppageno 0'>
   <div class='ocr_carea' id='block_1_1' title="bbox 0 0 208 3334">
    <p class='ocr_par' dir='ltr' id='par_1_1' title="bbox 0 0 208 3334">
     <span class='ocr_line' id='line_1_1' title="bbox 0 0 208 3334; baseline 0 0"><span class='ocrx_word' id='word_1_1' title='bbox 0 0 208 3334; x_wconf 95' lang='lat' dir='ltr'> </span> 
     </span>
    </p>
   </div>
   <div class='ocr_carea' id='block_1_2' title="bbox 960 377 1043 416">
    <p class='ocr_par' dir='ltr' id='par_1_2' title="bbox 960 377 1043 416">
     <span class='ocr_line' id='line_1_2' title="bbox 960 377 1043 416; baseline 0 -1"><span class='ocrx_word' id='word_1_2' title='bbox 960 377 1043 416; x_wconf 84' lang='lat'>169</span> 
     </span>
    </p>
   </div>
   <div class='ocr_carea' id='block_1_3' title="bbox 215 501 1781 779">
    <p class='ocr_par' dir='ltr' id='par_1_3' title="bbox 215 501 1781 779">
     <span class='ocr_line' id='line_1_3' title="bbox 216 501 1780 551; baseline 0 -11"><span class='ocrx_word' id='word_1_3' title='bbox 216 502 415 551; x_wconf 87' lang='lat' dir='ltr'>loquitur,</span> <span class='ocrx_word' id='word_1_4' title='bbox 448 503 597 541; x_wconf 88' lang='lat' dir='ltr'>tamen</span> <span class='ocrx_word' id='word_1_5' title='bbox 629 503 728 550; x_wconf 89' lang='lat' dir='ltr'>quid</span> <span class='ocrx_word' id='word_1_6' title='bbox 761 503 872 541; x_wconf 88' lang='lat' dir='ltr'>sibi</span> <span class='ocrx_word' id='word_1_7' title='bbox 899 503 1092 541; x_wconf 76' lang='lat' dir='ltr'>evenerit</span> <span class='ocrx_word' id='word_1_8' title='bbox 1118 513 1167 541; x_wconf 93' lang='lat' dir='ltr'>eo</span> <span class='ocrx_word' id='word_1_9' title='bbox 1194 503 1484 550; x_wconf 85' lang='lat' dir='ltr'>demonstrat;</span> <span class='ocrx_word' id='word_1_10' title='bbox 1512 501 1610 540; x_wconf 89' lang='lat' dir='ltr'>inde</span> <span class='ocrx_word' id='word_1_11' title='bbox 1626 501 1780 540; x_wconf 87' lang='lat' dir='ltr'>flebilis</span> 
     </span>
     <span class='ocr_line' id='line_1_4' title="bbox 217 577 1780 627; baseline -0.001 -9"><span class='ocrx_word' id='word_1_12' title='bbox 217 579 392 618; x_wconf 78' lang='lat' dir='ltr'>exsistit</span> <span class='ocrx_word' id='word_1_13' title='bbox 432 578 579 627; x_wconf 86' lang='lat' dir='ltr'>oratio,</span> <span class='ocrx_word' id='word_1_14' title='bbox 622 579 832 627; x_wconf 83' lang='lat' dir='ltr'>planeque</span> <span class='ocrx_word' id='word_1_15' title='bbox 873 578 1044 618; x_wconf 84' lang='lat' dir='ltr'>diversa</span> <span class='ocrx_word' id='word_1_16' title='bbox 1086 579 1138 618; x_wconf 90' lang='lat' dir='ltr'>ab</span> <span class='ocrx_word' id='word_1_17' title='bbox 1176 589 1237 627; x_wconf 90' lang='lat' dir='ltr'>ea,</span> <span class='ocrx_word' id='word_1_18' title='bbox 1271 588 1355 626; x_wconf 88' lang='lat' dir='ltr'>qua</span> <span class='ocrx_word' id='word_1_19' title='bbox 1386 588 1516 626; x_wconf 88' lang='lat' dir='ltr'>supra</span> <span class='ocrx_word' id='word_1_20' title='bbox 1546 577 1598 616; x_wconf 90' lang='lat' dir='ltr'>de</span> <span class='ocrx_word' id='word_1_21' title='bbox 1629 577 1780 616; x_wconf 88' lang='lat' dir='ltr'>eadem</span> 
     </span>
     <span class='ocr_line' id='line_1_5' title="bbox 215 652 1780 703; baseline -0.001 -10"><span class='ocrx_word' id='word_1_22' title='bbox 215 665 262 693; x_wconf 91' lang='lat' dir='ltr'>re</span> <span class='ocrx_word' id='word_1_23' title='bbox 303 656 448 694; x_wconf 87' lang='lat' dir='ltr'>actum</span> <span class='ocrx_word' id='word_1_24' title='bbox 497 655 584 693; x_wconf 89' lang='lat' dir='ltr'>est:</span> <span class='ocrx_word' id='word_1_25' title='bbox 633 654 703 693; x_wconf 88' lang='lat' dir='ltr'>hic</span> <span class='ocrx_word' id='word_1_26' title='bbox 749 654 865 693; x_wconf 87' lang='lat' dir='ltr'>enim</span> <span class='ocrx_word' id='word_1_27' title='bbox 911 655 1007 694; x_wconf 94' lang='lat' dir='ltr'>leno</span> <span class='ocrx_word' id='word_1_28' title='bbox 1050 655 1167 694; x_wconf 90' lang='lat' dir='ltr'>solus</span> <span class='ocrx_word' id='word_1_29' title='bbox 1209 654 1438 703; x_wconf 80' lang='lat' dir='ltr'>loquitur.”</span> <span class='ocrx_word' id='word_1_30' title='bbox 1481 653 1592 692; x_wconf 91' lang='lat' dir='ltr'>Hoc</span> <span class='ocrx_word' id='word_1_31' title='bbox 1634 652 1780 692; x_wconf 90' lang='lat' dir='ltr'>enim</span> 
     </span>
     <span class='ocr_line' id='line_1_6' title="bbox 217 722 1781 779; baseline -0.001 -10"><span class='ocrx_word' id='word_1_32' title='bbox 217 730 560 779; x_wconf 77' lang='lat' dir='ltr'>exprimitur</span> <span class='ocrx_word' id='word_1_33' title='bbox 591 741 741 769; x_wconf 86' lang='lat' dir='ltr'>vereor</span> <span class='ocrx_word' id='word_1_34' title='bbox 772 731 821 769; x_wconf 92' lang='lat' dir='ltr'>ut</span> <span class='ocrx_word' id='word_1_35' title='bbox 852 741 1008 770; x_wconf 89' lang='lat' dir='ltr'>sanum</span> <span class='ocrx_word' id='word_1_36' title='bbox 1041 730 1110 770; x_wconf 90' lang='lat' dir='ltr'>sit.</span> <span class='ocrx_word' id='word_1_37' title='bbox 1780 722 1781 725; x_wconf 58' lang='grc'>’</span> 
     </span>
    </p>
   </div>
   <div class='ocr_carea' id='block_1_4' title="bbox 182 879 1783 2977">
    <p class='ocr_par' dir='ltr' id='par_1_4' title="bbox 214 879 1778 1003">
     <span class='ocr_line' id='line_1_7' title="bbox 274 879 1778 930; baseline -0.001 -11"><span class='ocrx_word' id='word_1_38' title='bbox 274 880 327 930; x_wconf 91' lang='grc' dir='ltr'>ΙΙ,</span> <span class='ocrx_word' id='word_1_39' title='bbox 363 881 401 930; x_wconf 82' lang='lat'>2,</span> <span class='ocrx_word' id='word_1_40' title='bbox 440 881 476 919; x_wconf 85' lang='lat'>1.</span> <span class='ocrx_word' id='word_1_41' title='bbox 510 890 573 928; x_wconf 86' lang='lat' dir='ltr'>sq.</span> <span class='ocrx_word' id='word_1_42' title='bbox 607 879 687 918; x_wconf 89' lang='lat' dir='ltr'>His</span> <span class='ocrx_word' id='word_1_43' title='bbox 720 879 862 919; x_wconf 87' lang='lat' dir='ltr'>verbis</span> <span class='ocrx_word' id='word_1_44' title='bbox 896 879 1199 929; x_wconf 85' lang='lat' dir='ltr'>Ctesiphonem</span> <span class='ocrx_word' id='word_1_45' title='bbox 1231 879 1398 919; x_wconf 88' lang='lat' dir='ltr'>lenonis</span> <span class='ocrx_word' id='word_1_46' title='bbox 1424 879 1662 918; x_wconf 87' lang='lat' dir='ltr'>vindictam</span> <span class='ocrx_word' id='word_1_47' title='bbox 1692 889 1778 918; x_wconf 90' lang='lat' dir='ltr'>me-</span> 
     </span>
     <span class='ocr_line' id='line_1_8' title="bbox 214 955 859 1003; baseline 0 -9"><span class='ocrx_word' id='word_1_48' title='bbox 214 956 411 995; x_wconf 75' lang='lat' dir='ltr'>tuentem</span> <span class='ocrx_word' id='word_1_49' title='bbox 443 955 670 994; x_wconf 87' lang='lat' dir='ltr'>confirmat</span> <span class='ocrx_word' id='word_1_50' title='bbox 702 955 859 1003; x_wconf 81' lang='lat' dir='ltr'>syrus:</span> 
     </span>
    </p>

    <p class='ocr_par' dir='ltr' id='par_1_5' title="bbox 333 1030 1777 1081">
     <span class='ocr_line' id='line_1_9' title="bbox 333 1030 1777 1081; baseline 0 -11"><span class='ocrx_word' id='word_1_51' title='bbox 333 1031 456 1081; x_wconf 83' lang='lat' dir='ltr'>Tace,</span> <span class='ocrx_word' id='word_1_52' title='bbox 491 1032 662 1079; x_wconf 86' lang='lat' dir='ltr'>egomet</span> <span class='ocrx_word' id='word_1_53' title='bbox 688 1031 943 1070; x_wconf 83' lang='lat' dir='ltr'>conveniam</span> <span class='ocrx_word' id='word_1_54' title='bbox 971 1030 1059 1070; x_wconf 89' lang='lat' dir='ltr'>iam</span> <span class='ocrx_word' id='word_1_55' title='bbox 1085 1031 1251 1080; x_wconf 88' lang='lat' dir='ltr'>ipsum:</span> <span class='ocrx_word' id='word_1_56' title='bbox 1281 1031 1429 1079; x_wconf 89' lang='lat' dir='ltr'>cupide</span> <span class='ocrx_word' id='word_1_57' title='bbox 1457 1030 1639 1079; x_wconf 89' lang='lat' dir='ltr'>accipiat</span> <span class='ocrx_word' id='word_1_58' title='bbox 1664 1031 1777 1080; x_wconf 82' lang='lat' dir='ltr'>faxo,</span> 
     </span>
    </p>

    <p class='ocr_par' dir='ltr' id='par_1_6' title="bbox 1404 1106 1714 1155">
     <span class='ocr_line' id='line_1_10' title="bbox 1404 1106 1714 1155; baseline -0.003 -10"><span class='ocrx_word' id='word_1_59' title='bbox 1404 1107 1548 1155; x_wconf 89' lang='lat' dir='ltr'>[atque</span> <span class='ocrx_word' id='word_1_60' title='bbox 1581 1106 1714 1145; x_wconf 90' lang='lat' dir='ltr'>etiam</span> 
     </span>
    </p>

    <p class='ocr_par' dir='ltr' id='par_1_7' title="bbox 188 1182 1780 1680">
     <span class='ocr_line' id='line_1_11' title="bbox 333 1182 1095 1222; baseline 0 -1"><span class='ocrx_word' id='word_1_61' title='bbox 333 1183 448 1222; x_wconf 90' lang='lat' dir='ltr'>Bene</span> <span class='ocrx_word' id='word_1_62' title='bbox 481 1182 595 1221; x_wconf 88' lang='lat' dir='ltr'>dicat</span> <span class='ocrx_word' id='word_1_63' title='bbox 626 1192 775 1221; x_wconf 89' lang='lat' dir='ltr'>secum</span> <span class='ocrx_word' id='word_1_64' title='bbox 809 1192 904 1221; x_wconf 88' lang='lat' dir='ltr'>esse</span> <span class='ocrx_word' id='word_1_65' title='bbox 937 1183 1095 1221; x_wconf 90' lang='lat' dir='ltr'>actum.</span> 
     </span>
     <span class='ocr_line' id='line_1_12' title="bbox 213 1259 1779 1308; baseline 0 -11"><span class='ocrx_word' id='word_1_66' title='bbox 213 1259 358 1298; x_wconf 91' lang='lat' dir='ltr'>Bene</span> <span class='ocrx_word' id='word_1_67' title='bbox 390 1259 543 1298; x_wconf 87' lang='lat' dir='ltr'>dicat</span> <span class='ocrx_word' id='word_1_68' title='bbox 574 1269 761 1298; x_wconf 90' lang='lat' dir='ltr'>secum</span> <span class='ocrx_word' id='word_1_69' title='bbox 794 1269 918 1298; x_wconf 90' lang='lat' dir='ltr'>esse</span> <span class='ocrx_word' id='word_1_70' title='bbox 951 1260 1161 1305; x_wconf 89' lang='lat' dir='ltr'>actum]</span> <span class='ocrx_word' id='word_1_71' title='bbox 1201 1260 1413 1308; x_wconf 90' lang='lat' dir='ltr'>„actum</span> <span class='ocrx_word' id='word_1_72' title='bbox 1444 1259 1559 1298; x_wconf 89' lang='lat' dir='ltr'>recte</span> <span class='ocrx_word' id='word_1_73' title='bbox 1586 1259 1779 1298; x_wconf 89' lang='lat' dir='ltr'>additum</span> 
     </span>
     <span class='ocr_line' id='line_1_13' title="bbox 214 1334 1778 1384; baseline -0.001 -10"><span class='ocrx_word' id='word_1_74' title='bbox 214 1335 323 1374; x_wconf 89' lang='lat' dir='ltr'>est.”</span> <span class='ocrx_word' id='word_1_75' title='bbox 371 1334 566 1373; x_wconf 84' lang='lat' dir='ltr'>Primum</span> <span class='ocrx_word' id='word_1_76' title='bbox 613 1334 783 1374; x_wconf 83' lang='lat' dir='ltr'>scholii.</span> <span class='ocrx_word' id='word_1_77' title='bbox 812 1335 993 1373; x_wconf 83' lang='lat' dir='ltr'>verbum</span> <span class='ocrx_word' id='word_1_78' title='bbox 1036 1335 1179 1384; x_wconf 88' lang='lat' dir='ltr'>inepte</span> <span class='ocrx_word' id='word_1_79' title='bbox 1221 1345 1244 1374; x_wconf 92' lang='lat' dir='ltr'>e</span> <span class='ocrx_word' id='word_1_80' title='bbox 1285 1334 1492 1374; x_wconf 92' lang='lat' dir='ltr'>lemmate</span> <span class='ocrx_word' id='word_1_81' title='bbox 1533 1334 1778 1383; x_wconf 88' lang='lat' dir='ltr'>repetitum.</span> 
     </span>
     <span class='ocr_line' id='line_1_14' title="bbox 213 1410 1778 1460; baseline 0.001 -12"><span class='ocrx_word' id='word_1_82' title='bbox 213 1411 365 1450; x_wconf 81' lang='lat' dir='ltr'>Verbis</span> <span class='ocrx_word' id='word_1_83' title='bbox 407 1411 522 1450; x_wconf 90' lang='lat' dir='ltr'>enim</span> <span class='ocrx_word' id='word_1_84' title='bbox 559 1421 668 1458; x_wconf 86' lang='lat' dir='ltr'>quae</span> <span class='ocrx_word' id='word_1_85' title='bbox 699 1412 960 1459; x_wconf 90' lang='lat' dir='ltr'>sequuntur:</span> <span class='ocrx_word' id='word_1_86' title='bbox 999 1422 1128 1460; x_wconf 87' lang='lat' dir='ltr'>„nam</span> <span class='ocrx_word' id='word_1_87' title='bbox 1158 1411 1298 1450; x_wconf 88' lang='lat' dir='ltr'>multa</span> <span class='ocrx_word' id='word_1_88' title='bbox 1329 1411 1462 1450; x_wconf 90' lang='lat' dir='ltr'>etiam</span> <span class='ocrx_word' id='word_1_89' title='bbox 1493 1410 1643 1459; x_wconf 88' lang='lat' dir='ltr'>cupide</span> <span class='ocrx_word' id='word_1_90' title='bbox 1674 1410 1778 1449; x_wconf 89' lang='lat' dir='ltr'>acci-</span> 
     </span>
     <span class='ocr_line' id='line_1_15' title="bbox 188 1486 1778 1538; baseline -0.001 -13"><span class='ocrx_word' id='word_1_91' title='bbox 188 1486 368 1538; x_wconf 87' lang='lat' dir='ltr'>pimus,</span> <span class='ocrx_word' id='word_1_92' title='bbox 419 1486 481 1525; x_wconf 89' lang='lat' dir='ltr'>ita</span> <span class='ocrx_word' id='word_1_93' title='bbox 526 1488 676 1525; x_wconf 91' lang='lat' dir='ltr'>tamen</span> <span class='ocrx_word' id='word_1_94' title='bbox 721 1487 770 1525; x_wconf 90' lang='lat' dir='ltr'>ut</span> <span class='ocrx_word' id='word_1_95' title='bbox 816 1487 931 1525; x_wconf 90' lang='lat' dir='ltr'>male</span> <span class='ocrx_word' id='word_1_96' title='bbox 974 1486 1199 1530; x_wconf 87' lang='lat' dir='ltr'>nobiscum</span> <span class='ocrx_word' id='word_1_97' title='bbox 1242 1497 1336 1526; x_wconf 90' lang='lat' dir='ltr'>esse</span> <span class='ocrx_word' id='word_1_98' title='bbox 1379 1486 1573 1525; x_wconf 88' lang='lat' dir='ltr'>dicamus</span> <span class='ocrx_word' id='word_1_99' title='bbox 1604 1486 1778 1525; x_wconf 87' lang='lat' dir='ltr'>actum”</span> 
     </span>
     <span class='ocr_line' id='line_1_16' title="bbox 213 1562 1780 1602; baseline -0.001 0"><span class='ocrx_word' id='word_1_100' title='bbox 213 1563 535 1602; x_wconf 88' lang='lat' dir='ltr'>demonstratur</span> <span class='ocrx_word' id='word_1_101' title='bbox 590 1573 675 1602; x_wconf 92' lang='lat' dir='ltr'>non</span> <span class='ocrx_word' id='word_1_102' title='bbox 722 1564 908 1602; x_wconf 90' lang='lat' dir='ltr'>actum</span> <span class='ocrx_word' id='word_1_103' title='bbox 957 1565 1072 1602; x_wconf 87' lang='lat' dir='ltr'>recte</span> <span class='ocrx_word' id='word_1_104' title='bbox 1120 1573 1215 1602; x_wconf 89' lang='lat' dir='ltr'>esse</span> <span class='ocrx_word' id='word_1_105' title='bbox 1263 1563 1457 1602; x_wconf 87' lang='lat' dir='ltr'>additum</span> <span class='ocrx_word' id='word_1_106' title='bbox 1513 1562 1588 1601; x_wconf 88' lang='lat' dir='ltr'>sed</span> <span class='ocrx_word' id='word_1_107' title='bbox 1643 1562 1780 1602; x_wconf 90' lang='lat' dir='ltr'>bene</span> 
     </span>
     <span class='ocr_line' id='line_1_17' title="bbox 213 1641 1005 1680; baseline -0.001 -1"><span class='ocrx_word' id='word_1_108' title='bbox 213 1641 366 1680; x_wconf 90' lang='lat' dir='ltr'>dicat</span> <span class='ocrx_word' id='word_1_109' title='bbox 409 1650 598 1679; x_wconf 87' lang='lat' dir='ltr'>secum</span> <span class='ocrx_word' id='word_1_110' title='bbox 641 1650 766 1679; x_wconf 88' lang='lat' dir='ltr'>esse</span> <span class='ocrx_word' id='word_1_111' title='bbox 808 1641 1005 1679; x_wconf 89' lang='lat' dir='ltr'>actum.</span> 
     </span>
    </p>

    <p class='ocr_par' dir='ltr' id='par_1_8' title="bbox 182 1714 1782 2370">
     <span class='ocr_line' id='line_1_18' title="bbox 274 1714 1779 1766; baseline -0.001 -11"><span class='ocrx_word' id='word_1_112' title='bbox 274 1716 312 1755; x_wconf 83' lang='lat'>2.</span> <span class='ocrx_word' id='word_1_113' title='bbox 346 1714 457 1755; x_wconf 85' lang='lat' dir='ltr'>Tum</span> <span class='ocrx_word' id='word_1_114' title='bbox 489 1717 541 1754; x_wconf 91' lang='lat' dir='ltr'>ad</span> <span class='ocrx_word' id='word_1_115' title='bbox 572 1717 773 1755; x_wconf 91' lang='lat' dir='ltr'>lenonem</span> <span class='ocrx_word' id='word_1_116' title='bbox 807 1726 1062 1755; x_wconf 87' lang='lat' dir='ltr'>conversus:</span> <span class='ocrx_word' id='word_1_117' title='bbox 1097 1716 1230 1766; x_wconf 80' lang='lat' dir='ltr'>„Quid</span> <span class='ocrx_word' id='word_1_118' title='bbox 1257 1716 1370 1754; x_wconf 91' lang='lat' dir='ltr'>istuc</span> <span class='ocrx_word' id='word_1_119' title='bbox 1397 1715 1554 1754; x_wconf 80' lang='lat' dir='ltr'>Sannio</span> <span class='ocrx_word' id='word_1_120' title='bbox 1582 1726 1617 1754; x_wconf 93' lang='lat' dir='ltr'>e.</span> <span class='ocrx_word' id='word_1_121' title='bbox 1647 1726 1686 1764; x_wconf 85' lang='lat' dir='ltr'>q.</span> <span class='ocrx_word' id='word_1_122' title='bbox 1715 1716 1779 1754; x_wconf 85' lang='lat' dir='ltr'>s.”</span> 
     </span>
     <span class='ocr_line' id='line_1_19' title="bbox 213 1791 1780 1841; baseline 0 -11"><span class='ocrx_word' id='word_1_123' title='bbox 213 1791 286 1830; x_wconf 87' lang='lat' dir='ltr'>ait.</span> <span class='ocrx_word' id='word_1_124' title='bbox 335 1791 498 1831; x_wconf 84' lang='lat' dir='ltr'>Schol.:</span> <span class='ocrx_word' id='word_1_125' title='bbox 551 1791 682 1841; x_wconf 85' lang='lat' dir='ltr'>„Vide</span> <span class='ocrx_word' id='word_1_126' title='bbox 729 1802 860 1840; x_wconf 87' lang='lat' dir='ltr'>quam</span> <span class='ocrx_word' id='word_1_127' title='bbox 907 1792 1127 1841; x_wconf 80' lang='lat' dir='ltr'>ingeniose</span> <span class='ocrx_word' id='word_1_128' title='bbox 1172 1791 1410 1840; x_wconf 77' lang='lat' dir='ltr'>Terentius,</span> <span class='ocrx_word' id='word_1_129' title='bbox 1454 1791 1526 1839; x_wconf 86' lang='lat' dir='ltr'>qui</span> <span class='ocrx_word' id='word_1_130' title='bbox 1567 1802 1697 1840; x_wconf 90' lang='lat' dir='ltr'>supra</span> <span class='ocrx_word' id='word_1_131' title='bbox 1729 1791 1780 1830; x_wconf 90' lang='lat' dir='ltr'>ab</span> 
     </span>
     <span class='ocr_line' id='line_1_20' title="bbox 212 1867 1780 1917; baseline 0 -11"><span class='ocrx_word' id='word_1_132' title='bbox 212 1867 427 1906; x_wconf 84' lang='lat' dir='ltr'>Aeschino</span> <span class='ocrx_word' id='word_1_133' title='bbox 474 1867 641 1906; x_wconf 89' lang='lat' dir='ltr'>lenonis</span> <span class='ocrx_word' id='word_1_134' title='bbox 685 1867 859 1906; x_wconf 90' lang='lat' dir='ltr'>nomine</span> <span class='ocrx_word' id='word_1_135' title='bbox 900 1868 1004 1906; x_wconf 87' lang='lat' dir='ltr'>facit</span> <span class='ocrx_word' id='word_1_136' title='bbox 1046 1867 1307 1907; x_wconf 83' lang='lat' dir='ltr'>Sannionem</span> <span class='ocrx_word' id='word_1_137' title='bbox 1348 1867 1505 1917; x_wconf 89' lang='lat' dir='ltr'>vocari,</span> <span class='ocrx_word' id='word_1_138' title='bbox 1548 1868 1697 1916; x_wconf 89' lang='lat' dir='ltr'>utpote</span> <span class='ocrx_word' id='word_1_139' title='bbox 1729 1868 1780 1906; x_wconf 91' lang='lat' dir='ltr'>ab</span> 
     </span>
     <span class='ocr_line' id='line_1_21' title="bbox 213 1942 1782 1992; baseline 0.001 -12"><span class='ocrx_word' id='word_1_140' title='bbox 213 1942 387 1981; x_wconf 91' lang='lat' dir='ltr'>homine</span> <span class='ocrx_word' id='word_1_141' title='bbox 430 1942 648 1991; x_wconf 86' lang='lat' dir='ltr'>arroganti</span> <span class='ocrx_word' id='word_1_142' title='bbox 690 1944 733 1981; x_wconf 89' lang='lat' dir='ltr'>et</span> <span class='ocrx_word' id='word_1_143' title='bbox 774 1943 904 1982; x_wconf 87' lang='lat' dir='ltr'>feroci</span> <span class='ocrx_word' id='word_1_144' title='bbox 942 1943 993 1982; x_wconf 90' lang='lat' dir='ltr'>ob</span> <span class='ocrx_word' id='word_1_145' title='bbox 1027 1944 1217 1982; x_wconf 90' lang='lat' dir='ltr'>aetatem</span> <span class='ocrx_word' id='word_1_146' title='bbox 1249 1944 1292 1982; x_wconf 94' lang='lat' dir='ltr'>et</span> <span class='ocrx_word' id='word_1_147' title='bbox 1322 1943 1556 1992; x_wconf 84' lang='lat' dir='ltr'>negotium,</span> <span class='ocrx_word' id='word_1_148' title='bbox 1591 1944 1637 1982; x_wconf 91' lang='lat' dir='ltr'>at</span> <span class='ocrx_word' id='word_1_149' title='bbox 1668 1943 1782 1982; x_wconf 91' lang='lat' dir='ltr'>hunc</span> 
     </span>
     <span class='ocr_line' id='line_1_22' title="bbox 211 2018 1782 2058; baseline 0.001 -1"><span class='ocrx_word' id='word_1_150' title='bbox 211 2018 365 2057; x_wconf 83' lang='lat' dir='ltr'>blande</span> <span class='ocrx_word' id='word_1_151' title='bbox 417 2018 829 2058; x_wconf 88' lang='lat' dir='ltr'>circumvenientem</span> <span class='ocrx_word' id='word_1_152' title='bbox 882 2018 1233 2058; x_wconf 85' lang='lat' dir='ltr'>honorificentius</span> <span class='ocrx_word' id='word_1_153' title='bbox 1285 2019 1448 2058; x_wconf 83' lang='lat' dir='ltr'>inducit</span> <span class='ocrx_word' id='word_1_154' title='bbox 1489 2029 1588 2058; x_wconf 90' lang='lat' dir='ltr'>cum</span> <span class='ocrx_word' id='word_1_155' title='bbox 1629 2020 1782 2058; x_wconf 88' lang='lat' dir='ltr'>lenone</span> 
     </span>
     <span class='ocr_line' id='line_1_23' title="bbox 210 2095 1780 2144; baseline 0 -11"><span class='ocrx_word' id='word_1_156' title='bbox 210 2095 327 2144; x_wconf 90' lang='lat' dir='ltr'>loqui</span> <span class='ocrx_word' id='word_1_157' title='bbox 383 2096 426 2134; x_wconf 89' lang='lat' dir='ltr'>et</span> <span class='ocrx_word' id='word_1_158' title='bbox 483 2095 744 2134; x_wconf 85' lang='lat' dir='ltr'>Sannionem</span> <span class='ocrx_word' id='word_1_159' title='bbox 797 2106 896 2134; x_wconf 91' lang='lat' dir='ltr'>eum</span> <span class='ocrx_word' id='word_1_160' title='bbox 943 2097 1140 2135; x_wconf 83' lang='lat' dir='ltr'>vocare.&#39;’</span> <span class='ocrx_word' id='word_1_161' title='bbox 1187 2096 1292 2135; x_wconf 88' lang='lat' dir='ltr'>Post</span> <span class='ocrx_word' id='word_1_162' title='bbox 1336 2096 1626 2144; x_wconf 87' lang='lat' dir='ltr'>negotium</span> <span class='ocrx_word' id='word_1_163' title='bbox 1673 2095 1780 2134; x_wconf 92' lang='lat' dir='ltr'>inse—</span> 
     </span>
     <span class='ocr_line' id='line_1_24' title="bbox 182 2171 1782 2219; baseline 0 -11"><span class='ocrx_word' id='word_1_164' title='bbox 182 2171 394 2219; x_wconf 79' lang='lat' dir='ltr'>‚rendum</span> <span class='ocrx_word' id='word_1_165' title='bbox 449 2171 619 2209; x_wconf 90' lang='lat' dir='ltr'>videtur</span> <span class='ocrx_word' id='word_1_166' title='bbox 672 2171 932 2211; x_wconf 89' lang='lat' dir='ltr'>alienum.</span> <span class='ocrx_word' id='word_1_167' title='bbox 981 2172 1120 2211; x_wconf 85' lang='lat' dir='ltr'>Ferox</span> <span class='ocrx_word' id='word_1_168' title='bbox 1167 2172 1282 2210; x_wconf 90' lang='lat' dir='ltr'>enim</span> <span class='ocrx_word' id='word_1_169' title='bbox 1329 2172 1536 2210; x_wconf 88' lang='lat' dir='ltr'>adversus</span> <span class='ocrx_word' id='word_1_170' title='bbox 1581 2171 1782 2210; x_wconf 88' lang='lat' dir='ltr'>lenonem</span> 
     </span>
     <span class='ocr_line' id='line_1_25' title="bbox 211 2245 1782 2296; baseline 0.001 -12"><span class='ocrx_word' id='word_1_171' title='bbox 211 2245 293 2285; x_wconf 83' lang='lat' dir='ltr'>fuit</span> <span class='ocrx_word' id='word_1_172' title='bbox 348 2246 602 2296; x_wconf 87' lang='lat' dir='ltr'>Aeschinus,</span> <span class='ocrx_word' id='word_1_173' title='bbox 659 2248 701 2285; x_wconf 92' lang='lat' dir='ltr'>et</span> <span class='ocrx_word' id='word_1_174' title='bbox 749 2248 848 2295; x_wconf 91' lang='lat' dir='ltr'>quia</span> <span class='ocrx_word' id='word_1_175' title='bbox 895 2247 1064 2286; x_wconf 86' lang='lat' dir='ltr'>iuvenis</span> <span class='ocrx_word' id='word_1_176' title='bbox 1111 2249 1178 2286; x_wconf 88' lang='lat' dir='ltr'>est</span> <span class='ocrx_word' id='word_1_177' title='bbox 1224 2249 1267 2286; x_wconf 91' lang='lat' dir='ltr'>et</span> <span class='ocrx_word' id='word_1_178' title='bbox 1313 2247 1412 2296; x_wconf 88' lang='lat' dir='ltr'>quia</span> <span class='ocrx_word' id='word_1_179' title='bbox 1457 2257 1542 2286; x_wconf 92' lang='lat' dir='ltr'>non</span> <span class='ocrx_word' id='word_1_180' title='bbox 1588 2257 1667 2286; x_wconf 90' lang='lat' dir='ltr'>sua</span> <span class='ocrx_word' id='word_1_181' title='bbox 1713 2256 1782 2285; x_wconf 88' lang='lat' dir='ltr'>res</span> 
     </span>
     <span class='ocr_line' id='line_1_26' title="bbox 211 2322 430 2370; baseline 0 -10"><span class='ocrx_word' id='word_1_182' title='bbox 211 2322 430 2370; x_wconf 85' lang='lat' dir='ltr'>agebatur.</span> 
     </span>
    </p>

    <p class='ocr_par' dir='ltr' id='par_1_9' title="bbox 273 2398 422 2445">
     <span class='ocr_line' id='line_1_27' title="bbox 273 2398 422 2445; baseline 0.007 -10"><span class='ocrx_word' id='word_1_183' title='bbox 273 2398 298 2435; x_wconf 87' lang='lat'>9</span> <span class='ocrx_word' id='word_1_184' title='bbox 331 2407 422 2445; x_wconf 88' lang='lat' dir='ltr'>sqq.</span> 
     </span>
    </p>

    <p class='ocr_par' dir='ltr' id='par_1_10' title="bbox 213 2473 1783 2977">
     <span class='ocr_line' id='line_1_28' title="bbox 331 2473 1783 2523; baseline 0.002 -12"><span class='ocrx_word' id='word_1_185' title='bbox 331 2473 535 2521; x_wconf 88' lang='lat' dir='ltr'>Metuisti‚</span> <span class='ocrx_word' id='word_1_186' title='bbox 570 2473 608 2511; x_wconf 89' lang='lat' dir='ltr'>si</span> <span class='ocrx_word' id='word_1_187' title='bbox 639 2484 755 2512; x_wconf 90' lang='lat' dir='ltr'>nunc</span> <span class='ocrx_word' id='word_1_188' title='bbox 787 2474 838 2512; x_wconf 91' lang='lat' dir='ltr'>de</span> <span class='ocrx_word' id='word_1_189' title='bbox 869 2475 944 2513; x_wconf 89' lang='lat' dir='ltr'>tuo</span> <span class='ocrx_word' id='word_1_190' title='bbox 972 2474 1062 2513; x_wconf 89' lang='lat' dir='ltr'>iure</span> <span class='ocrx_word' id='word_1_191' title='bbox 1090 2474 1378 2514; x_wconf 89' lang='lat' dir='ltr'>concessisses</span> <span class='ocrx_word' id='word_1_192' title='bbox 1404 2474 1627 2523; x_wconf 88' lang='lat' dir='ltr'>paululum</span> <span class='ocrx_word' id='word_1_193' title='bbox 1654 2476 1783 2523; x_wconf 88' lang='lat' dir='ltr'>atque</span> 
     </span>
     <span class='ocr_line' id='line_1_29' title="bbox 332 2548 1779 2608; baseline 0.003 -22"><span class='ocrx_word' id='word_1_194' title='bbox 332 2548 608 2587; x_wconf 88' lang='lat' dir='ltr'>Adolescenti</span> <span class='ocrx_word' id='word_1_195' title='bbox 635 2559 754 2588; x_wconf 91' lang='lat' dir='ltr'>esses</span> <span class='ocrx_word' id='word_1_196' title='bbox 781 2549 1079 2599; x_wconf 84' lang='lat' dir='ltr'>morigeratus,</span> <span class='ocrx_word' id='word_1_197' title='bbox 1109 2550 1335 2588; x_wconf 92' lang='lat' dir='ltr'>hominum</span> <span class='ocrx_word' id='word_1_198' title='bbox 1362 2550 1490 2608; x_wconf 90' lang='lat' dir='ltr'>homo</span> <span class='ocrx_word' id='word_1_199' title='bbox 1507 2550 1779 2601; x_wconf 89' lang='lat' dir='ltr'>stultissime,</span> 
     </span>
     <span class='ocr_line' id='line_1_30' title="bbox 332 2624 1072 2665; baseline 0.003 -3"><span class='ocrx_word' id='word_1_200' title='bbox 332 2624 394 2662; x_wconf 90' lang='lat' dir='ltr'>Ne</span> <span class='ocrx_word' id='word_1_201' title='bbox 427 2634 514 2663; x_wconf 87' lang='lat' dir='ltr'>non</span> <span class='ocrx_word' id='word_1_202' title='bbox 546 2624 625 2663; x_wconf 92' lang='lat' dir='ltr'>tibi</span> <span class='ocrx_word' id='word_1_203' title='bbox 657 2625 769 2664; x_wconf 87' lang='lat' dir='ltr'>istuc</span> <span class='ocrx_word' id='word_1_204' title='bbox 800 2626 1072 2665; x_wconf 84' lang='lat' dir='ltr'>foeneraret?</span> 
     </span>
     <span class='ocr_line' id='line_1_31' title="bbox 213 2699 1782 2753; baseline 0.003 -16"><span class='ocrx_word' id='word_1_205' title='bbox 213 2699 474 2738; x_wconf 84' lang='lat' dir='ltr'>Sannionem</span> <span class='ocrx_word' id='word_1_206' title='bbox 522 2700 628 2739; x_wconf 91' lang='lat' dir='ltr'>haec</span> <span class='ocrx_word' id='word_1_207' title='bbox 674 2702 797 2749; x_wconf 88' lang='lat' dir='ltr'>rogat</span> <span class='ocrx_word' id='word_1_208' title='bbox 846 2701 992 2750; x_wconf 83' lang='lat' dir='ltr'>Syrus.</span> <span class='ocrx_word' id='word_1_209' title='bbox 1043 2702 1205 2741; x_wconf 84' lang='lat' dir='ltr'>Schol.:</span> <span class='ocrx_word' id='word_1_210' title='bbox 1253 2702 1385 2751; x_wconf 87' lang='lat' dir='ltr'>„bene</span> <span class='ocrx_word' id='word_1_211' title='bbox 1426 2703 1519 2741; x_wconf 88' lang='lat' dir='ltr'>tuo</span> <span class='ocrx_word' id='word_1_212' title='bbox 1552 2702 1694 2753; x_wconf 88' lang='lat' dir='ltr'>iure,</span> <span class='ocrx_word' id='word_1_213' title='bbox 1728 2713 1782 2741; x_wconf 93' lang='lat' dir='ltr'>ne</span> 
     </span>
     <span class='ocr_line' id='line_1_32' title="bbox 213 2774 1778 2826; baseline 0.003 -14"><span class='ocrx_word' id='word_1_214' title='bbox 213 2774 394 2813; x_wconf 85' lang='lat' dir='ltr'>diceret:</span> <span class='ocrx_word' id='word_1_215' title='bbox 443 2786 547 2814; x_wconf 92' lang='lat' dir='ltr'>non</span> <span class='ocrx_word' id='word_1_216' title='bbox 595 2777 717 2815; x_wconf 89' lang='lat' dir='ltr'>erat</span> <span class='ocrx_word' id='word_1_217' title='bbox 763 2787 852 2815; x_wconf 91' lang='lat' dir='ltr'>res</span> <span class='ocrx_word' id='word_1_218' title='bbox 899 2787 1019 2815; x_wconf 92' lang='lat' dir='ltr'>mea</span> <span class='ocrx_word' id='word_1_219' title='bbox 1065 2788 1224 2826; x_wconf 89' lang='lat' dir='ltr'>quam</span> <span class='ocrx_word' id='word_1_220' title='bbox 1266 2778 1524 2817; x_wconf 89' lang='lat' dir='ltr'>venalem</span> <span class='ocrx_word' id='word_1_221' title='bbox 1567 2777 1778 2817; x_wconf 90' lang='lat' dir='ltr'>habui.”</span> 
     </span>
     <span class='ocr_line' id='line_1_33' title="bbox 214 2850 1776 2903; baseline 0.003 -15"><span class='ocrx_word' id='word_1_222' title='bbox 214 2850 436 2889; x_wconf 81' lang='lat' dir='ltr'>Sententia</span> <span class='ocrx_word' id='word_1_223' title='bbox 478 2852 566 2890; x_wconf 90' lang='lat' dir='ltr'>est:</span> <span class='ocrx_word' id='word_1_224' title='bbox 604 2851 866 2900; x_wconf 88' lang='lat' dir='ltr'>„periculum</span> <span class='ocrx_word' id='word_1_225' title='bbox 899 2853 991 2891; x_wconf 84' lang='lat' dir='ltr'>erat</span> <span class='ocrx_word' id='word_1_226' title='bbox 1020 2863 1075 2891; x_wconf 91' lang='lat' dir='ltr'>-ne</span> <span class='ocrx_word' id='word_1_227' title='bbox 1106 2852 1215 2901; x_wconf 90' lang='lat' dir='ltr'>leno,</span> <span class='ocrx_word' id='word_1_228' title='bbox 1249 2854 1298 2891; x_wconf 91' lang='lat' dir='ltr'>ut</span> <span class='ocrx_word' id='word_1_229' title='bbox 1329 2853 1373 2892; x_wconf 89' lang='lat' dir='ltr'>in</span> <span class='ocrx_word' id='word_1_230' title='bbox 1403 2853 1661 2892; x_wconf 90' lang='lat' dir='ltr'>Phormione</span> <span class='ocrx_word' id='word_1_231' title='bbox 1693 2853 1776 2903; x_wconf 71' lang='lat' dir='ltr'>ille,</span> 
     </span>
     <span class='ocr_line' id='line_1_34' title="bbox 214 2925 1226 2977; baseline 0.004 -14"><span class='ocrx_word' id='word_1_232' title='bbox 214 2925 395 2964; x_wconf 89' lang='lat' dir='ltr'>diceret:</span> <span class='ocrx_word' id='word_1_233' title='bbox 429 2936 515 2965; x_wconf 90' lang='lat' dir='ltr'>non</span> <span class='ocrx_word' id='word_1_234' title='bbox 546 2927 613 2966; x_wconf 91' lang='lat' dir='ltr'>est</span> <span class='ocrx_word' id='word_1_235' title='bbox 643 2937 754 2977; x_wconf 88' lang='lat' dir='ltr'>mea,</span> <span class='ocrx_word' id='word_1_236' title='bbox 789 2928 878 2968; x_wconf 88' lang='lat' dir='ltr'>iam</span> <span class='ocrx_word' id='word_1_237' title='bbox 908 2928 1080 2967; x_wconf 86' lang='lat' dir='ltr'>vendidi</span> <span class='ocrx_word' id='word_1_238' title='bbox 1111 2928 1226 2968; x_wconf 88' lang='lat' dir='ltr'>alii.&#39;’</span> 
     </span>
    </p>
   </div>
  </div>
 </body>
</html>
